<DATE>	<TIME>	<BID>	<ASK>	<LAST>	<VOLUME>	<FLAGS>
2026.02.06	00:03:30.644	0.77759	0.77846			6
2026.02.06	00:03:41.939		0.77878			4
2026.02.06	00:04:00.146	0.77759				2
2026.02.06	00:04:24.447		0.77846			4
2026.02.06	00:04:54.885		0.77878			4
2026.02.06	00:05:00.251	0.77759				2
2026.02.06	00:05:04.360	0.77758				2
2026.02.06	00:05:27.492		0.77847			4
2026.02.06	00:05:28.110	0.77756				2
2026.02.06	00:05:52.458	0.77755				2
2026.02.06	00:05:58.521		0.77880			4
2026.02.06	00:06:00.077	0.77755				2
2026.02.06	00:06:07.048	0.77754	0.77867			6
2026.02.06	00:06:12.672	0.77752				2
2026.02.06	00:06:22.825	0.77753				2
2026.02.06	00:06:24.082	0.77751				2
2026.02.06	00:06:34.120	0.77752				2
2026.02.06	00:06:39.234	0.77750				2
2026.02.06	00:06:49.312	0.77751				2
2026.02.06	00:06:58.420		0.77836			4
2026.02.06	00:07:00.005	0.77751				2
2026.02.06	00:07:29.230		0.77867			4
2026.02.06	00:08:00.299	0.77751				2
2026.02.06	00:08:15.156		0.77836			4
2026.02.06	00:08:45.652		0.77867			4
2026.02.06	00:09:00.175	0.77751				2
2026.02.06	00:09:02.986	0.77756				2
2026.02.06	00:09:09.000	0.77751				2
2026.02.06	00:09:19.130	0.77753				2
2026.02.06	00:09:24.172	0.77751				2
2026.02.06	00:09:26.421	0.77754	0.77881			6
2026.02.06	00:09:29.538	0.77753				2
2026.02.06	00:09:41.537	0.77754				2
2026.02.06	00:09:44.039		0.77846			4
2026.02.06	00:09:44.345	0.77752				2
2026.02.06	00:09:48.452	0.77753				2
2026.02.06	00:09:54.751	0.77751				2
2026.02.06	00:09:59.538	0.77750				2
2026.02.06	00:10:00.169	0.77769				2
2026.02.06	00:10:00.470	0.77777				2
2026.02.06	00:10:11.799	0.77773	0.77853			6
2026.02.06	00:10:26.288	0.77781	0.77861			6
2026.02.06	00:10:29.436	0.77782				2
2026.02.06	00:10:30.692	0.77781				2
2026.02.06	00:11:00.026	0.77781				2
2026.02.06	00:11:00.347	0.77773	0.77853			6
2026.02.06	00:11:07.955	0.77777	0.77845			6
2026.02.06	00:11:14.553	0.77773	0.77853			6
2026.02.06	00:11:15.507	0.77777	0.77845			6
2026.02.06	00:11:20.600	0.77773	0.77853			6
2026.02.06	00:11:21.833	0.77777	0.77845			6
2026.02.06	00:11:26.874	0.77781	0.77860			6
2026.02.06	00:11:27.846	0.77777	0.77845			6
2026.02.06	00:11:32.920	0.77781	0.77861			6
2026.02.06	00:11:33.872	0.77777	0.77845			6
2026.02.06	00:11:37.036		0.77866			4
2026.02.06	00:11:38.966	0.77781	0.77861			6
2026.02.06	00:11:40.199	0.77777	0.77866			6
2026.02.06	00:12:00.044	0.77777				2
2026.02.06	00:12:00.368		0.77850			4
2026.02.06	00:12:09.292		0.77845			4
2026.02.06	00:12:39.934		0.77866			4
2026.02.06	00:12:48.691	0.77781	0.77862			6
2026.02.06	00:12:49.298		0.77863			4
2026.02.06	00:12:53.397	0.77777	0.77866			6
2026.02.06	00:12:54.643	0.77778				2
2026.02.06	00:13:00.012	0.77778				2
2026.02.06	00:13:00.315	0.77777	0.77849			6
2026.02.06	00:13:05.377		0.77866			4
2026.02.06	00:13:05.701	0.77778				2
2026.02.06	00:13:08.209	0.77777	0.77849			6
2026.02.06	00:13:26.480		0.77866			4
2026.02.06	00:13:26.802	0.77778				2
2026.02.06	00:13:32.493	0.77779	0.77858			6
2026.02.06	00:13:40.037		0.77845			4
2026.02.06	00:13:46.640	0.77778				2
2026.02.06	00:13:47.569	0.77779				2
2026.02.06	00:14:00.088	0.77779				2
2026.02.06	00:14:00.395	0.77777				2
2026.02.06	00:14:04.856	0.77778				2
2026.02.06	00:14:11.460		0.77849			4
2026.02.06	00:14:18.063		0.77845			4
2026.02.06	00:14:26.536	0.77779				2
2026.02.06	00:14:27.444	0.77780				2
2026.02.06	00:14:48.982		0.77857			4
2026.02.06	00:14:55.587	0.77779	0.77864			6
2026.02.06	00:14:56.532	0.77780	0.77860			6
2026.02.06	00:15:00.269	0.77775	0.77851			6
2026.02.06	00:15:02.151		0.77852			4
2026.02.06	00:15:04.988	0.77774				2
2026.02.06	00:15:07.520		0.77851			4
2026.02.06	00:15:08.450	0.77775				2
2026.02.06	00:15:16.258	0.77776				2
2026.02.06	00:15:19.071	0.77780	0.77846			6
2026.02.06	00:15:25.659	0.77779	0.77847			6
2026.02.06	00:15:26.286	0.77782	0.77848			6
2026.02.06	00:15:27.541	0.77792				2
2026.02.06	00:15:43.234	0.77793	0.77847			6
2026.02.06	00:15:43.858		0.77845			4
2026.02.06	00:16:00.238	0.77793				2
2026.02.06	00:16:03.089	0.77787	0.77840			6
2026.02.06	00:16:07.208		0.77839			4
2026.02.06	00:16:23.523	0.77788				2
2026.02.06	00:16:26.376	0.77794	0.77845			6
2026.02.06	00:16:48.665		0.77846			4
2026.02.06	00:17:00.287	0.77789	0.77838			6
2026.02.06	00:17:20.697		0.77837			4
2026.02.06	00:17:26.429	0.77795	0.77845			6
2026.02.06	00:17:48.385	0.77794				2
2026.02.06	00:18:00.304	0.77790	0.77836			6
2026.02.06	00:18:11.332	0.77791				2
2026.02.06	00:18:26.438	0.77795	0.77845			6
2026.02.06	00:19:00.012	0.77795				2
2026.02.06	00:19:00.336	0.77791	0.77836			6
2026.02.06	00:19:22.634	0.77793	0.77834			6
2026.02.06	00:19:26.428		0.77847			4
2026.02.06	00:19:28.915	0.77794	0.77846			6
2026.02.06	00:19:33.074		0.77844			4
2026.02.06	00:19:41.203	0.77793				2
2026.02.06	00:20:00.086	0.77793				2
2026.02.06	00:20:00.390	0.77792	0.77834			6
2026.02.06	00:20:04.878		0.77835			4
2026.02.06	00:20:05.527	0.77793	0.77847			6
2026.02.06	00:20:08.067	0.77792	0.77834			6
2026.02.06	00:20:13.112		0.77835			4
2026.02.06	00:20:26.536	0.77793	0.77847			6
2026.02.06	00:20:28.114	0.77784	0.77833			6
2026.02.06	00:20:42.940		0.77832			4
2026.02.06	00:20:55.531		0.77829			4
2026.02.06	00:21:00.220	0.77778				2
2026.02.06	00:21:26.291	0.77785				2
2026.02.06	00:21:26.613		0.77831			4
2026.02.06	00:21:27.218		0.77832			4
2026.02.06	00:21:33.535		0.77829			4
2026.02.06	00:22:00.249	0.77778				2
2026.02.06	00:22:04.026		0.77831			4
2026.02.06	00:22:25.760	0.77779				2
2026.02.06	00:22:26.388	0.77786				2
2026.02.06	00:22:33.259		0.77829			4
2026.02.06	00:22:33.583	0.77785				2
2026.02.06	00:23:00.214	0.77785				2
2026.02.06	00:23:03.032	0.77778				2
2026.02.06	00:23:03.335	0.77779				2
2026.02.06	00:23:04.588		0.77831			4
2026.02.06	00:23:26.539	0.77786				2
2026.02.06	00:23:41.431	0.77785				2
2026.02.06	00:23:50.564		0.77829			4
2026.02.06	00:23:52.766	0.77786				2
2026.02.06	00:24:00.016	0.77786				2
2026.02.06	00:24:00.342	0.77778				2
2026.02.06	00:24:08.818	0.77779				2
2026.02.06	00:24:21.715		0.77830			4
2026.02.06	00:24:26.452	0.77787				2
2026.02.06	00:24:27.733	0.77786	0.77831			6
2026.02.06	00:25:00.287	0.77779	0.77830			6
2026.02.06	00:25:12.564		0.77829			4
2026.02.06	00:25:17.282	0.77783				2
2026.02.06	00:25:26.384	0.77786				2
2026.02.06	00:25:42.992		0.77831			4
2026.02.06	00:25:46.498		0.77830			4
2026.02.06	00:26:00.003	0.77786				2
2026.02.06	00:26:00.329	0.77782				2
2026.02.06	00:26:08.481	0.77783				2
2026.02.06	00:26:26.352	0.77787				2
2026.02.06	00:26:28.253	0.77786				2
2026.02.06	00:26:38.078		0.77831			4
2026.02.06	00:26:40.262		0.77829			4
2026.02.06	00:26:41.868	0.77790	0.77827			6
2026.02.06	00:26:42.171	0.77789				2
2026.02.06	00:27:00.065	0.77789				2
2026.02.06	00:27:00.385	0.77784	0.77824			6
2026.02.06	00:27:05.430	0.77790	0.77826			6
2026.02.06	00:27:08.221	0.77783	0.77824			6
2026.02.06	00:27:08.544	0.77784				2
2026.02.06	00:27:26.471	0.77791	0.77826			6
2026.02.06	00:28:00.298	0.77784	0.77823			6
2026.02.06	00:28:26.537	0.77792	0.77825			6
2026.02.06	00:29:00.303	0.77784	0.77823			6
2026.02.06	00:29:11.720		0.77822			4
2026.02.06	00:29:16.830	0.77781				2
2026.02.06	00:29:17.438	0.77780				2
2026.02.06	00:29:26.538	0.77792	0.77824			6
2026.02.06	00:29:52.830	0.77793				2
2026.02.06	00:30:00.055	0.77793				2
2026.02.06	00:30:03.241	0.77781	0.77822			6
2026.02.06	00:30:14.600		0.77823			4
2026.02.06	00:30:23.780		0.77822			4
2026.02.06	00:30:26.308	0.77793	0.77824			6
2026.02.06	00:30:33.850		0.77823			4
2026.02.06	00:30:36.393	0.77791	0.77826			6
2026.02.06	00:30:36.709	0.77792	0.77825			6
2026.02.06	00:30:38.602	0.77794	0.77823			6
2026.02.06	00:30:39.227	0.77793	0.77824			6
2026.02.06	00:30:41.454	0.77790	0.77826			6
2026.02.06	00:30:46.478	0.77791				2
2026.02.06	00:30:50.853	0.77790				2
2026.02.06	00:30:51.168	0.77791	0.77847			6
2026.02.06	00:30:53.732		0.77842			4
2026.02.06	00:31:00.049	0.77791				2
2026.02.06	00:31:00.352	0.77790	0.77836			6
2026.02.06	00:31:01.950	0.77791				2
2026.02.06	00:31:02.883		0.77835			4
2026.02.06	00:31:06.970	0.77792				2
2026.02.06	00:31:26.285	0.77791	0.77837			6
2026.02.06	00:31:26.600		0.77842			4
2026.02.06	00:31:53.571	0.77793	0.77840			6
2026.02.06	00:31:56.434	0.77794	0.77839			6
2026.02.06	00:31:59.272	0.77795				2
2026.02.06	00:32:00.199	0.77790	0.77837			6
2026.02.06	00:32:01.450	0.77791	0.77835			6
2026.02.06	00:32:01.754	0.77790	0.77836			6
2026.02.06	00:32:02.381		0.77834			4
2026.02.06	00:32:26.271	0.77792				2
2026.02.06	00:32:26.575		0.77842			4
2026.02.06	00:32:38.935	0.77791				2
2026.02.06	00:32:59.253	0.77792				2
2026.02.06	00:33:00.182	0.77790	0.77836			6
2026.02.06	00:33:15.044	0.77791	0.77834			6
2026.02.06	00:33:26.615		0.77836			4
2026.02.06	00:33:28.191		0.77842			4
2026.02.06	00:33:29.490	0.77792	0.77841			6
2026.02.06	00:33:32.976		0.77835			4
2026.02.06	00:33:43.126	0.77791				2
2026.02.06	00:33:57.109	0.77792				2
2026.02.06	00:34:00.313	0.77791				2
2026.02.06	00:34:00.615		0.77829			4
2026.02.06	00:34:05.336	0.77792	0.77835			6
2026.02.06	00:34:08.242	0.77791				2
2026.02.06	00:34:08.566		0.77830			4
2026.02.06	00:34:17.049		0.77829			4
2026.02.06	00:34:19.228	0.77790				2
2026.02.06	00:34:22.671	0.77788				2
2026.02.06	00:34:24.855	0.77789				2
2026.02.06	00:34:25.809	0.77785	0.77831			6
2026.02.06	00:34:26.463	0.77789	0.77842			6
2026.02.06	00:34:26.764	0.77788				2
2026.02.06	00:35:00.077	0.77788				2
2026.02.06	00:35:00.402	0.77787	0.77827			6
2026.02.06	00:35:09.228	0.77786				2
2026.02.06	00:35:26.442	0.77788	0.77835			6
2026.02.06	00:35:29.599	0.77789				2
2026.02.06	00:35:47.356	0.77790				2
2026.02.06	00:35:56.141	0.77789				2
2026.02.06	00:35:59.583	0.77790				2
2026.02.06	00:36:00.211	0.77789	0.77827			6
2026.02.06	00:36:11.801	0.77788				2
2026.02.06	00:36:18.100	0.77789				2
2026.02.06	00:36:26.280	0.77790				2
2026.02.06	00:36:26.596		0.77835			4
2026.02.06	00:37:00.059	0.77790				2
2026.02.06	00:37:03.148	0.77789	0.77827			6
2026.02.06	00:37:26.311	0.77790	0.77835			6
2026.02.06	00:38:00.168	0.77790				2
2026.02.06	00:38:00.470	0.77788	0.77827			6
2026.02.06	00:38:07.652	0.77787				2
2026.02.06	00:38:33.828	0.77788				2
2026.02.06	00:39:00.072	0.77788				2
2026.02.06	00:39:00.699		0.77827			4
2026.02.06	00:40:00.139	0.77788				2
2026.02.06	00:40:00.768		0.77827			4
2026.02.06	00:40:09.613		0.77826			4
2026.02.06	00:40:19.957	0.77789	0.77825			6
2026.02.06	00:40:39.125	0.77788				2
2026.02.06	00:41:00.187	0.77788				2
2026.02.06	00:41:03.325	0.77789				2
2026.02.06	00:41:20.049		0.77825			4
2026.02.06	00:41:22.587	0.77788				2
2026.02.06	00:41:25.435	0.77789	0.77831			6
2026.02.06	00:41:58.842		0.77827			4
2026.02.06	00:41:59.144		0.77831			4
2026.02.06	00:41:59.447	0.77788	0.77825			6
2026.02.06	00:42:00.072	0.77788				2
2026.02.06	00:42:05.725	0.77787	0.77828			6
2026.02.06	00:42:06.369	0.77786	0.77826			6
2026.02.06	00:42:21.499	0.77787				2
2026.02.06	00:42:25.259	0.77788				2
2026.02.06	00:42:25.563		0.77830			4
2026.02.06	00:42:27.447	0.77789				2
2026.02.06	00:42:49.190		0.77834			4
2026.02.06	00:42:58.648	0.77788	0.77826			6
2026.02.06	00:43:00.227	0.77788				2
2026.02.06	00:43:06.477	0.77787				2
2026.02.06	00:43:25.343	0.77788	0.77829			6
2026.02.06	00:43:25.645		0.77835			4
2026.02.06	00:43:58.816		0.77825			4
2026.02.06	00:44:00.041	0.77788				2
2026.02.06	00:44:00.344	0.77789	0.77830			6
2026.02.06	00:44:00.653		0.77834			4
2026.02.06	00:44:03.159	0.77788	0.77825			6
2026.02.06	00:44:06.304	0.77787	0.77826			6
2026.02.06	00:44:18.478	0.77786	0.77827			6
2026.02.06	00:44:26.403	0.77788	0.77833			6
2026.02.06	00:44:32.375	0.77789				2
2026.02.06	00:44:38.413	0.77787	0.77834			6
2026.02.06	00:44:39.691	0.77789				2
2026.02.06	00:44:47.864	0.77790				2
2026.02.06	00:44:51.642	0.77791	0.77832			6
2026.02.06	00:44:54.793	0.77792				2
2026.02.06	00:45:00.104	0.77792				2
2026.02.06	00:45:00.420	0.77790	0.77824			6
2026.02.06	00:45:00.724		0.77823			4
2026.02.06	00:45:02.600		0.77824			4
2026.02.06	00:45:02.918	0.77770	0.77829			6
2026.02.06	00:45:06.694	0.77789	0.77825			6
2026.02.06	00:45:21.897		0.77824			4
2026.02.06	00:45:27.145	0.77790				2
2026.02.06	00:45:38.703	0.77789				2
2026.02.06	00:45:54.142	0.77790				2
2026.02.06	00:45:58.456	0.77784	0.77828			6
2026.02.06	00:46:10.106	0.77784				2
2026.02.06	00:46:13.541	0.77786				2
2026.02.06	00:46:14.712	0.77785				2
2026.02.06	00:46:25.404	0.77786	0.77827			6
2026.02.06	00:46:34.480		0.77828			4
2026.02.06	00:46:38.474	0.77785				2
2026.02.06	00:46:41.415	0.77782	0.77831			6
2026.02.06	00:46:45.896	0.77781	0.77832			6
2026.02.06	00:46:54.121		0.77833			4
2026.02.06	00:47:02.254	0.77780				2
2026.02.06	00:47:03.233	0.77772	0.77831			6
2026.02.06	00:47:06.678	0.77780	0.77833			6
2026.02.06	00:47:09.358	0.77779	0.77834			6
2026.02.06	00:47:13.185	0.77777	0.77836			6
2026.02.06	00:47:15.596		0.77837			4
2026.02.06	00:47:19.497	0.77776				2
2026.02.06	00:47:27.997	0.77772	0.77841			6
2026.02.06	00:47:33.259	0.77775	0.77838			6
2026.02.06	00:47:49.721	0.77774				2
2026.02.06	00:48:02.369	0.77774				2
2026.02.06	00:48:04.042		0.77839			4
2026.02.06	00:48:04.718	0.77775				2
2026.02.06	00:48:08.497		0.77838			4
2026.02.06	00:48:11.683	0.77777	0.77836			6
2026.02.06	00:48:27.296		0.77837			4
2026.02.06	00:48:32.997		0.77836			4
2026.02.06	00:48:59.420	0.77778				2
2026.02.06	00:49:01.357	0.77778				2
2026.02.06	00:49:25.200		0.77835			4
2026.02.06	00:49:34.618	0.77777	0.77836			6
2026.02.06	00:49:56.996		0.77837			4
2026.02.06	00:50:00.341	0.77777				2
2026.02.06	00:50:00.950	0.77776				2
2026.02.06	00:50:02.697	0.77777				2
2026.02.06	00:50:05.021		0.77836			4
2026.02.06	00:50:08.995		0.77837			4
2026.02.06	00:50:13.661	0.77776	0.77838			6
2026.02.06	00:50:14.896	0.77777	0.77837			6
2026.02.06	00:50:18.149		0.77836			4
2026.02.06	00:50:28.654	0.77776	0.77837			6
2026.02.06	00:50:29.356	0.77778	0.77836			6
2026.02.06	00:50:30.940	0.77781	0.77833			6
2026.02.06	00:50:33.499		0.77832			4
2026.02.06	00:50:34.496		0.77833			4
2026.02.06	00:50:47.097		0.77832			4
2026.02.06	00:51:01.897	0.77781				2
2026.02.06	00:51:28.426	0.77783	0.77838			6
2026.02.06	00:51:28.863		0.77831			4
2026.02.06	00:51:32.322	0.77782				2
2026.02.06	00:51:36.563	0.77772				2
2026.02.06	00:51:37.512	0.77782				2
2026.02.06	00:51:46.196		0.77832			4
2026.02.06	00:51:59.419		0.77831			4
2026.02.06	00:52:00.477	0.77782				2
2026.02.06	00:52:19.883	0.77783	0.77830			6
2026.02.06	00:52:22.579		0.77831			4
2026.02.06	00:52:29.421	0.77782				2
2026.02.06	00:52:46.166	0.77781	0.77832			6
2026.02.06	00:52:47.239	0.77780	0.77833			6
2026.02.06	00:52:49.637	0.77779	0.77834			6
2026.02.06	00:52:58.654	0.77780	0.77833			6
2026.02.06	00:52:59.421	0.77781				2
2026.02.06	00:53:01.358	0.77781				2
2026.02.06	00:53:18.297		0.77832			4
2026.02.06	00:53:27.758		0.77833			4
2026.02.06	00:53:30.802		0.77832			4
2026.02.06	00:54:02.397	0.77782				2
2026.02.06	00:54:05.998	0.77781				2
2026.02.06	00:54:14.998	0.77782				2
2026.02.06	00:54:16.497		0.77831			4
2026.02.06	00:54:28.451	0.77783				2
2026.02.06	00:54:28.808	0.77782				2
2026.02.06	00:54:29.120	0.77784	0.77838			6
2026.02.06	00:54:29.642	0.77785				2
2026.02.06	00:54:29.997	0.77786				2
2026.02.06	00:54:30.345	0.77784				2
2026.02.06	00:54:30.824	0.77786				2
2026.02.06	00:54:37.799		0.77837			4
2026.02.06	00:54:39.305	0.77785	0.77838			6
2026.02.06	00:54:39.666		0.77829			4
2026.02.06	00:54:41.015	0.77784				2
2026.02.06	00:54:41.499	0.77785	0.77828			6
2026.02.06	00:54:59.420		0.77829			4
2026.02.06	00:55:00.324	0.77784	0.77830			6
2026.02.06	00:55:06.877	0.77785	0.77829			6
2026.02.06	00:55:07.820	0.77784				2
2026.02.06	00:55:12.390	0.77781	0.77832			6
2026.02.06	00:55:16.197		0.77833			4
2026.02.06	00:55:36.597		0.77832			4
2026.02.06	00:55:41.096	0.77780	0.77833			6
2026.02.06	00:55:56.997	0.77781				2
2026.02.06	00:56:01.797	0.77781	0.77832			6
2026.02.06	00:56:04.657	0.77780	0.77833			6
2026.02.06	00:56:31.019		0.77834			4
2026.02.06	00:56:31.796	0.77781	0.77833			6
2026.02.06	00:56:44.421	0.77782	0.77832			6
2026.02.06	00:56:47.396	0.77781				2
2026.02.06	00:56:50.304	0.77773	0.77839			6
2026.02.06	00:56:52.497	0.77772				2
2026.02.06	00:56:53.960	0.77773				2
2026.02.06	00:56:58.652	0.77774				2
2026.02.06	00:56:59.136	0.77777	0.77836			6
2026.02.06	00:57:00.018	0.77772	0.77839			6
2026.02.06	00:57:01.137	0.77776	0.77837			6
2026.02.06	00:57:02.996	0.77772	0.77839			6
2026.02.06	00:57:05.138	0.77776	0.77837			6
2026.02.06	00:57:11.138	0.77772	0.77839			6
2026.02.06	00:57:13.652	0.77776	0.77837			6
2026.02.06	00:57:13.997	0.77772	0.77839			6
2026.02.06	00:57:16.198	0.77771				2
2026.02.06	00:57:17.002		0.77842			4
2026.02.06	00:57:18.089	0.77772				2
2026.02.06	00:57:19.196	0.77771				2
2026.02.06	00:57:19.542	0.77769	0.77845			6
2026.02.06	00:57:23.997	0.77774	0.77839			6
2026.02.06	00:57:24.789	0.77770	0.77844			6
2026.02.06	00:57:27.297		0.77843			4
2026.02.06	00:57:29.137	0.77774	0.77839			6
2026.02.06	00:57:32.138	0.77769	0.77844			6
2026.02.06	00:57:35.136	0.77774	0.77839			6
2026.02.06	00:57:38.137	0.77769	0.77844			6
2026.02.06	00:57:41.136	0.77773	0.77840			6
2026.02.06	00:57:42.876		0.77839			4
2026.02.06	00:57:43.652	0.77768				2
2026.02.06	00:57:44.421	0.77770				2
2026.02.06	00:57:46.138	0.77775	0.77838			6
2026.02.06	00:57:47.025	0.77771	0.77839			6
2026.02.06	00:57:51.597	0.77770				2
2026.02.06	00:57:58.652	0.77775				2
2026.02.06	00:58:01.497	0.77774				2
2026.02.06	00:58:09.596	0.77775				2
2026.02.06	00:58:10.000	0.77771				2
2026.02.06	00:58:13.299		0.77842			4
2026.02.06	00:58:14.423	0.77772	0.77841			6
2026.02.06	00:58:23.015	0.77773				2
2026.02.06	00:58:32.698		0.77839			4
2026.02.06	00:58:34.398	0.77770				2
2026.02.06	00:58:41.099	0.77767				2
2026.02.06	00:58:43.917	0.77769				2
2026.02.06	00:58:44.421	0.77771				2
2026.02.06	00:58:56.341	0.77770				2
2026.02.06	00:58:59.422	0.77771				2
2026.02.06	00:59:00.476	0.77771				2
2026.02.06	00:59:03.043		0.77842			4
2026.02.06	00:59:07.649	0.77776	0.77837			6
2026.02.06	00:59:08.332	0.77771	0.77842			6
2026.02.06	00:59:14.100		0.77843			4
2026.02.06	00:59:14.468	0.77770				2
2026.02.06	00:59:19.674	0.77767	0.77845			6
2026.02.06	00:59:20.060	0.77770	0.77843			6
2026.02.06	00:59:23.224	0.77769	0.77845			6
2026.02.06	00:59:27.840	0.77768				2
2026.02.06	00:59:32.832	0.77769				2
2026.02.06	00:59:34.472	0.77772	0.77842			6
2026.02.06	00:59:39.143	0.77773	0.77841			6
2026.02.06	00:59:53.553		0.77838			4
2026.02.06	00:59:59.319	0.77772				2
2026.02.06	01:00:00.307	0.77778	0.77837			6
2026.02.06	01:00:00.621	0.77780	0.77829			6
2026.02.06	01:00:00.953		0.77834			4
2026.02.06	01:00:01.347		0.77825			4
2026.02.06	01:00:01.657		0.77827			4
2026.02.06	01:00:01.960		0.77828			4
2026.02.06	01:00:02.344	0.77782	0.77825			6
2026.02.06	01:00:02.666	0.77779				2
2026.02.06	01:00:03.067	0.77781				2
2026.02.06	01:00:03.775	0.77772	0.77841			6
2026.02.06	01:00:05.975	0.77771	0.77836			6
2026.02.06	01:00:06.281	0.77772	0.77835			6
2026.02.06	01:00:06.585		0.77836			4
2026.02.06	01:00:07.213	0.77773	0.77835			6
2026.02.06	01:00:07.518	0.77780	0.77821			6
2026.02.06	01:00:09.479	0.77782				2
2026.02.06	01:00:10.241	0.77781				2
2026.02.06	01:00:10.570	0.77779				2
2026.02.06	01:00:10.948		0.77822			4
2026.02.06	01:00:11.262	0.77780	0.77821			6
2026.02.06	01:00:11.727	0.77779				2
2026.02.06	01:00:12.215		0.77832			4
2026.02.06	01:00:12.729		0.77821			4
2026.02.06	01:00:13.274	0.77780				2
2026.02.06	01:00:13.582	0.77781				2
2026.02.06	01:00:13.922	0.77780				2
2026.02.06	01:00:14.226	0.77782				2
2026.02.06	01:00:15.407	0.77779				2
2026.02.06	01:00:15.722	0.77782	0.77822			6
2026.02.06	01:00:16.072	0.77778	0.77825			6
2026.02.06	01:00:16.399	0.77777				2
2026.02.06	01:00:17.023	0.77779				2
2026.02.06	01:00:20.378	0.77778				2
2026.02.06	01:00:20.790	0.77779				2
2026.02.06	01:00:21.425		0.77822			4
2026.02.06	01:00:21.900		0.77819			4
2026.02.06	01:00:23.439	0.77778				2
2026.02.06	01:00:23.836	0.77780				2
2026.02.06	01:00:25.710	0.77779				2
2026.02.06	01:00:26.869		0.77816			4
2026.02.06	01:00:27.700	0.77778				2
2026.02.06	01:00:28.874	0.77776				2
2026.02.06	01:00:31.680	0.77778				2
2026.02.06	01:00:32.162	0.77777				2
2026.02.06	01:00:35.442	0.77778				2
2026.02.06	01:00:35.988	0.77783	0.77819			6
2026.02.06	01:00:36.300	0.77782				2
2026.02.06	01:00:37.074	0.77783				2
2026.02.06	01:00:40.492	0.77784				2
2026.02.06	01:00:41.492	0.77786				2
2026.02.06	01:00:43.012	0.77785				2
2026.02.06	01:00:47.171	0.77782				2
2026.02.06	01:00:58.665	0.77792	0.77822			6
2026.02.06	01:00:59.006	0.77794	0.77824			6
2026.02.06	01:00:59.319	0.77795	0.77830			6
2026.02.06	01:00:59.685	0.77796	0.77821			6
2026.02.06	01:01:00.012	0.77799	0.77824			6
2026.02.06	01:01:00.321		0.77821			4
2026.02.06	01:01:01.720		0.77822			4
2026.02.06	01:01:02.141		0.77821			4
2026.02.06	01:01:02.463		0.77822			4
2026.02.06	01:01:02.792		0.77821			4
2026.02.06	01:01:05.810		0.77831			4
2026.02.06	01:01:09.160	0.77800	0.77826			6
2026.02.06	01:01:09.844	0.77799	0.77830			6
2026.02.06	01:01:10.506	0.77798	0.77829			6
2026.02.06	01:01:11.317	0.77799				2
2026.02.06	01:01:11.673	0.77798				2
2026.02.06	01:01:12.617	0.77788	0.77832			6
2026.02.06	01:01:13.046	0.77798	0.77830			6
2026.02.06	01:01:24.438	0.77794	0.77825			6
2026.02.06	01:01:24.748	0.77790	0.77823			6
2026.02.06	01:01:25.062	0.77791	0.77821			6
2026.02.06	01:01:28.030	0.77789	0.77822			6
2026.02.06	01:01:30.343	0.77791	0.77821			6
2026.02.06	01:01:33.563	0.77793				2
2026.02.06	01:01:48.297	0.77790	0.77825			6
2026.02.06	01:01:49.237	0.77791				2
2026.02.06	01:01:50.449		0.77824			4
2026.02.06	01:01:50.802		0.77825			4
2026.02.06	01:01:51.320	0.77792				2
2026.02.06	01:01:51.731		0.77824			4
2026.02.06	01:01:52.175	0.77791				2
2026.02.06	01:01:52.483	0.77793	0.77826			6
2026.02.06	01:01:53.349		0.77827			4
2026.02.06	01:01:53.695		0.77824			4
2026.02.06	01:01:54.592		0.77826			4
2026.02.06	01:01:55.601		0.77824			4
2026.02.06	01:01:57.376		0.77823			4
2026.02.06	01:02:00.045	0.77793	0.77824			6
2026.02.06	01:02:00.450	0.77794				2
2026.02.06	01:02:01.553	0.77796				2
2026.02.06	01:02:04.161		0.77825			4
2026.02.06	01:02:05.539		0.77824			4
2026.02.06	01:02:06.437	0.77795	0.77826			6
2026.02.06	01:02:09.600	0.77796				2
2026.02.06	01:02:11.284		0.77824			4
2026.02.06	01:02:30.768	0.77797				2
2026.02.06	01:02:32.784	0.77796				2
2026.02.06	01:02:38.740		0.77826			4
2026.02.06	01:02:43.808	0.77798				2
2026.02.06	01:02:45.395		0.77824			4
2026.02.06	01:02:56.451	0.77792	0.77823			6
2026.02.06	01:02:56.809	0.77794	0.77824			6
2026.02.06	01:02:57.270	0.77792				2
2026.02.06	01:02:57.770	0.77794				2
2026.02.06	01:03:00.194	0.77792	0.77822			6
2026.02.06	01:03:00.568	0.77793	0.77824			6
2026.02.06	01:03:01.668		0.77825			4
2026.02.06	01:03:03.273		0.77824			4
2026.02.06	01:03:13.433		0.77823			4
2026.02.06	01:03:17.252	0.77794	0.77821			6
2026.02.06	01:03:34.773	0.77793	0.77826			6
2026.02.06	01:03:43.347	0.77795				2
2026.02.06	01:03:50.305	0.77793				2
2026.02.06	01:03:50.630	0.77792				2
2026.02.06	01:03:59.080		0.77825			4
2026.02.06	01:04:00.686	0.77791	0.77822			6
2026.02.06	01:04:03.356		0.77821			4
2026.02.06	01:04:06.735	0.77792				2
2026.02.06	01:04:10.160		0.77822			4
2026.02.06	01:04:15.132	0.77782	0.77828			6
2026.02.06	01:04:18.628	0.77791	0.77822			6
2026.02.06	01:04:26.991	0.77792	0.77823			6
2026.02.06	01:04:32.216	0.77788	0.77815			6
2026.02.06	01:04:32.519	0.77787	0.77817			6
2026.02.06	01:04:38.239	0.77779	0.77822			6
2026.02.06	01:04:41.690	0.77787	0.77817			6
2026.02.06	01:04:44.777		0.77818			4
2026.02.06	01:04:46.260	0.77788	0.77815			6
2026.02.06	01:05:00.382	0.77789				2
2026.02.06	01:05:02.304	0.77788				2
2026.02.06	01:05:05.789	0.77787	0.77818			6
2026.02.06	01:05:14.187	0.77789				2
2026.02.06	01:05:15.803		0.77815			4
2026.02.06	01:05:16.778	0.77788				2
2026.02.06	01:05:18.424		0.77816			4
2026.02.06	01:05:21.779	0.77789				2
2026.02.06	01:05:27.244	0.77788	0.77819			6
2026.02.06	01:05:28.779	0.77790	0.77818			6
2026.02.06	01:05:34.948		0.77816			4
2026.02.06	01:05:37.670		0.77818			4
2026.02.06	01:05:40.165		0.77821			4
2026.02.06	01:05:41.492	0.77789	0.77820			6
2026.02.06	01:05:42.779	0.77790	0.77821			6
2026.02.06	01:05:43.115	0.77789				2
2026.02.06	01:05:45.138	0.77790	0.77820			6
2026.02.06	01:06:00.781	0.77790				2
2026.02.06	01:06:08.244	0.77791				2
2026.02.06	01:06:10.780	0.77790				2
2026.02.06	01:06:11.741	0.77791	0.77822			6
2026.02.06	01:06:15.781		0.77821			4
2026.02.06	01:06:17.992		0.77822			4
2026.02.06	01:06:23.333	0.77790	0.77821			6
2026.02.06	01:06:25.532	0.77791	0.77822			6
2026.02.06	01:06:32.856	0.77793	0.77821			6
2026.02.06	01:06:34.688	0.77791				2
2026.02.06	01:06:52.894	0.77790				2
2026.02.06	01:07:03.465	0.77790				2
2026.02.06	01:07:10.575		0.77820			4
2026.02.06	01:07:23.997		0.77821			4
2026.02.06	01:07:53.649		0.77820			4
2026.02.06	01:07:54.984		0.77821			4
2026.02.06	01:08:01.694	0.77801				2
2026.02.06	01:08:06.789		0.77817			4
2026.02.06	01:08:19.789	0.77796				2
2026.02.06	01:08:33.789	0.77798				2
2026.02.06	01:08:42.109	0.77796				2
2026.02.06	01:08:48.277	0.77798	0.77818			6
2026.02.06	01:08:48.782		0.77817			4
2026.02.06	01:09:00.475	0.77798				2
2026.02.06	01:09:03.275		0.77816			4
2026.02.06	01:09:29.171		0.77821			4
2026.02.06	01:09:30.917		0.77822			4
2026.02.06	01:09:35.595	0.77796	0.77820			6
2026.02.06	01:09:38.668		0.77821			4
2026.02.06	01:09:39.535		0.77818			4
2026.02.06	01:10:00.049	0.77796				2
2026.02.06	01:10:27.038		0.77817			4
2026.02.06	01:10:28.615	0.77798				2
2026.02.06	01:10:30.479		0.77821			4
2026.02.06	01:10:30.797		0.77822			4
2026.02.06	01:10:33.008		0.77821			4
2026.02.06	01:10:37.660		0.77822			4
2026.02.06	01:10:38.161		0.77821			4
2026.02.06	01:10:42.911		0.77820			4
2026.02.06	01:10:44.160		0.77821			4
2026.02.06	01:11:00.140	0.77799				2
2026.02.06	01:11:01.357	0.77800				2
2026.02.06	01:11:01.662		0.77819			4
2026.02.06	01:11:02.162		0.77824			4
2026.02.06	01:11:12.361	0.77801				2
2026.02.06	01:11:13.986		0.77826			4
2026.02.06	01:11:20.285	0.77799	0.77823			6
2026.02.06	01:11:20.661	0.77800				2
2026.02.06	01:11:24.356	0.77801				2
2026.02.06	01:11:25.871		0.77827			4
2026.02.06	01:11:32.898		0.77826			4
2026.02.06	01:11:51.361		0.77824			4
2026.02.06	01:11:57.624	0.77798	0.77819			6
2026.02.06	01:12:00.803	0.77798				2
2026.02.06	01:12:02.376	0.77799	0.77821			6
2026.02.06	01:12:12.712		0.77819			4
2026.02.06	01:12:13.791		0.77821			4
2026.02.06	01:12:16.591	0.77801	0.77824			6
2026.02.06	01:12:19.302	0.77809	0.77825			6
2026.02.06	01:12:19.974		0.77823			4
2026.02.06	01:12:24.804		0.77825			4
2026.02.06	01:12:39.881		0.77826			4
2026.02.06	01:12:41.987	0.77808				2
2026.02.06	01:12:42.721		0.77824			4
2026.02.06	01:12:59.807	0.77807				2
2026.02.06	01:13:00.806	0.77807				2
2026.02.06	01:13:04.167		0.77826			4
2026.02.06	01:13:14.302		0.77825			4
2026.02.06	01:13:16.335	0.77808	0.77826			6
2026.02.06	01:13:25.280		0.77829			4
2026.02.06	01:13:27.424		0.77830			4
2026.02.06	01:13:31.984		0.77829			4
2026.02.06	01:13:36.020		0.77828			4
2026.02.06	01:13:40.372		0.77827			4
2026.02.06	01:13:42.018		0.77828			4
2026.02.06	01:13:42.369		0.77829			4
2026.02.06	01:14:01.464	0.77808				2
2026.02.06	01:14:05.268		0.77831			4
2026.02.06	01:14:18.636		0.77832			4
2026.02.06	01:14:19.276		0.77833			4
2026.02.06	01:14:23.641		0.77832			4
2026.02.06	01:14:24.884		0.77833			4
2026.02.06	01:14:31.030	0.77809	0.77832			6
2026.02.06	01:14:31.370	0.77810				2
2026.02.06	01:14:34.232		0.77833			4
2026.02.06	01:14:39.452	0.77808	0.77831			6
2026.02.06	01:14:44.445	0.77810	0.77832			6
2026.02.06	01:14:45.492		0.77833			4
2026.02.06	01:14:45.908		0.77835			4
2026.02.06	01:14:55.147		0.77833			4
2026.02.06	01:14:55.450	0.77811				2
2026.02.06	01:14:56.784		0.77834			4
2026.02.06	01:15:00.267	0.77811	0.77833			6
2026.02.06	01:15:03.376	0.77815	0.77830			6
2026.02.06	01:15:03.853		0.77829			4
2026.02.06	01:15:04.368		0.77830			4
2026.02.06	01:15:06.695	0.77816	0.77831			6
2026.02.06	01:15:09.703	0.77817				2
2026.02.06	01:15:10.068		0.77835			4
2026.02.06	01:15:11.006	0.77818				2
2026.02.06	01:15:14.907		0.77834			4
2026.02.06	01:15:17.173		0.77833			4
2026.02.06	01:15:19.816		0.77831			4
2026.02.06	01:15:20.191		0.77836			4
2026.02.06	01:15:20.815		0.77832			4
2026.02.06	01:15:21.235		0.77836			4
2026.02.06	01:15:22.433		0.77834			4
2026.02.06	01:15:28.280	0.77820	0.77835			6
2026.02.06	01:15:28.839		0.77834			4
2026.02.06	01:15:31.322	0.77818				2
2026.02.06	01:15:32.234		0.77832			4
2026.02.06	01:15:32.558		0.77834			4
2026.02.06	01:15:39.979	0.77820				2
2026.02.06	01:15:40.355	0.77818	0.77837			6
2026.02.06	01:15:41.709	0.77820				2
2026.02.06	01:15:42.047	0.77818				2
2026.02.06	01:15:43.816	0.77820				2
2026.02.06	01:15:44.816	0.77818				2
2026.02.06	01:15:47.406		0.77836			4
2026.02.06	01:15:51.677	0.77820	0.77837			6
2026.02.06	01:15:52.368		0.77838			4
2026.02.06	01:15:52.818	0.77818				2
2026.02.06	01:15:54.389		0.77839			4
2026.02.06	01:15:54.822		0.77837			4
2026.02.06	01:15:55.173		0.77839			4
2026.02.06	01:15:56.113		0.77837			4
2026.02.06	01:16:01.751	0.77818				2
2026.02.06	01:16:09.557		0.77836			4
2026.02.06	01:16:09.981	0.77817	0.77835			6
2026.02.06	01:16:19.240		0.77836			4
2026.02.06	01:16:26.569	0.77818				2
2026.02.06	01:16:26.881		0.77837			4
2026.02.06	01:16:40.699		0.77838			4
2026.02.06	01:16:46.198		0.77837			4
2026.02.06	01:16:48.221		0.77836			4
2026.02.06	01:17:00.870	0.77818				2
2026.02.06	01:17:03.461		0.77835			4
2026.02.06	01:17:04.396		0.77836			4
2026.02.06	01:17:05.679	0.77817	0.77834			6
2026.02.06	01:17:06.479		0.77833			4
2026.02.06	01:17:10.480		0.77834			4
2026.02.06	01:17:13.242		0.77833			4
2026.02.06	01:17:15.201	0.77815	0.77834			6
2026.02.06	01:17:15.898	0.77817				2
2026.02.06	01:17:17.141	0.77815	0.77835			6
2026.02.06	01:17:17.585		0.77834			4
2026.02.06	01:17:23.872	0.77817				2
2026.02.06	01:17:33.559		0.77833			4
2026.02.06	01:17:39.704		0.77834			4
2026.02.06	01:17:40.627	0.77819				2
2026.02.06	01:17:42.897		0.77833			4
2026.02.06	01:17:45.817	0.77821	0.77838			6
2026.02.06	01:17:47.648	0.77823	0.77839			6
2026.02.06	01:17:50.672		0.77838			4
2026.02.06	01:17:57.863		0.77839			4
2026.02.06	01:17:58.882		0.77837			4
2026.02.06	01:18:00.172	0.77823				2
2026.02.06	01:18:01.666		0.77838			4
2026.02.06	01:18:03.176		0.77836			4
2026.02.06	01:18:08.600		0.77837			4
2026.02.06	01:18:13.413	0.77821	0.77838			6
2026.02.06	01:18:14.508	0.77823				2
2026.02.06	01:18:15.188	0.77825	0.77839			6
2026.02.06	01:18:22.038	0.77821	0.77838			6
2026.02.06	01:18:25.292	0.77826	0.77839			6
2026.02.06	01:18:26.022		0.77840			4
2026.02.06	01:18:27.053		0.77841			4
2026.02.06	01:18:33.758		0.77842			4
2026.02.06	01:18:48.025		0.77843			4
2026.02.06	01:18:55.003		0.77842			4
2026.02.06	01:18:56.801		0.77841			4
2026.02.06	01:19:03.002	0.77826				2
2026.02.06	01:19:04.454	0.77827				2
2026.02.06	01:19:05.733	0.77828	0.77842			6
2026.02.06	01:19:09.424		0.77843			4
2026.02.06	01:19:10.124		0.77838			4
2026.02.06	01:19:26.566	0.77817	0.77843			6
2026.02.06	01:19:27.314	0.77828	0.77838			6
2026.02.06	01:19:41.130		0.77843			4
2026.02.06	01:19:45.829	0.77830	0.77846			6
2026.02.06	01:19:46.744	0.77828				2
2026.02.06	01:19:53.097		0.77845			4
2026.02.06	01:20:00.610	0.77828	0.77844			6
2026.02.06	01:20:02.148		0.77843			4
2026.02.06	01:20:02.833	0.77830	0.77844			6
2026.02.06	01:20:04.378	0.77828				2
2026.02.06	01:20:06.043	0.77830				2
2026.02.06	01:20:13.267		0.77843			4
2026.02.06	01:20:16.946	0.77828				2
2026.02.06	01:20:20.036		0.77838			4
2026.02.06	01:20:21.664	0.77829	0.77840			6
2026.02.06	01:20:24.699	0.77831	0.77843			6
2026.02.06	01:20:25.673	0.77829	0.77841			6
2026.02.06	01:20:26.796		0.77840			4
2026.02.06	01:20:28.165	0.77831	0.77843			6
2026.02.06	01:20:28.694	0.77822	0.77837			6
2026.02.06	01:20:29.175	0.77823	0.77834			6
2026.02.06	01:20:30.178		0.77833			4
2026.02.06	01:20:30.987		0.77832			4
2026.02.06	01:20:39.821	0.77820	0.77831			6
2026.02.06	01:20:40.420		0.77830			4
2026.02.06	01:20:40.835		0.77829			4
2026.02.06	01:20:44.663	0.77818	0.77828			6
2026.02.06	01:20:45.751		0.77827			4
2026.02.06	01:20:46.578	0.77819	0.77828			6
2026.02.06	01:20:47.689	0.77818				2
2026.02.06	01:20:50.531	0.77819	0.77839			6
2026.02.06	01:20:51.597	0.77818				2
2026.02.06	01:20:52.307	0.77819				2
2026.02.06	01:20:53.579	0.77823				2
2026.02.06	01:20:53.901	0.77822	0.77842			6
2026.02.06	01:21:00.101	0.77822				2
2026.02.06	01:21:05.229	0.77823	0.77843			6
2026.02.06	01:21:06.101		0.77842			4
2026.02.06	01:21:08.103	0.77822	0.77841			6
2026.02.06	01:21:14.101		0.77831			4
2026.02.06	01:21:22.363	0.77821				2
2026.02.06	01:21:22.831	0.77822				2
2026.02.06	01:21:23.153	0.77820	0.77830			6
2026.02.06	01:21:25.211		0.77829			4
2026.02.06	01:21:27.024	0.77817				2
2026.02.06	01:21:27.366	0.77816	0.77827			6
2026.02.06	01:21:27.838		0.77825			4
2026.02.06	01:21:28.547		0.77824			4
2026.02.06	01:21:29.597		0.77823			4
2026.02.06	01:21:30.743	0.77817	0.77825			6
2026.02.06	01:21:33.772	0.77818				2
2026.02.06	01:21:34.123		0.77826			4
2026.02.06	01:21:34.817	0.77817				2
2026.02.06	01:21:35.861		0.77825			4
2026.02.06	01:21:36.775	0.77818	0.77826			6
2026.02.06	01:21:43.356	0.77817	0.77825			6
2026.02.06	01:21:45.484		0.77835			4
2026.02.06	01:21:48.041	0.77816				2
2026.02.06	01:21:48.477	0.77815	0.77834			6
2026.02.06	01:21:53.844	0.77817	0.77835			6
2026.02.06	01:21:58.495		0.77834			4
2026.02.06	01:21:59.842		0.77835			4
2026.02.06	01:22:00.409	0.77817				2
2026.02.06	01:22:04.540	0.77819				2
2026.02.06	01:22:06.101	0.77816	0.77834			6
2026.02.06	01:22:06.422		0.77835			4
2026.02.06	01:22:06.834	0.77811	0.77833			6
2026.02.06	01:22:07.840		0.77831			4
2026.02.06	01:22:08.455		0.77832			4
2026.02.06	01:22:15.849	0.77810	0.77831			6
2026.02.06	01:22:16.162		0.77830			4
2026.02.06	01:22:25.587	0.77809				2
2026.02.06	01:22:30.093	0.77808				2
2026.02.06	01:22:33.854	0.77810				2
2026.02.06	01:22:37.266		0.77829			4
2026.02.06	01:22:39.492	0.77809				2
2026.02.06	01:22:40.253	0.77808	0.77828			6
2026.02.06	01:22:41.410		0.77829			4
2026.02.06	01:22:41.920	0.77809				2
2026.02.06	01:22:42.301		0.77828			4
2026.02.06	01:22:43.979	0.77808				2
2026.02.06	01:22:51.860	0.77809	0.77830			6
2026.02.06	01:22:52.240	0.77810	0.77831			6
2026.02.06	01:22:54.921		0.77829			4
2026.02.06	01:22:55.232	0.77809	0.77828			6
2026.02.06	01:22:56.841	0.77807				2
2026.02.06	01:23:00.003	0.77807				2
2026.02.06	01:23:02.048	0.77808				2
2026.02.06	01:23:03.262	0.77807	0.77827			6
2026.02.06	01:23:05.198	0.77808				2
2026.02.06	01:23:05.760		0.77828			4
2026.02.06	01:23:15.897		0.77827			4
2026.02.06	01:23:20.901	0.77807	0.77826			6
2026.02.06	01:23:24.592		0.77827			4
2026.02.06	01:23:25.059		0.77826			4
2026.02.06	01:23:30.843	0.77804	0.77824			6
2026.02.06	01:23:31.213	0.77806	0.77828			6
2026.02.06	01:23:33.489	0.77807	0.77827			6
2026.02.06	01:23:36.515		0.77828			4
2026.02.06	01:23:38.696		0.77827			4
2026.02.06	01:23:40.665		0.77828			4
2026.02.06	01:23:50.397		0.77827			4
2026.02.06	01:23:51.050		0.77826			4
2026.02.06	01:23:54.527	0.77805	0.77825			6
2026.02.06	01:23:57.629	0.77804				2
2026.02.06	01:24:00.762	0.77804				2
2026.02.06	01:24:03.143		0.77824			4
2026.02.06	01:24:06.649		0.77825			4
2026.02.06	01:24:23.005	0.77808	0.77828			6
2026.02.06	01:24:23.588	0.77807				2
2026.02.06	01:24:23.908	0.77808				2
2026.02.06	01:24:27.181	0.77810				2
2026.02.06	01:24:29.262	0.77811	0.77829			6
2026.02.06	01:24:29.610		0.77830			4
2026.02.06	01:24:30.861		0.77831			4
2026.02.06	01:24:33.839	0.77812	0.77832			6
2026.02.06	01:24:36.023	0.77813	0.77833			6
2026.02.06	01:24:37.370	0.77812				2
2026.02.06	01:24:38.553	0.77811				2
2026.02.06	01:24:40.340	0.77812				2
2026.02.06	01:24:42.381	0.77811				2
2026.02.06	01:24:42.729	0.77812				2
2026.02.06	01:24:44.399	0.77811				2
2026.02.06	01:24:46.343	0.77810	0.77832			6
2026.02.06	01:24:49.002		0.77831			4
2026.02.06	01:24:51.056	0.77811				2
2026.02.06	01:24:51.603	0.77810	0.77828			6
2026.02.06	01:24:53.156		0.77830			4
2026.02.06	01:24:58.501	0.77811				2
2026.02.06	01:25:00.162	0.77811				2
2026.02.06	01:25:01.520	0.77814	0.77832			6
2026.02.06	01:25:01.852		0.77831			4
2026.02.06	01:25:05.524	0.77810	0.77829			6
2026.02.06	01:25:05.840	0.77809	0.77827			6
2026.02.06	01:25:07.812	0.77810	0.77829			6
2026.02.06	01:25:11.398		0.77830			4
2026.02.06	01:25:12.596		0.77829			4
2026.02.06	01:25:13.004	0.77809	0.77827			6
2026.02.06	01:25:13.850	0.77808				2
2026.02.06	01:25:15.360	0.77810	0.77829			6
2026.02.06	01:25:15.811		0.77828			4
2026.02.06	01:25:16.116	0.77809				2
2026.02.06	01:25:18.223	0.77804	0.77824			6
2026.02.06	01:25:18.792	0.77803				2
2026.02.06	01:25:19.810		0.77823			4
2026.02.06	01:25:22.290	0.77801				2
2026.02.06	01:25:24.218		0.77824			4
2026.02.06	01:25:25.244		0.77823			4
2026.02.06	01:25:27.330	0.77800				2
2026.02.06	01:25:27.952	0.77801				2
2026.02.06	01:25:29.420		0.77822			4
2026.02.06	01:25:30.853	0.77802				2
2026.02.06	01:25:33.513	0.77804				2
2026.02.06	01:25:35.364		0.77823			4
2026.02.06	01:25:38.008		0.77822			4
2026.02.06	01:25:43.703		0.77823			4
2026.02.06	01:25:46.611	0.77802				2
2026.02.06	01:25:47.392		0.77822			4
2026.02.06	01:25:51.839		0.77821			4
2026.02.06	01:25:52.647	0.77803				2
2026.02.06	01:25:53.920		0.77822			4
2026.02.06	01:25:55.349	0.77804				2
2026.02.06	01:25:55.855	0.77803	0.77823			6
2026.02.06	01:25:56.854		0.77822			4
2026.02.06	01:26:00.533	0.77803				2
2026.02.06	01:26:07.149	0.77805	0.77823			6
2026.02.06	01:26:08.154	0.77806	0.77824			6
2026.02.06	01:26:08.876		0.77825			4
2026.02.06	01:26:16.363		0.77826			4
2026.02.06	01:26:17.856	0.77807	0.77825			6
2026.02.06	01:26:19.012	0.77810	0.77828			6
2026.02.06	01:26:24.231	0.77809	0.77827			6
2026.02.06	01:26:25.276	0.77808	0.77826			6
2026.02.06	01:26:27.754		0.77827			4
2026.02.06	01:26:28.202	0.77809				2
2026.02.06	01:26:34.563		0.77826			4
2026.02.06	01:26:34.871		0.77827			4
2026.02.06	01:26:36.446	0.77808	0.77825			6
2026.02.06	01:26:38.792		0.77827			4
2026.02.06	01:26:41.739		0.77826			4
2026.02.06	01:26:42.678		0.77827			4
2026.02.06	01:26:45.858	0.77809	0.77828			6
2026.02.06	01:26:47.676	0.77808	0.77827			6
2026.02.06	01:26:49.553		0.77828			4
2026.02.06	01:26:50.370	0.77809				2
2026.02.06	01:26:51.168	0.77808	0.77826			6
2026.02.06	01:26:51.648	0.77809	0.77828			6
2026.02.06	01:26:57.091	0.77808				2
2026.02.06	01:26:57.410	0.77807				2
2026.02.06	01:27:00.027	0.77810	0.77829			6
2026.02.06	01:27:00.338		0.77830			4
2026.02.06	01:27:02.743	0.77809	0.77829			6
2026.02.06	01:27:10.987	0.77810				2
2026.02.06	01:27:12.156	0.77809				2
2026.02.06	01:27:12.492		0.77830			4
2026.02.06	01:27:12.859	0.77810	0.77831			6
2026.02.06	01:27:24.194		0.77832			4
2026.02.06	01:27:24.844		0.77831			4
2026.02.06	01:27:30.693	0.77811				2
2026.02.06	01:27:30.999		0.77832			4
2026.02.06	01:27:36.938	0.77810	0.77830			6
2026.02.06	01:27:37.947	0.77809				2
2026.02.06	01:27:41.092		0.77829			4
2026.02.06	01:27:42.079		0.77830			4
2026.02.06	01:27:47.934	0.77810				2
2026.02.06	01:27:48.343	0.77809				2
2026.02.06	01:27:50.952		0.77829			4
2026.02.06	01:27:53.564	0.77810				2
2026.02.06	01:27:54.370	0.77809				2
2026.02.06	01:27:54.772	0.77810	0.77830			6
2026.02.06	01:27:56.862		0.77829			4
2026.02.06	01:27:57.198	0.77811	0.77831			6
2026.02.06	01:28:00.750	0.77811				2
2026.02.06	01:28:05.579	0.77812	0.77832			6
2026.02.06	01:28:06.895	0.77811				2
2026.02.06	01:28:13.993		0.77831			4
2026.02.06	01:28:14.542	0.77812				2
2026.02.06	01:28:15.095	0.77813	0.77833			6
2026.02.06	01:28:15.421	0.77814	0.77834			6
2026.02.06	01:28:17.225	0.77815				2
2026.02.06	01:28:19.738		0.77835			4
2026.02.06	01:28:21.232	0.77814	0.77834			6
2026.02.06	01:28:21.864	0.77813	0.77833			6
2026.02.06	01:28:27.370	0.77814				2
2026.02.06	01:28:34.484	0.77812	0.77832			6
2026.02.06	01:28:47.633	0.77810	0.77830			6
2026.02.06	01:28:58.865		0.77829			4
2026.02.06	01:29:00.476	0.77810				2
2026.02.06	01:29:01.761		0.77830			4
2026.02.06	01:29:02.464	0.77809				2
2026.02.06	01:29:08.502		0.77829			4
2026.02.06	01:29:11.192	0.77810				2
2026.02.06	01:29:15.970	0.77809				2
2026.02.06	01:29:16.370	0.77810	0.77830			6
2026.02.06	01:29:21.818	0.77809	0.77829			6
2026.02.06	01:29:23.824	0.77812				2
2026.02.06	01:29:24.141		0.77832			4
2026.02.06	01:29:27.251		0.77831			4
2026.02.06	01:29:27.765	0.77809	0.77830			6
2026.02.06	01:29:38.870	0.77808	0.77829			6
2026.02.06	01:29:41.868	0.77809				2
2026.02.06	01:29:42.868	0.77808	0.77830			6
2026.02.06	01:29:45.165	0.77809				2
2026.02.06	01:30:00.317	0.77809				2
2026.02.06	01:30:01.642	0.77810	0.77831			6
2026.02.06	01:30:02.035	0.77811	0.77830			6
2026.02.06	01:30:02.505	0.77814	0.77831			6
2026.02.06	01:30:02.821	0.77813	0.77833			6
2026.02.06	01:30:03.283	0.77799	0.77838			6
2026.02.06	01:30:07.060	0.77814	0.77834			6
2026.02.06	01:30:09.786	0.77813				2
2026.02.06	01:30:11.528	0.77815				2
2026.02.06	01:30:12.617	0.77816				2
2026.02.06	01:30:15.574	0.77818	0.77836			6
2026.02.06	01:30:17.168		0.77835			4
2026.02.06	01:30:18.027		0.77836			4
2026.02.06	01:30:20.352	0.77817	0.77835			6
2026.02.06	01:30:22.598	0.77818				2
2026.02.06	01:30:22.908		0.77836			4
2026.02.06	01:30:23.805	0.77817	0.77835			6
2026.02.06	01:30:25.353	0.77818				2
2026.02.06	01:30:29.217	0.77817	0.77834			6
2026.02.06	01:30:30.063	0.77818				2
2026.02.06	01:30:31.255	0.77817				2
2026.02.06	01:30:31.953	0.77818				2
2026.02.06	01:30:32.598	0.77817				2
2026.02.06	01:30:40.703	0.77818	0.77835			6
2026.02.06	01:30:45.984	0.77819	0.77838			6
2026.02.06	01:30:47.257	0.77821	0.77839			6
2026.02.06	01:30:50.824	0.77820	0.77838			6
2026.02.06	01:30:51.840	0.77823	0.77843			6
2026.02.06	01:30:52.185	0.77821	0.77840			6
2026.02.06	01:30:52.883	0.77822				2
2026.02.06	01:30:56.203		0.77841			4
2026.02.06	01:30:58.407		0.77840			4
2026.02.06	01:30:58.873	0.77821				2
2026.02.06	01:31:00.297	0.77821	0.77839			6
2026.02.06	01:31:03.603	0.77820				2
2026.02.06	01:31:04.031	0.77822				2
2026.02.06	01:31:04.448		0.77840			4
2026.02.06	01:31:05.873		0.77841			4
2026.02.06	01:31:06.333	0.77820	0.77840			6
2026.02.06	01:31:06.681	0.77821	0.77839			6
2026.02.06	01:31:07.072	0.77822	0.77840			6
2026.02.06	01:31:10.988	0.77821				2
2026.02.06	01:31:17.097		0.77839			4
2026.02.06	01:31:21.389	0.77819	0.77837			6
2026.02.06	01:31:26.397		0.77836			4
2026.02.06	01:31:27.000	0.77820				2
2026.02.06	01:31:29.998		0.77838			4
2026.02.06	01:31:30.972		0.77839			4
2026.02.06	01:31:32.555		0.77837			4
2026.02.06	01:31:38.433		0.77838			4
2026.02.06	01:31:44.400	0.77821				2
2026.02.06	01:31:50.233	0.77823	0.77841			6
2026.02.06	01:31:50.750	0.77824				2
2026.02.06	01:31:53.636	0.77823	0.77840			6
2026.02.06	01:31:55.768		0.77839			4
2026.02.06	01:31:56.598	0.77824	0.77841			6
2026.02.06	01:32:00.023	0.77824				2
2026.02.06	01:32:00.741		0.77840			4
2026.02.06	01:32:03.572	0.77821	0.77841			6
2026.02.06	01:32:08.311	0.77822	0.77842			6
2026.02.06	01:32:13.326	0.77819	0.77840			6
2026.02.06	01:32:14.397	0.77818	0.77839			6
2026.02.06	01:32:22.879	0.77815	0.77836			6
2026.02.06	01:32:23.426		0.77835			4
2026.02.06	01:32:27.152		0.77836			4
2026.02.06	01:32:34.536		0.77837			4
2026.02.06	01:32:37.247	0.77816				2
2026.02.06	01:32:43.879	0.77815				2
2026.02.06	01:32:44.697		0.77838			4
2026.02.06	01:32:47.618	0.77816				2
2026.02.06	01:32:51.271	0.77817	0.77837			6
2026.02.06	01:32:53.373	0.77815				2
2026.02.06	01:33:00.041	0.77815				2
2026.02.06	01:33:00.475	0.77816				2
2026.02.06	01:33:02.278	0.77815				2
2026.02.06	01:33:05.398		0.77836			4
2026.02.06	01:33:05.783		0.77837			4
2026.02.06	01:33:13.371	0.77811	0.77834			6
2026.02.06	01:33:17.680	0.77813				2
2026.02.06	01:33:21.689	0.77810	0.77832			6
2026.02.06	01:33:23.072	0.77808	0.77830			6
2026.02.06	01:33:23.639	0.77807	0.77829			6
2026.02.06	01:33:27.792		0.77828			4
2026.02.06	01:33:31.969	0.77808	0.77829			6
2026.02.06	01:33:36.790	0.77809	0.77830			6
2026.02.06	01:33:38.250		0.77829			4
2026.02.06	01:33:45.180	0.77808	0.77828			6
2026.02.06	01:33:48.112		0.77829			4
2026.02.06	01:33:54.623	0.77809				2
2026.02.06	01:33:58.556	0.77810				2
2026.02.06	01:34:00.320	0.77810				2
2026.02.06	01:34:01.263	0.77809	0.77828			6
2026.02.06	01:34:09.677	0.77808	0.77827			6
2026.02.06	01:34:10.041	0.77807				2
2026.02.06	01:34:14.272	0.77806	0.77826			6
2026.02.06	01:34:14.598		0.77827			4
2026.02.06	01:34:15.120		0.77826			4
2026.02.06	01:34:16.558	0.77804	0.77824			6
2026.02.06	01:34:16.881		0.77823			4
2026.02.06	01:34:18.562	0.77799	0.77822			6
2026.02.06	01:34:18.907	0.77798	0.77821			6
2026.02.06	01:34:19.272		0.77823			4
2026.02.06	01:34:19.933	0.77796	0.77821			6
2026.02.06	01:34:21.885		0.77820			4
2026.02.06	01:34:22.223		0.77822			4
2026.02.06	01:34:22.886		0.77820			4
2026.02.06	01:34:23.229		0.77821			4
2026.02.06	01:34:23.907		0.77820			4
2026.02.06	01:34:28.708		0.77819			4
2026.02.06	01:34:29.505	0.77795	0.77820			6
2026.02.06	01:34:31.496	0.77796	0.77821			6
2026.02.06	01:34:33.580	0.77797	0.77819			6
2026.02.06	01:34:33.920	0.77796				2
2026.02.06	01:34:34.239	0.77795	0.77820			6
2026.02.06	01:34:36.321		0.77819			4
2026.02.06	01:34:39.286	0.77794				2
2026.02.06	01:34:39.618	0.77795				2
2026.02.06	01:34:43.887		0.77820			4
2026.02.06	01:34:47.887		0.77821			4
2026.02.06	01:34:48.620	0.77796				2
2026.02.06	01:34:50.431		0.77822			4
2026.02.06	01:34:52.069		0.77823			4
2026.02.06	01:34:52.806	0.77795				2
2026.02.06	01:34:54.888		0.77822			4
2026.02.06	01:34:56.952	0.77797	0.77823			6
2026.02.06	01:34:57.258	0.77798	0.77822			6
2026.02.06	01:34:59.393	0.77799	0.77821			6
2026.02.06	01:34:59.763	0.77800	0.77824			6
2026.02.06	01:35:00.544	0.77800				2
2026.02.06	01:35:01.489	0.77801	0.77823			6
2026.02.06	01:35:02.082		0.77822			4
2026.02.06	01:35:04.884		0.77821			4
2026.02.06	01:35:05.464		0.77823			4
2026.02.06	01:35:06.844	0.77802				2
2026.02.06	01:35:07.748	0.77803	0.77822			6
2026.02.06	01:35:08.108	0.77804				2
2026.02.06	01:35:08.889		0.77823			4
2026.02.06	01:35:09.889		0.77824			4
2026.02.06	01:35:10.623		0.77823			4
2026.02.06	01:35:12.901	0.77805	0.77824			6
2026.02.06	01:35:18.297		0.77825			4
2026.02.06	01:35:19.975		0.77824			4
2026.02.06	01:35:27.692		0.77823			4
2026.02.06	01:35:31.707	0.77803	0.77822			6
2026.02.06	01:35:32.107	0.77804				2
2026.02.06	01:35:33.227	0.77803	0.77821			6
2026.02.06	01:35:35.306		0.77822			4
2026.02.06	01:35:37.155		0.77823			4
2026.02.06	01:35:43.419	0.77802	0.77821			6
2026.02.06	01:35:47.206	0.77803	0.77822			6
2026.02.06	01:35:47.532		0.77823			4
2026.02.06	01:35:49.504	0.77802	0.77822			6
2026.02.06	01:35:50.697		0.77821			4
2026.02.06	01:35:52.524	0.77801				2
2026.02.06	01:35:54.783	0.77802				2
2026.02.06	01:35:56.150	0.77801				2
2026.02.06	01:36:00.047	0.77801				2
2026.02.06	01:36:01.544	0.77802				2
2026.02.06	01:36:02.361	0.77803				2
2026.02.06	01:36:02.722		0.77822			4
2026.02.06	01:36:13.252	0.77801	0.77821			6
2026.02.06	01:36:26.925	0.77800				2
2026.02.06	01:36:27.943		0.77820			4
2026.02.06	01:36:28.850		0.77821			4
2026.02.06	01:36:29.358		0.77819			4
2026.02.06	01:36:29.678		0.77820			4
2026.02.06	01:36:30.636	0.77801	0.77821			6
2026.02.06	01:36:36.169	0.77802	0.77823			6
2026.02.06	01:36:36.865	0.77801				2
2026.02.06	01:36:38.697		0.77822			4
2026.02.06	01:36:40.316		0.77821			4
2026.02.06	01:36:42.781	0.77803	0.77823			6
2026.02.06	01:36:43.243	0.77802				2
2026.02.06	01:36:44.318		0.77822			4
2026.02.06	01:36:47.730	0.77805	0.77824			6
2026.02.06	01:36:53.895		0.77825			4
2026.02.06	01:37:00.894	0.77805	0.77824			6
2026.02.06	01:37:04.713	0.77804				2
2026.02.06	01:37:05.713	0.77803	0.77822			6
2026.02.06	01:37:07.801	0.77802				2
2026.02.06	01:37:08.682	0.77801				2
2026.02.06	01:37:12.834		0.77821			4
2026.02.06	01:37:15.774		0.77822			4
2026.02.06	01:37:16.101	0.77802	0.77823			6
2026.02.06	01:37:16.409	0.77803				2
2026.02.06	01:37:16.837	0.77802				2
2026.02.06	01:37:17.463	0.77803				2
2026.02.06	01:37:22.291	0.77805				2
2026.02.06	01:37:22.621		0.77825			4
2026.02.06	01:37:22.966	0.77804	0.77826			6
2026.02.06	01:37:23.279		0.77823			4
2026.02.06	01:37:26.896	0.77795	0.77808			6
2026.02.06	01:37:27.523	0.77791	0.77803			6
2026.02.06	01:37:27.845	0.77782	0.77802			6
2026.02.06	01:37:28.151	0.77795	0.77803			6
2026.02.06	01:37:28.521		0.77805			4
2026.02.06	01:37:30.703		0.77806			4
2026.02.06	01:37:32.897		0.77804			4
2026.02.06	01:37:33.287	0.77794	0.77805			6
2026.02.06	01:37:34.183	0.77791	0.77808			6
2026.02.06	01:37:35.219	0.77789	0.77807			6
2026.02.06	01:37:35.988		0.77808			4
2026.02.06	01:37:42.102	0.77786	0.77806			6
2026.02.06	01:37:42.451	0.77787	0.77804			6
2026.02.06	01:37:42.976		0.77805			4
2026.02.06	01:37:43.279	0.77789	0.77808			6
2026.02.06	01:37:46.265	0.77791	0.77809			6
2026.02.06	01:38:00.157	0.77790	0.77808			6
2026.02.06	01:38:01.837		0.77807			4
2026.02.06	01:38:03.298		0.77808			4
2026.02.06	01:38:05.838	0.77791				2
2026.02.06	01:38:07.336		0.77810			4
2026.02.06	01:38:08.101		0.77809			4
2026.02.06	01:38:11.213	0.77792	0.77810			6
2026.02.06	01:38:12.204	0.77793	0.77811			6
2026.02.06	01:38:13.362	0.77792				2
2026.02.06	01:38:20.833	0.77793				2
2026.02.06	01:38:22.199		0.77810			4
2026.02.06	01:38:22.980		0.77811			4
2026.02.06	01:38:24.114		0.77812			4
2026.02.06	01:38:26.262	0.77799	0.77819			6
2026.02.06	01:38:28.234	0.77801	0.77821			6
2026.02.06	01:38:28.880		0.77820			4
2026.02.06	01:38:30.319	0.77798	0.77818			6
2026.02.06	01:38:30.641	0.77800	0.77819			6
2026.02.06	01:38:33.228	0.77797	0.77816			6
2026.02.06	01:38:34.772	0.77796	0.77815			6
2026.02.06	01:38:36.900	0.77793	0.77813			6
2026.02.06	01:38:38.022	0.77794				2
2026.02.06	01:38:41.997	0.77795				2
2026.02.06	01:38:42.897	0.77793				2
2026.02.06	01:38:43.847	0.77794	0.77814			6
2026.02.06	01:38:44.237		0.77813			4
2026.02.06	01:38:44.902	0.77795				2
2026.02.06	01:38:50.997		0.77814			4
2026.02.06	01:38:52.906		0.77813			4
2026.02.06	01:38:53.263		0.77815			4
2026.02.06	01:38:54.184	0.77797				2
2026.02.06	01:38:55.186	0.77796				2
2026.02.06	01:38:55.782	0.77791	0.77811			6
2026.02.06	01:38:56.157		0.77810			4
2026.02.06	01:38:57.882	0.77789	0.77809			6
2026.02.06	01:38:58.189		0.77808			4
2026.02.06	01:39:00.316	0.77788				2
2026.02.06	01:39:01.924	0.77786	0.77807			6
2026.02.06	01:39:03.358	0.77785	0.77806			6
2026.02.06	01:39:04.316	0.77784	0.77803			6
2026.02.06	01:39:04.623		0.77807			4
2026.02.06	01:39:05.595	0.77785				2
2026.02.06	01:39:05.900	0.77787	0.77806			6
2026.02.06	01:39:09.552	0.77788	0.77807			6
2026.02.06	01:39:09.902	0.77789				2
2026.02.06	01:39:10.383	0.77790	0.77808			6
2026.02.06	01:39:10.734	0.77789				2
2026.02.06	01:39:11.920	0.77790				2
2026.02.06	01:39:16.588		0.77809			4
2026.02.06	01:39:18.689	0.77791				2
2026.02.06	01:39:19.172	0.77792				2
2026.02.06	01:39:21.320	0.77791				2
2026.02.06	01:39:22.897	0.77792				2
2026.02.06	01:39:30.207		0.77810			4
2026.02.06	01:39:32.834		0.77809			4
2026.02.06	01:39:44.046	0.77794	0.77812			6
2026.02.06	01:39:44.375		0.77811			4
2026.02.06	01:39:48.892	0.77795	0.77812			6
2026.02.06	01:39:52.052	0.77794				2
2026.02.06	01:39:55.881	0.77793				2
2026.02.06	01:39:56.697		0.77811			4
2026.02.06	01:39:58.459		0.77812			4
2026.02.06	01:40:00.764	0.77793	0.77811			6
2026.02.06	01:40:06.211	0.77794	0.77812			6
2026.02.06	01:40:06.565	0.77793				2
2026.02.06	01:40:09.644	0.77792	0.77811			6
2026.02.06	01:40:10.045	0.77793				2
2026.02.06	01:40:12.635	0.77794	0.77813			6
2026.02.06	01:40:12.991		0.77812			4
2026.02.06	01:40:14.868		0.77813			4
2026.02.06	01:40:17.104	0.77795				2
2026.02.06	01:40:17.476	0.77793	0.77812			6
2026.02.06	01:40:17.812		0.77811			4
2026.02.06	01:40:19.334		0.77812			4
2026.02.06	01:40:19.638		0.77811			4
2026.02.06	01:40:22.592	0.77794				2
2026.02.06	01:40:33.651	0.77793				2
2026.02.06	01:40:36.445		0.77810			4
2026.02.06	01:40:43.329	0.77790	0.77808			6
2026.02.06	01:40:45.292	0.77791				2
2026.02.06	01:40:46.571	0.77792				2
2026.02.06	01:40:47.477	0.77789	0.77807			6
2026.02.06	01:40:48.767	0.77790				2
2026.02.06	01:40:49.767		0.77810			4
2026.02.06	01:40:50.078		0.77807			4
2026.02.06	01:40:54.978		0.77806			4
2026.02.06	01:40:56.525	0.77791	0.77807			6
2026.02.06	01:40:57.532	0.77788	0.77806			6
2026.02.06	01:41:00.578	0.77792	0.77807			6
2026.02.06	01:41:03.393	0.77791				2
2026.02.06	01:41:04.221	0.77798	0.77810			6
2026.02.06	01:41:04.575	0.77799				2
2026.02.06	01:41:06.273		0.77800			4
2026.02.06	01:41:15.962		0.77801			4
2026.02.06	01:41:16.797		0.77802			4
2026.02.06	01:41:22.467	0.77793	0.77801			6
2026.02.06	01:41:23.009		0.77799			4
2026.02.06	01:41:24.010		0.77798			4
2026.02.06	01:41:24.537	0.77794				2
2026.02.06	01:41:29.914		0.77806			4
2026.02.06	01:41:30.988		0.77805			4
2026.02.06	01:41:31.321	0.77793				2
2026.02.06	01:41:34.020		0.77806			4
2026.02.06	01:41:36.798		0.77808			4
2026.02.06	01:41:41.365	0.77794	0.77806			6
2026.02.06	01:41:46.111	0.77793				2
2026.02.06	01:41:47.947	0.77794				2
2026.02.06	01:41:48.842	0.77795	0.77809			6
2026.02.06	01:41:51.788		0.77806			4
2026.02.06	01:41:53.100	0.77796				2
2026.02.06	01:41:54.559	0.77795				2
2026.02.06	01:41:55.468		0.77804			4
2026.02.06	01:41:55.779		0.77803			4
2026.02.06	01:41:56.403	0.77794	0.77804			6
2026.02.06	01:41:57.690	0.77796	0.77803			6
2026.02.06	01:41:58.048	0.77795				2
2026.02.06	01:41:59.127	0.77794	0.77804			6
2026.02.06	01:42:00.777	0.77795				2
2026.02.06	01:42:02.093		0.77805			4
2026.02.06	01:42:02.940	0.77793	0.77802			6
2026.02.06	01:42:03.741	0.77794	0.77803			6
2026.02.06	01:42:04.061	0.77793				2
2026.02.06	01:42:05.234		0.77802			4
2026.02.06	01:42:10.797		0.77801			4
2026.02.06	01:42:15.209		0.77802			4
2026.02.06	01:42:16.001	0.77790	0.77801			6
2026.02.06	01:42:17.577		0.77800			4
2026.02.06	01:42:21.991	0.77792	0.77802			6
2026.02.06	01:42:22.392	0.77793	0.77804			6
2026.02.06	01:42:24.562	0.77794				2
2026.02.06	01:42:27.398	0.77793				2
2026.02.06	01:42:28.890		0.77803			4
2026.02.06	01:42:31.059		0.77804			4
2026.02.06	01:42:32.920		0.77803			4
2026.02.06	01:42:34.705	0.77791	0.77799			6
2026.02.06	01:42:36.011	0.77790				2
2026.02.06	01:42:36.370	0.77788	0.77798			6
2026.02.06	01:42:36.924	0.77785	0.77796			6
2026.02.06	01:42:37.338	0.77790	0.77798			6
2026.02.06	01:42:39.897		0.77799			4
2026.02.06	01:42:41.643	0.77786	0.77795			6
2026.02.06	01:42:41.950		0.77794			4
2026.02.06	01:42:45.105	0.77783				2
2026.02.06	01:42:45.726		0.77795			4
2026.02.06	01:42:48.042		0.77794			4
2026.02.06	01:42:50.623		0.77792			4
2026.02.06	01:42:50.964		0.77794			4
2026.02.06	01:42:51.337	0.77779	0.77789			6
2026.02.06	01:42:51.715	0.77778	0.77787			6
2026.02.06	01:42:52.113		0.77788			4
2026.02.06	01:42:52.615	0.77777	0.77787			6
2026.02.06	01:42:53.233		0.77788			4
2026.02.06	01:42:53.769	0.77776	0.77785			6
2026.02.06	01:42:54.932	0.77774	0.77784			6
2026.02.06	01:42:57.390	0.77777	0.77787			6
2026.02.06	01:42:58.798		0.77786			4
2026.02.06	01:43:00.085	0.77778	0.77787			6
2026.02.06	01:43:05.097		0.77786			4
2026.02.06	01:43:07.825		0.77787			4
2026.02.06	01:43:13.672		0.77786			4
2026.02.06	01:43:13.977	0.77780	0.77790			6
2026.02.06	01:43:16.432		0.77789			4
2026.02.06	01:43:18.584	0.77779				2
2026.02.06	01:43:19.294	0.77784	0.77793			6
2026.02.06	01:43:19.615	0.77787	0.77795			6
2026.02.06	01:43:20.581	0.77780	0.77790			6
2026.02.06	01:43:21.054		0.77789			4
2026.02.06	01:43:26.912	0.77778	0.77788			6
2026.02.06	01:43:31.560	0.77780	0.77790			6
2026.02.06	01:43:32.743	0.77781				2
2026.02.06	01:43:36.218		0.77789			4
2026.02.06	01:43:37.280		0.77790			4
2026.02.06	01:43:37.586	0.77780	0.77789			6
2026.02.06	01:43:42.224	0.77781	0.77790			6
2026.02.06	01:43:46.797		0.77791			4
2026.02.06	01:43:52.306	0.77786	0.77797			6
2026.02.06	01:43:52.638		0.77796			4
2026.02.06	01:43:53.730	0.77787				2
2026.02.06	01:43:54.083	0.77786				2
2026.02.06	01:43:54.826	0.77787	0.77797			6
2026.02.06	01:43:55.374	0.77786				2
2026.02.06	01:43:55.686		0.77795			4
2026.02.06	01:43:56.458	0.77787				2
2026.02.06	01:43:58.832		0.77796			4
2026.02.06	01:43:59.178	0.77788				2
2026.02.06	01:44:00.376	0.77788	0.77797			6
2026.02.06	01:44:02.061		0.77796			4
2026.02.06	01:44:02.540	0.77787				2
2026.02.06	01:44:03.028	0.77788				2
2026.02.06	01:44:03.408		0.77797			4
2026.02.06	01:44:03.746	0.77787	0.77796			6
2026.02.06	01:44:04.797		0.77795			4
2026.02.06	01:44:05.864		0.77796			4
2026.02.06	01:44:07.933	0.77789	0.77797			6
2026.02.06	01:44:09.210		0.77796			4
2026.02.06	01:44:12.232	0.77787				2
2026.02.06	01:44:15.314		0.77797			4
2026.02.06	01:44:17.732	0.77785	0.77795			6
2026.02.06	01:44:18.115	0.77786				2
2026.02.06	01:44:18.996	0.77785				2
2026.02.06	01:44:19.432	0.77786				2
2026.02.06	01:44:19.778		0.77796			4
2026.02.06	01:44:20.722	0.77790	0.77798			6
2026.02.06	01:44:21.421		0.77799			4
2026.02.06	01:44:22.369		0.77798			4
2026.02.06	01:44:23.597		0.77799			4
2026.02.06	01:44:24.250		0.77798			4
2026.02.06	01:44:25.143		0.77799			4
2026.02.06	01:44:26.174		0.77798			4
2026.02.06	01:44:27.224		0.77797			4
2026.02.06	01:44:32.971	0.77789	0.77796			6
2026.02.06	01:44:37.978		0.77795			4
2026.02.06	01:44:43.412	0.77790	0.77797			6
2026.02.06	01:44:44.700		0.77798			4
2026.02.06	01:44:45.600		0.77797			4
2026.02.06	01:44:47.158	0.77784	0.77792			6
2026.02.06	01:44:48.297		0.77791			4
2026.02.06	01:44:50.228	0.77782	0.77789			6
2026.02.06	01:44:52.602	0.77779	0.77786			6
2026.02.06	01:44:54.140	0.77783	0.77789			6
2026.02.06	01:44:54.449	0.77782	0.77790			6
2026.02.06	01:44:57.509	0.77778	0.77785			6
2026.02.06	01:44:57.829	0.77776	0.77784			6
2026.02.06	01:44:58.132	0.77777				2
2026.02.06	01:45:00.475	0.77777				2
2026.02.06	01:45:01.540	0.77776	0.77782			6
2026.02.06	01:45:01.863		0.77783			4
2026.02.06	01:45:03.008		0.77782			4
2026.02.06	01:45:03.922		0.77783			4
2026.02.06	01:45:13.458		0.77784			4
2026.02.06	01:45:14.814	0.77775	0.77782			6
2026.02.06	01:45:16.270		0.77781			4
2026.02.06	01:45:17.106	0.77776				2
2026.02.06	01:45:18.156	0.77775				2
2026.02.06	01:45:19.904	0.77772	0.77779			6
2026.02.06	01:45:21.526	0.77778	0.77783			6
2026.02.06	01:45:21.984	0.77779	0.77786			6
2026.02.06	01:45:23.490		0.77785			4
2026.02.06	01:45:24.204		0.77786			4
2026.02.06	01:45:30.732	0.77778				2
2026.02.06	01:45:32.368	0.77780	0.77789			6
2026.02.06	01:45:33.454	0.77781				2
2026.02.06	01:45:36.273	0.77784	0.77791			6
2026.02.06	01:45:36.580	0.77786	0.77793			6
2026.02.06	01:45:38.602		0.77792			4
2026.02.06	01:45:44.814		0.77793			4
2026.02.06	01:45:45.812	0.77787				2
2026.02.06	01:45:46.113	0.77786				2
2026.02.06	01:45:46.445		0.77794			4
2026.02.06	01:45:46.820	0.77787				2
2026.02.06	01:45:47.256	0.77786				2
2026.02.06	01:45:49.052	0.77789	0.77795			6
2026.02.06	01:45:50.226	0.77786	0.77794			6
2026.02.06	01:45:51.896		0.77793			4
2026.02.06	01:45:52.271	0.77784	0.77792			6
2026.02.06	01:45:56.397		0.77791			4
2026.02.06	01:46:02.500	0.77784	0.77792			6
2026.02.06	01:46:02.824	0.77780	0.77789			6
2026.02.06	01:46:03.503		0.77788			4
2026.02.06	01:46:04.101		0.77789			4
2026.02.06	01:46:04.660	0.77781				2
2026.02.06	01:46:05.997	0.77780	0.77788			6
2026.02.06	01:46:06.877		0.77789			4
2026.02.06	01:46:07.279	0.77781				2
2026.02.06	01:46:09.232	0.77782				2
2026.02.06	01:46:09.737	0.77781				2
2026.02.06	01:46:11.491	0.77782				2
2026.02.06	01:46:14.709	0.77780				2
2026.02.06	01:46:17.915	0.77781				2
2026.02.06	01:46:18.253	0.77778	0.77786			6
2026.02.06	01:46:22.930	0.77779				2
2026.02.06	01:46:26.466	0.77781	0.77788			6
2026.02.06	01:46:26.794		0.77789			4
2026.02.06	01:46:27.279	0.77783				2
2026.02.06	01:46:32.417		0.77790			4
2026.02.06	01:46:36.190	0.77780	0.77789			6
2026.02.06	01:46:37.108		0.77788			4
2026.02.06	01:46:42.161	0.77779	0.77787			6
2026.02.06	01:46:42.483	0.77780				2
2026.02.06	01:46:45.862	0.77779				2
2026.02.06	01:46:48.578	0.77780				2
2026.02.06	01:46:51.079	0.77778	0.77786			6
2026.02.06	01:46:51.522	0.77779				2
2026.02.06	01:46:56.996		0.77787			4
2026.02.06	01:46:58.555	0.77778				2
2026.02.06	01:46:59.902		0.77786			4
2026.02.06	01:47:00.445	0.77779				2
2026.02.06	01:47:11.625	0.77780				2
2026.02.06	01:47:15.631	0.77779				2
2026.02.06	01:47:16.812		0.77785			4
2026.02.06	01:47:20.030		0.77786			4
2026.02.06	01:47:22.592		0.77787			4
2026.02.06	01:47:24.998		0.77786			4
2026.02.06	01:47:25.998	0.77780	0.77787			6
2026.02.06	01:47:33.525	0.77781	0.77788			6
2026.02.06	01:47:35.439		0.77789			4
2026.02.06	01:47:37.902	0.77780	0.77788			6
2026.02.06	01:47:41.790	0.77781				2
2026.02.06	01:47:43.208	0.77782	0.77789			6
2026.02.06	01:47:43.549	0.77780	0.77788			6
2026.02.06	01:47:47.968	0.77781	0.77789			6
2026.02.06	01:48:00.080	0.77783	0.77791			6
2026.02.06	01:48:01.037	0.77784				2
2026.02.06	01:48:01.956	0.77783	0.77789			6
2026.02.06	01:48:07.229	0.77781	0.77788			6
2026.02.06	01:48:13.671	0.77779	0.77787			6
2026.02.06	01:48:17.518	0.77780	0.77789			6
2026.02.06	01:48:17.999	0.77781				2
2026.02.06	01:48:19.242	0.77780	0.77788			6
2026.02.06	01:48:25.496	0.77781				2
2026.02.06	01:48:32.351	0.77780	0.77787			6
2026.02.06	01:48:34.157		0.77788			4
2026.02.06	01:48:35.795	0.77778	0.77786			6
2026.02.06	01:48:40.791	0.77780	0.77787			6
2026.02.06	01:48:41.100	0.77778	0.77786			6
2026.02.06	01:48:41.703	0.77780	0.77788			6
2026.02.06	01:48:47.445	0.77781				2
2026.02.06	01:48:48.297	0.77780				2
2026.02.06	01:48:49.023	0.77781				2
2026.02.06	01:48:50.934	0.77784	0.77791			6
2026.02.06	01:48:53.203	0.77785				2
2026.02.06	01:48:57.635	0.77788	0.77794			6
2026.02.06	01:48:59.032	0.77787				2
2026.02.06	01:49:01.844	0.77787				2
2026.02.06	01:49:06.767	0.77789	0.77797			6
2026.02.06	01:49:08.224	0.77790				2
2026.02.06	01:49:10.656	0.77793	0.77799			6
2026.02.06	01:49:11.901	0.77792	0.77798			6
2026.02.06	01:49:12.380		0.77799			4
2026.02.06	01:49:15.316		0.77798			4
2026.02.06	01:49:17.152		0.77799			4
2026.02.06	01:49:17.803	0.77789	0.77795			6
2026.02.06	01:49:18.296		0.77794			4
2026.02.06	01:49:22.318	0.77787				2
2026.02.06	01:49:31.166		0.77793			4
2026.02.06	01:49:57.947		0.77794			4
2026.02.06	01:49:58.777	0.77788	0.77795			6
2026.02.06	01:50:00.076	0.77788				2
2026.02.06	01:50:02.775		0.77794			4
2026.02.06	01:50:03.406		0.77795			4
2026.02.06	01:50:04.147	0.77787	0.77793			6
2026.02.06	01:50:06.652	0.77785	0.77791			6
2026.02.06	01:50:10.211	0.77784				2
2026.02.06	01:50:10.668	0.77785				2
2026.02.06	01:50:21.820		0.77792			4
2026.02.06	01:50:23.097		0.77791			4
2026.02.06	01:50:23.820	0.77784				2
2026.02.06	01:50:24.341		0.77790			4
2026.02.06	01:50:25.677	0.77783				2
2026.02.06	01:50:26.563	0.77784				2
2026.02.06	01:50:27.134		0.77791			4
2026.02.06	01:50:36.751		0.77792			4
2026.02.06	01:50:39.597		0.77791			4
2026.02.06	01:50:44.371	0.77783				2
2026.02.06	01:50:44.679	0.77779	0.77786			6
2026.02.06	01:50:51.179	0.77778				2
2026.02.06	01:50:52.752	0.77783	0.77790			6
2026.02.06	01:50:54.218	0.77785	0.77792			6
2026.02.06	01:50:55.373	0.77783	0.77788			6
2026.02.06	01:50:56.828		0.77789			4
2026.02.06	01:50:58.683	0.77778	0.77785			6
2026.02.06	01:50:59.895	0.77779	0.77787			6
2026.02.06	01:51:00.707	0.77779				2
2026.02.06	01:51:03.012	0.77780				2
2026.02.06	01:51:04.036		0.77788			4
2026.02.06	01:51:06.373	0.77779				2
2026.02.06	01:51:06.751		0.77787			4
2026.02.06	01:51:07.725	0.77780				2
2026.02.06	01:51:11.332	0.77779	0.77786			6
2026.02.06	01:51:12.948	0.77784	0.77790			6
2026.02.06	01:51:15.597		0.77791			4
2026.02.06	01:51:22.496		0.77790			4
2026.02.06	01:51:22.800	0.77785				2
2026.02.06	01:51:25.496		0.77791			4
2026.02.06	01:51:32.031	0.77784	0.77790			6
2026.02.06	01:51:32.716	0.77785				2
2026.02.06	01:51:33.019		0.77791			4
2026.02.06	01:51:36.129		0.77790			4
2026.02.06	01:51:38.115		0.77791			4
2026.02.06	01:51:42.302	0.77788	0.77794			6
2026.02.06	01:51:48.176	0.77791	0.77797			6
2026.02.06	01:51:48.751	0.77792				2
2026.02.06	01:51:53.753	0.77791				2
2026.02.06	01:51:55.496		0.77798			4
2026.02.06	01:51:57.484	0.77792	0.77797			6
2026.02.06	01:52:00.643	0.77792				2
2026.02.06	01:52:01.096		0.77796			4
2026.02.06	01:52:01.721	0.77791				2
2026.02.06	01:52:02.202	0.77790				2
2026.02.06	01:52:03.384	0.77791				2
2026.02.06	01:52:08.281		0.77797			4
2026.02.06	01:52:12.492	0.77785	0.77790			6
2026.02.06	01:52:12.805		0.77789			4
2026.02.06	01:52:14.397		0.77790			4
2026.02.06	01:52:17.661	0.77786	0.77791			6
2026.02.06	01:52:20.656	0.77788	0.77793			6
2026.02.06	01:52:31.706	0.77784	0.77790			6
2026.02.06	01:52:32.014		0.77789			4
2026.02.06	01:52:32.918		0.77790			4
2026.02.06	01:52:41.996	0.77783				2
2026.02.06	01:52:42.300	0.77782	0.77788			6
2026.02.06	01:52:43.423	0.77784	0.77789			6
2026.02.06	01:52:44.984		0.77790			4
2026.02.06	01:52:50.751		0.77789			4
2026.02.06	01:52:54.678	0.77782				2
2026.02.06	01:53:01.217	0.77782				2
2026.02.06	01:53:01.969	0.77783				2
2026.02.06	01:53:02.279	0.77782				2
2026.02.06	01:53:02.805		0.77790			4
2026.02.06	01:53:03.124	0.77783	0.77791			6
2026.02.06	01:53:08.308	0.77782				2
2026.02.06	01:53:08.931	0.77783				2
2026.02.06	01:53:10.713	0.77782				2
2026.02.06	01:53:11.371		0.77790			4
2026.02.06	01:53:11.710	0.77783	0.77791			6
2026.02.06	01:53:12.087	0.77782				2
2026.02.06	01:53:12.737	0.77783				2
2026.02.06	01:53:16.827	0.77782				2
2026.02.06	01:53:17.859		0.77790			4
2026.02.06	01:53:19.797		0.77791			4
2026.02.06	01:53:20.402	0.77783	0.77790			6
2026.02.06	01:53:22.706		0.77791			4
2026.02.06	01:53:27.518		0.77790			4
2026.02.06	01:53:29.255	0.77785	0.77791			6
2026.02.06	01:53:46.141		0.77790			4
2026.02.06	01:53:46.690	0.77784	0.77791			6
2026.02.06	01:53:56.097		0.77790			4
2026.02.06	01:53:56.446	0.77781	0.77787			6
2026.02.06	01:53:57.105		0.77788			4
2026.02.06	01:54:00.027	0.77781				2
2026.02.06	01:54:06.192		0.77789			4
2026.02.06	01:54:13.156		0.77788			4
2026.02.06	01:54:17.401		0.77787			4
2026.02.06	01:54:19.158	0.77780	0.77785			6
2026.02.06	01:54:21.985	0.77779	0.77784			6
2026.02.06	01:54:24.307	0.77780	0.77785			6
2026.02.06	01:54:28.209		0.77784			4
2026.02.06	01:54:28.596	0.77779	0.77785			6
2026.02.06	01:54:29.398	0.77781	0.77787			6
2026.02.06	01:54:29.866		0.77786			4
2026.02.06	01:54:30.274		0.77787			4
2026.02.06	01:54:33.039	0.77779	0.77785			6
2026.02.06	01:54:36.102	0.77778				2
2026.02.06	01:54:40.989	0.77779				2
2026.02.06	01:54:41.698		0.77784			4
2026.02.06	01:54:45.122	0.77776	0.77782			6
2026.02.06	01:54:47.320		0.77783			4
2026.02.06	01:54:49.195	0.77777	0.77782			6
2026.02.06	01:54:49.515	0.77776	0.77781			6
2026.02.06	01:54:50.953	0.77775	0.77782			6
2026.02.06	01:54:58.660		0.77780			4
2026.02.06	01:54:59.937	0.77774	0.77779			6
2026.02.06	01:55:00.313	0.77772				2
2026.02.06	01:55:04.052	0.77769	0.77776			6
2026.02.06	01:55:08.826	0.77768	0.77775			6
2026.02.06	01:55:09.183	0.77765	0.77772			6
2026.02.06	01:55:09.485		0.77773			4
2026.02.06	01:55:18.050	0.77766				2
2026.02.06	01:55:20.796		0.77772			4
2026.02.06	01:55:25.416	0.77764	0.77770			6
2026.02.06	01:55:26.051	0.77762	0.77768			6
2026.02.06	01:55:27.533	0.77761				2
2026.02.06	01:55:47.040		0.77769			4
2026.02.06	01:55:49.076		0.77767			4
2026.02.06	01:55:53.131		0.77768			4
2026.02.06	01:55:54.022		0.77767			4
2026.02.06	01:55:54.492	0.77758	0.77764			6
2026.02.06	01:55:58.765		0.77765			4
2026.02.06	01:55:59.612		0.77764			4
2026.02.06	01:56:00.051	0.77758				2
2026.02.06	01:56:04.051	0.77757				2
2026.02.06	01:56:04.703	0.77758				2
2026.02.06	01:56:06.564	0.77756	0.77763			6
2026.02.06	01:56:07.004	0.77758	0.77764			6
2026.02.06	01:56:09.051	0.77757				2
2026.02.06	01:56:11.396		0.77765			4
2026.02.06	01:56:11.938	0.77760	0.77767			6
2026.02.06	01:56:12.761	0.77759	0.77766			6
2026.02.06	01:56:13.093	0.77758	0.77765			6
2026.02.06	01:56:13.657	0.77759				2
2026.02.06	01:56:13.998	0.77761	0.77768			6
2026.02.06	01:56:23.050	0.77760	0.77765			6
2026.02.06	01:56:23.359		0.77768			4
2026.02.06	01:56:24.070	0.77759				2
2026.02.06	01:56:25.289	0.77762	0.77770			6
2026.02.06	01:56:26.377		0.77771			4
2026.02.06	01:56:28.179	0.77763				2
2026.02.06	01:56:28.881	0.77765	0.77773			6
2026.02.06	01:56:30.851	0.77769	0.77777			6
2026.02.06	01:56:33.366	0.77766	0.77773			6
2026.02.06	01:56:33.811	0.77765	0.77772			6
2026.02.06	01:56:40.625	0.77763	0.77771			6
2026.02.06	01:56:41.218		0.77772			4
2026.02.06	01:56:41.975		0.77771			4
2026.02.06	01:56:42.538		0.77772			4
2026.02.06	01:56:46.768	0.77766	0.77774			6
2026.02.06	01:56:54.224	0.77767				2
2026.02.06	01:56:57.160	0.77766	0.77773			6
2026.02.06	01:56:58.454	0.77765				2
2026.02.06	01:57:00.640	0.77765				2
2026.02.06	01:57:00.983	0.77766	0.77774			6
2026.02.06	01:57:06.028	0.77767	0.77776			6
2026.02.06	01:57:06.384	0.77768	0.77777			6
2026.02.06	01:57:07.072		0.77775			4
2026.02.06	01:57:13.783	0.77767	0.77773			6
2026.02.06	01:57:14.124	0.77765	0.77772			6
2026.02.06	01:57:14.464	0.77766				2
2026.02.06	01:57:14.856	0.77767				2
2026.02.06	01:57:15.160		0.77773			4
2026.02.06	01:57:17.017		0.77774			4
2026.02.06	01:57:18.575	0.77768	0.77775			6
2026.02.06	01:57:19.401		0.77776			4
2026.02.06	01:57:24.763	0.77767	0.77774			6
2026.02.06	01:57:28.345		0.77773			4
2026.02.06	01:57:29.679		0.77774			4
2026.02.06	01:57:30.432	0.77768				2
2026.02.06	01:57:33.383		0.77775			4
2026.02.06	01:57:35.367	0.77770	0.77778			6
2026.02.06	01:57:59.574	0.77771				2
2026.02.06	01:58:01.310	0.77771				2
2026.02.06	01:58:03.985	0.77772	0.77779			6
2026.02.06	01:58:04.355		0.77780			4
2026.02.06	01:58:06.333	0.77773				2
2026.02.06	01:58:08.347	0.77771	0.77778			6
2026.02.06	01:58:09.281	0.77773	0.77780			6
2026.02.06	01:58:10.476	0.77774	0.77779			6
2026.02.06	01:58:12.251	0.77775	0.77781			6
2026.02.06	01:58:15.004	0.77776				2
2026.02.06	01:58:17.599		0.77783			4
2026.02.06	01:58:19.452	0.77777				2
2026.02.06	01:58:31.043	0.77778				2
2026.02.06	01:58:32.154	0.77777				2
2026.02.06	01:58:40.748	0.77778				2
2026.02.06	01:58:44.964	0.77779	0.77786			6
2026.02.06	01:58:45.998	0.77780				2
2026.02.06	01:58:48.617	0.77779	0.77787			6
2026.02.06	01:58:49.118	0.77781				2
2026.02.06	01:58:50.239	0.77778	0.77786			6
2026.02.06	01:58:51.312	0.77777				2
2026.02.06	01:58:53.415	0.77778				2
2026.02.06	01:58:58.498	0.77779				2
2026.02.06	01:59:00.575	0.77779				2
2026.02.06	01:59:05.913	0.77780	0.77788			6
2026.02.06	01:59:07.102	0.77781				2
2026.02.06	01:59:08.232	0.77782				2
2026.02.06	01:59:10.078	0.77780	0.77787			6
2026.02.06	01:59:10.487		0.77788			4
2026.02.06	01:59:11.589	0.77781				2
2026.02.06	01:59:14.163	0.77782				2
2026.02.06	01:59:18.748	0.77781				2
2026.02.06	01:59:19.573	0.77778	0.77784			6
2026.02.06	01:59:20.327		0.77785			4
2026.02.06	01:59:22.303	0.77779				2
2026.02.06	01:59:25.686	0.77778				2
2026.02.06	01:59:26.351	0.77774	0.77783			6
2026.02.06	01:59:26.668	0.77775				2
2026.02.06	01:59:27.367	0.77776				2
2026.02.06	01:59:28.344	0.77777				2
2026.02.06	01:59:28.774	0.77775	0.77781			6
2026.02.06	01:59:29.777	0.77773				2
2026.02.06	01:59:33.773	0.77774	0.77782			6
2026.02.06	01:59:38.810	0.77776	0.77784			6
2026.02.06	01:59:40.030	0.77777				2
2026.02.06	01:59:42.224	0.77778				2
2026.02.06	01:59:45.604	0.77774	0.77782			6
2026.02.06	01:59:46.629	0.77775				2
2026.02.06	01:59:47.652		0.77781			4
2026.02.06	01:59:47.980	0.77777	0.77783			6
2026.02.06	01:59:49.273	0.77778				2
2026.02.06	01:59:52.723	0.77777	0.77782			6
2026.02.06	01:59:53.888	0.77776				2
2026.02.06	02:00:00.307	0.77776	0.77781			6
2026.02.06	02:00:00.661	0.77772	0.77778			6
2026.02.06	02:00:01.062		0.77777			4
2026.02.06	02:00:01.375	0.77773	0.77778			6
2026.02.06	02:00:02.375	0.77774	0.77780			6
2026.02.06	02:00:03.278	0.77776	0.77781			6
2026.02.06	02:00:03.582		0.77782			4
2026.02.06	02:00:03.919	0.77775	0.77781			6
2026.02.06	02:00:05.650	0.77774	0.77780			6
2026.02.06	02:00:06.767		0.77779			4
2026.02.06	02:00:07.352	0.77773	0.77778			6
2026.02.06	02:00:07.679		0.77777			4
2026.02.06	02:00:11.332	0.77775	0.77780			6
2026.02.06	02:00:11.640		0.77781			4
2026.02.06	02:00:12.863	0.77774				2
2026.02.06	02:00:18.454	0.77775	0.77780			6
2026.02.06	02:00:18.904	0.77772	0.77778			6
2026.02.06	02:00:19.232		0.77777			4
2026.02.06	02:00:25.907	0.77775	0.77779			6
2026.02.06	02:00:26.774		0.77780			4
2026.02.06	02:00:28.575	0.77773	0.77778			6
2026.02.06	02:00:29.349		0.77779			4
2026.02.06	02:00:35.804		0.77778			4
2026.02.06	02:00:36.413	0.77772				2
2026.02.06	02:00:40.148		0.77777			4
2026.02.06	02:00:41.249		0.77776			4
2026.02.06	02:00:42.256	0.77771				2
2026.02.06	02:00:42.945		0.77777			4
2026.02.06	02:00:45.002	0.77772				2
2026.02.06	02:00:47.645	0.77770	0.77776			6
2026.02.06	02:00:48.885	0.77769				2
2026.02.06	02:00:49.904	0.77770				2
2026.02.06	02:00:53.404	0.77771				2
2026.02.06	02:00:54.613	0.77770				2
2026.02.06	02:00:59.060		0.77775			4
2026.02.06	02:00:59.417		0.77776			4
2026.02.06	02:00:59.913	0.77771				2
2026.02.06	02:01:01.875	0.77770				2
2026.02.06	02:01:02.499	0.77771				2
2026.02.06	02:01:02.856	0.77769				2
2026.02.06	02:01:03.720	0.77770	0.77775			6
2026.02.06	02:01:04.103	0.77769				2
2026.02.06	02:01:06.110	0.77770				2
2026.02.06	02:01:06.564		0.77776			4
2026.02.06	02:01:06.870	0.77767	0.77773			6
2026.02.06	02:01:08.245		0.77774			4
2026.02.06	02:01:13.704		0.77772			4
2026.02.06	02:01:14.032		0.77771			4
2026.02.06	02:01:14.365		0.77774			4
2026.02.06	02:01:16.110		0.77771			4
2026.02.06	02:01:16.431		0.77772			4
2026.02.06	02:01:16.937		0.77773			4
2026.02.06	02:01:18.149		0.77774			4
2026.02.06	02:01:24.610		0.77775			4
2026.02.06	02:01:25.297		0.77774			4
2026.02.06	02:01:30.079		0.77771			4
2026.02.06	02:01:32.945		0.77772			4
2026.02.06	02:01:36.760	0.77761	0.77767			6
2026.02.06	02:01:37.079	0.77759	0.77766			6
2026.02.06	02:01:37.864	0.77757	0.77763			6
2026.02.06	02:01:38.342	0.77755	0.77762			6
2026.02.06	02:01:38.666	0.77754	0.77761			6
2026.02.06	02:01:38.972		0.77760			4
2026.02.06	02:01:39.483		0.77759			4
2026.02.06	02:01:39.791	0.77750	0.77757			6
2026.02.06	02:01:40.469		0.77756			4
2026.02.06	02:01:41.626		0.77754			4
2026.02.06	02:01:42.278		0.77755			4
2026.02.06	02:01:42.927		0.77754			4
2026.02.06	02:01:43.930	0.77751	0.77755			6
2026.02.06	02:01:44.281		0.77756			4
2026.02.06	02:01:47.558		0.77755			4
2026.02.06	02:01:50.576	0.77750				2
2026.02.06	02:01:52.558	0.77751				2
2026.02.06	02:01:54.873	0.77752				2
2026.02.06	02:01:55.246		0.77754			4
2026.02.06	02:01:55.572		0.77755			4
2026.02.06	02:01:57.561		0.77758			4
2026.02.06	02:01:59.045	0.77750	0.77756			6
2026.02.06	02:02:00.066	0.77749				2
2026.02.06	02:02:00.385	0.77748	0.77755			6
2026.02.06	02:02:01.437		0.77754			4
2026.02.06	02:02:02.807		0.77753			4
2026.02.06	02:02:05.265	0.77747				2
2026.02.06	02:02:07.395		0.77754			4
2026.02.06	02:02:08.640		0.77753			4
2026.02.06	02:02:11.805		0.77754			4
2026.02.06	02:02:13.295		0.77753			4
2026.02.06	02:02:13.969	0.77745	0.77751			6
2026.02.06	02:02:18.255		0.77750			4
2026.02.06	02:02:20.409	0.77749	0.77755			6
2026.02.06	02:02:20.992	0.77750	0.77756			6
2026.02.06	02:02:21.882		0.77757			4
2026.02.06	02:02:22.317		0.77756			4
2026.02.06	02:02:22.641		0.77755			4
2026.02.06	02:02:22.946	0.77749	0.77756			6
2026.02.06	02:02:23.909		0.77755			4
2026.02.06	02:02:32.749	0.77748	0.77754			6
2026.02.06	02:02:39.353	0.77745	0.77751			6
2026.02.06	02:02:46.632	0.77746				2
2026.02.06	02:02:47.832	0.77745				2
2026.02.06	02:02:49.980	0.77746				2
2026.02.06	02:02:54.831		0.77752			4
2026.02.06	02:02:57.849	0.77748	0.77754			6
2026.02.06	02:02:58.218	0.77747				2
2026.02.06	02:02:59.618	0.77749	0.77756			6
2026.02.06	02:03:00.406	0.77748				2
2026.02.06	02:03:01.110	0.77749				2
2026.02.06	02:03:01.875	0.77750	0.77757			6
2026.02.06	02:03:02.241	0.77751				2
2026.02.06	02:03:05.332	0.77749	0.77755			6
2026.02.06	02:03:08.325		0.77754			4
2026.02.06	02:03:09.352	0.77748				2
2026.02.06	02:03:11.648	0.77749				2
2026.02.06	02:03:18.160	0.77747	0.77753			6
2026.02.06	02:03:18.697	0.77748	0.77754			6
2026.02.06	02:03:22.224		0.77753			4
2026.02.06	02:03:26.352	0.77746	0.77752			6
2026.02.06	02:03:26.699		0.77751			4
2026.02.06	02:03:36.323	0.77747	0.77752			6
2026.02.06	02:03:38.076	0.77746	0.77751			6
2026.02.06	02:03:42.477	0.77747	0.77752			6
2026.02.06	02:03:45.322	0.77749	0.77753			6
2026.02.06	02:03:45.926	0.77750	0.77755			6
2026.02.06	02:03:49.173		0.77754			4
2026.02.06	02:03:49.679	0.77751	0.77756			6
2026.02.06	02:03:50.141		0.77758			4
2026.02.06	02:03:50.585	0.77752				2
2026.02.06	02:03:50.931	0.77751				2
2026.02.06	02:03:55.046		0.77757			4
2026.02.06	02:03:55.775	0.77749	0.77755			6
2026.02.06	02:03:56.088	0.77748	0.77754			6
2026.02.06	02:04:00.643	0.77747				2
2026.02.06	02:04:03.103	0.77748	0.77755			6
2026.02.06	02:04:05.477		0.77754			4
2026.02.06	02:04:08.525	0.77750	0.77756			6
2026.02.06	02:04:08.838	0.77749	0.77757			6
2026.02.06	02:04:13.502		0.77756			4
2026.02.06	02:04:14.697	0.77750	0.77757			6
2026.02.06	02:04:17.498	0.77751	0.77758			6
2026.02.06	02:04:20.084	0.77752				2
2026.02.06	02:04:22.120	0.77751	0.77757			6
2026.02.06	02:04:23.507	0.77750				2
2026.02.06	02:04:24.182	0.77751				2
2026.02.06	02:04:25.736	0.77752	0.77758			6
2026.02.06	02:04:28.268	0.77751				2
2026.02.06	02:04:30.919	0.77752	0.77757			6
2026.02.06	02:04:31.222	0.77750				2
2026.02.06	02:04:35.398	0.77752	0.77758			6
2026.02.06	02:04:35.750	0.77751				2
2026.02.06	02:04:36.450	0.77753	0.77759			6
2026.02.06	02:04:36.931	0.77754				2
2026.02.06	02:04:37.355	0.77753				2
2026.02.06	02:04:44.395		0.77760			4
2026.02.06	02:04:48.132		0.77759			4
2026.02.06	02:04:49.209	0.77754	0.77760			6
2026.02.06	02:04:52.763	0.77752	0.77759			6
2026.02.06	02:04:53.991	0.77750	0.77756			6
2026.02.06	02:04:55.152	0.77752	0.77758			6
2026.02.06	02:04:57.241		0.77759			4
2026.02.06	02:04:59.803	0.77755	0.77761			6
2026.02.06	02:05:00.304	0.77755				2
2026.02.06	02:05:01.368		0.77762			4
2026.02.06	02:05:12.413	0.77751	0.77758			6
2026.02.06	02:05:12.930		0.77757			4
2026.02.06	02:05:13.285	0.77750	0.77756			6
2026.02.06	02:05:17.526	0.77749	0.77755			6
2026.02.06	02:05:17.844		0.77756			4
2026.02.06	02:05:18.751		0.77755			4
2026.02.06	02:05:20.642		0.77756			4
2026.02.06	02:05:20.970		0.77755			4
2026.02.06	02:05:23.320		0.77754			4
2026.02.06	02:05:24.017	0.77748	0.77755			6
2026.02.06	02:05:25.049	0.77749				2
2026.02.06	02:05:25.863	0.77748				2
2026.02.06	02:05:27.242	0.77750	0.77756			6
2026.02.06	02:05:27.559	0.77749				2
2026.02.06	02:05:28.203	0.77750				2
2026.02.06	02:05:29.040	0.77749				2
2026.02.06	02:05:30.736	0.77750				2
2026.02.06	02:05:32.058	0.77749	0.77755			6
2026.02.06	02:05:34.037		0.77756			4
2026.02.06	02:05:35.315	0.77750				2
2026.02.06	02:05:35.915	0.77749				2
2026.02.06	02:05:39.297		0.77755			4
2026.02.06	02:05:42.104	0.77750				2
2026.02.06	02:05:43.952		0.77754			4
2026.02.06	02:05:46.909		0.77756			4
2026.02.06	02:05:48.269		0.77755			4
2026.02.06	02:05:48.835	0.77746	0.77751			6
2026.02.06	02:05:49.149		0.77750			4
2026.02.06	02:05:49.628	0.77745	0.77749			6
2026.02.06	02:05:50.249		0.77750			4
2026.02.06	02:05:59.334		0.77749			4
2026.02.06	02:05:59.700	0.77744				2
2026.02.06	02:06:00.402	0.77744	0.77750			6
2026.02.06	02:06:03.783	0.77745				2
2026.02.06	02:06:21.865	0.77744				2
2026.02.06	02:06:24.733	0.77747	0.77751			6
2026.02.06	02:06:25.144		0.77752			4
2026.02.06	02:06:26.804	0.77748	0.77753			6
2026.02.06	02:06:27.120		0.77754			4
2026.02.06	02:06:27.980	0.77746	0.77752			6
2026.02.06	02:06:28.463		0.77751			4
2026.02.06	02:06:28.766		0.77752			4
2026.02.06	02:06:30.075		0.77753			4
2026.02.06	02:06:31.801	0.77747				2
2026.02.06	02:06:32.350		0.77754			4
2026.02.06	02:06:36.234		0.77753			4
2026.02.06	02:06:38.509	0.77748	0.77754			6
2026.02.06	02:06:39.225	0.77747				2
2026.02.06	02:06:43.124		0.77753			4
2026.02.06	02:06:45.888		0.77754			4
2026.02.06	02:06:46.282		0.77753			4
2026.02.06	02:06:48.554	0.77748	0.77754			6
2026.02.06	02:06:48.901	0.77749				2
2026.02.06	02:06:49.883	0.77750	0.77755			6
2026.02.06	02:06:50.293		0.77756			4
2026.02.06	02:06:52.499		0.77757			4
2026.02.06	02:06:52.918		0.77756			4
2026.02.06	02:06:54.276	0.77749	0.77755			6
2026.02.06	02:06:55.628		0.77756			4
2026.02.06	02:06:57.091	0.77751	0.77757			6
2026.02.06	02:06:57.397	0.77750				2
2026.02.06	02:06:58.193		0.77756			4
2026.02.06	02:07:00.018	0.77750				2
2026.02.06	02:07:03.955		0.77757			4
2026.02.06	02:07:06.279	0.77751				2
2026.02.06	02:07:06.968	0.77750				2
2026.02.06	02:07:08.092		0.77756			4
2026.02.06	02:07:08.459		0.77755			4
2026.02.06	02:07:09.133		0.77756			4
2026.02.06	02:07:14.380		0.77757			4
2026.02.06	02:07:14.766	0.77752	0.77758			6
2026.02.06	02:07:20.150	0.77754	0.77761			6
2026.02.06	02:07:20.655	0.77755				2
2026.02.06	02:07:25.144	0.77756	0.77762			6
2026.02.06	02:07:25.489	0.77758	0.77765			6
2026.02.06	02:07:26.371	0.77756	0.77762			6
2026.02.06	02:07:26.731		0.77763			4
2026.02.06	02:07:29.768	0.77755	0.77762			6
2026.02.06	02:07:30.613	0.77756				2
2026.02.06	02:07:32.114	0.77753	0.77759			6
2026.02.06	02:07:34.702	0.77752				2
2026.02.06	02:07:35.294	0.77751	0.77758			6
2026.02.06	02:07:35.897		0.77759			4
2026.02.06	02:07:37.591	0.77752	0.77760			6
2026.02.06	02:07:39.613	0.77753	0.77761			6
2026.02.06	02:07:40.484	0.77752	0.77760			6
2026.02.06	02:07:42.097		0.77759			4
2026.02.06	02:07:43.411	0.77750	0.77757			6
2026.02.06	02:07:45.727	0.77749				2
2026.02.06	02:07:55.288	0.77747	0.77754			6
2026.02.06	02:07:57.259	0.77749	0.77756			6
2026.02.06	02:07:57.869		0.77757			4
2026.02.06	02:07:58.230		0.77756			4
2026.02.06	02:08:00.702	0.77749	0.77757			6
2026.02.06	02:08:07.438	0.77748	0.77756			6
2026.02.06	02:08:07.948	0.77749	0.77757			6
2026.02.06	02:08:08.339	0.77748	0.77754			6
2026.02.06	02:08:09.853	0.77749				2
2026.02.06	02:08:13.424	0.77748				2
2026.02.06	02:08:15.017	0.77749				2
2026.02.06	02:08:15.872	0.77750				2
2026.02.06	02:08:17.278		0.77753			4
2026.02.06	02:08:25.644		0.77755			4
2026.02.06	02:08:30.424	0.77749				2
2026.02.06	02:08:30.730		0.77754			4
2026.02.06	02:08:35.391	0.77750	0.77756			6
2026.02.06	02:08:36.827	0.77753	0.77758			6
2026.02.06	02:08:37.442	0.77754				2
2026.02.06	02:08:39.897		0.77759			4
2026.02.06	02:08:45.303	0.77756	0.77762			6
2026.02.06	02:08:46.081	0.77755	0.77760			6
2026.02.06	02:08:48.053	0.77757	0.77763			6
2026.02.06	02:08:54.653	0.77756				2
2026.02.06	02:08:57.902		0.77762			4
2026.02.06	02:08:58.222		0.77761			4
2026.02.06	02:08:58.911	0.77754				2
2026.02.06	02:08:59.470		0.77760			4
2026.02.06	02:09:00.330	0.77754				2
2026.02.06	02:09:00.642		0.77761			4
2026.02.06	02:09:03.357		0.77762			4
2026.02.06	02:09:04.587		0.77761			4
2026.02.06	02:09:05.364	0.77753	0.77759			6
2026.02.06	02:09:14.053	0.77752	0.77760			6
2026.02.06	02:09:18.787	0.77753	0.77759			6
2026.02.06	02:09:21.466	0.77752	0.77758			6
2026.02.06	02:09:22.069		0.77759			4
2026.02.06	02:09:23.494	0.77753				2
2026.02.06	02:09:31.145	0.77747	0.77753			6
2026.02.06	02:09:34.894	0.77752	0.77759			6
2026.02.06	02:09:36.535	0.77753	0.77760			6
2026.02.06	02:09:39.224	0.77752				2
2026.02.06	02:09:41.022	0.77753				2
2026.02.06	02:09:43.772		0.77759			4
2026.02.06	02:09:46.435	0.77754				2
2026.02.06	02:09:46.833	0.77752				2
2026.02.06	02:09:47.888	0.77755	0.77763			6
2026.02.06	02:09:49.710		0.77762			4
2026.02.06	02:09:52.267	0.77756	0.77763			6
2026.02.06	02:09:54.746	0.77755				2
2026.02.06	02:09:55.266	0.77756				2
2026.02.06	02:09:55.581	0.77755				2
2026.02.06	02:09:57.696	0.77756				2
2026.02.06	02:09:58.480	0.77757				2
2026.02.06	02:09:58.858	0.77756				2
2026.02.06	02:09:59.726	0.77757	0.77762			6
2026.02.06	02:10:00.056	0.77757	0.77763			6
2026.02.06	02:10:00.644	0.77756				2
2026.02.06	02:10:02.725	0.77758	0.77765			6
2026.02.06	02:10:04.915	0.77762	0.77769			6
2026.02.06	02:10:08.494	0.77764				2
2026.02.06	02:10:10.000	0.77761	0.77767			6
2026.02.06	02:10:11.983		0.77768			4
2026.02.06	02:10:12.811		0.77769			4
2026.02.06	02:10:20.022		0.77768			4
2026.02.06	02:10:23.612		0.77769			4
2026.02.06	02:10:23.990	0.77762	0.77768			6
2026.02.06	02:10:26.899	0.77761				2
2026.02.06	02:10:30.413	0.77762	0.77769			6
2026.02.06	02:10:31.101	0.77765	0.77768			6
2026.02.06	02:10:32.023		0.77769			4
2026.02.06	02:10:32.426		0.77768			4
2026.02.06	02:10:32.899		0.77770			4
2026.02.06	02:10:34.027		0.77768			4
2026.02.06	02:10:35.795	0.77763				2
2026.02.06	02:10:39.683		0.77767			4
2026.02.06	02:10:44.803	0.77762				2
2026.02.06	02:10:45.477	0.77760	0.77765			6
2026.02.06	02:10:47.584		0.77766			4
2026.02.06	02:10:48.658	0.77761				2
2026.02.06	02:10:55.274		0.77767			4
2026.02.06	02:10:56.479		0.77766			4
2026.02.06	02:10:57.662	0.77760	0.77764			6
2026.02.06	02:10:57.971	0.77761	0.77765			6
2026.02.06	02:10:59.683	0.77760	0.77766			6
2026.02.06	02:11:00.390	0.77758	0.77764			6
2026.02.06	02:11:11.716		0.77763			4
2026.02.06	02:11:13.087	0.77759	0.77764			6
2026.02.06	02:11:13.408		0.77763			4
2026.02.06	02:11:17.777	0.77760	0.77765			6
2026.02.06	02:11:18.544	0.77759	0.77763			6
2026.02.06	02:11:19.523		0.77764			4
2026.02.06	02:11:20.724		0.77763			4
2026.02.06	02:11:21.602		0.77764			4
2026.02.06	02:11:22.096		0.77763			4
2026.02.06	02:11:22.589		0.77764			4
2026.02.06	02:11:23.737		0.77763			4
2026.02.06	02:11:27.484	0.77760	0.77765			6
2026.02.06	02:11:29.539	0.77759				2
2026.02.06	02:11:32.572	0.77762	0.77768			6
2026.02.06	02:11:33.056	0.77764				2
2026.02.06	02:11:33.360		0.77767			4
2026.02.06	02:11:34.492	0.77761	0.77765			6
2026.02.06	02:11:36.908	0.77759	0.77764			6
2026.02.06	02:11:37.255	0.77758				2
2026.02.06	02:11:38.262	0.77759	0.77763			6
2026.02.06	02:11:39.798		0.77764			4
2026.02.06	02:11:41.629		0.77763			4
2026.02.06	02:11:44.483	0.77758				2
2026.02.06	02:11:44.908	0.77756				2
2026.02.06	02:11:45.222		0.77761			4
2026.02.06	02:11:47.331		0.77759			4
2026.02.06	02:11:48.267		0.77761			4
2026.02.06	02:11:49.740		0.77760			4
2026.02.06	02:11:50.379	0.77758	0.77763			6
2026.02.06	02:11:52.358	0.77759				2
2026.02.06	02:11:53.515	0.77760	0.77766			6
2026.02.06	02:11:53.878	0.77761				2
2026.02.06	02:11:55.378	0.77760				2
2026.02.06	02:11:56.307	0.77761	0.77765			6
2026.02.06	02:11:57.031	0.77758	0.77762			6
2026.02.06	02:11:58.019	0.77756	0.77760			6
2026.02.06	02:11:59.525	0.77758	0.77763			6
2026.02.06	02:12:00.406	0.77758	0.77762			6
2026.02.06	02:12:00.722	0.77759				2
2026.02.06	02:12:01.437		0.77763			4
2026.02.06	02:12:06.049	0.77762	0.77767			6
2026.02.06	02:12:06.704		0.77766			4
2026.02.06	02:12:09.259	0.77761				2
2026.02.06	02:12:10.526		0.77765			4
2026.02.06	02:12:12.278	0.77764	0.77768			6
2026.02.06	02:12:12.580	0.77765	0.77769			6
2026.02.06	02:12:13.349	0.77766	0.77771			6
2026.02.06	02:12:16.998	0.77765				2
2026.02.06	02:12:17.646		0.77769			4
2026.02.06	02:12:22.038	0.77764				2
2026.02.06	02:12:22.632		0.77768			4
2026.02.06	02:12:23.013	0.77763	0.77767			6
2026.02.06	02:12:27.633		0.77768			4
2026.02.06	02:12:27.939		0.77767			4
2026.02.06	02:12:30.060		0.77768			4
2026.02.06	02:12:32.427		0.77769			4
2026.02.06	02:12:34.960	0.77764				2
2026.02.06	02:12:37.776		0.77770			4
2026.02.06	02:12:40.369	0.77765				2
2026.02.06	02:12:46.267		0.77771			4
2026.02.06	02:12:47.500		0.77770			4
2026.02.06	02:12:51.180	0.77763	0.77769			6
2026.02.06	02:12:51.912	0.77764				2
2026.02.06	02:12:53.350	0.77763				2
2026.02.06	02:12:54.897		0.77768			4
2026.02.06	02:12:55.959		0.77769			4
2026.02.06	02:12:57.392	0.77764				2
2026.02.06	02:12:59.243		0.77770			4
2026.02.06	02:13:00.013	0.77764				2
2026.02.06	02:13:03.059	0.77765				2
2026.02.06	02:13:03.489		0.77771			4
2026.02.06	02:13:08.662	0.77766				2
2026.02.06	02:13:16.738		0.77770			4
2026.02.06	02:13:17.370		0.77771			4
2026.02.06	02:13:20.441		0.77770			4
2026.02.06	02:13:21.626	0.77763	0.77767			6
2026.02.06	02:13:21.943	0.77761	0.77766			6
2026.02.06	02:13:22.807	0.77762				2
2026.02.06	02:13:24.817	0.77763	0.77767			6
2026.02.06	02:13:25.398	0.77762				2
2026.02.06	02:13:25.866	0.77759	0.77764			6
2026.02.06	02:13:27.095	0.77760				2
2026.02.06	02:13:27.540		0.77765			4
2026.02.06	02:13:29.046	0.77759	0.77764			6
2026.02.06	02:13:29.397	0.77760				2
2026.02.06	02:13:30.406	0.77761	0.77766			6
2026.02.06	02:13:31.908	0.77762				2
2026.02.06	02:13:33.459	0.77761				2
2026.02.06	02:13:33.762	0.77758	0.77763			6
2026.02.06	02:13:35.384	0.77759	0.77764			6
2026.02.06	02:13:37.135	0.77760	0.77765			6
2026.02.06	02:13:37.704	0.77761	0.77766			6
2026.02.06	02:13:38.411	0.77762				2
2026.02.06	02:13:38.727	0.77761				2
2026.02.06	02:13:41.506	0.77760	0.77765			6
2026.02.06	02:13:46.403		0.77764			4
2026.02.06	02:13:47.276		0.77765			4
2026.02.06	02:13:48.433	0.77761	0.77766			6
2026.02.06	02:13:50.166	0.77762				2
2026.02.06	02:13:53.390	0.77761				2
2026.02.06	02:13:54.612	0.77765	0.77770			6
2026.02.06	02:13:55.395	0.77766				2
2026.02.06	02:13:59.347	0.77765				2
2026.02.06	02:14:00.102	0.77763	0.77768			6
2026.02.06	02:14:03.458	0.77762				2
2026.02.06	02:14:03.815	0.77763				2
2026.02.06	02:14:10.477		0.77769			4
2026.02.06	02:14:10.780		0.77768			4
2026.02.06	02:14:12.316	0.77761	0.77766			6
2026.02.06	02:14:13.977	0.77760				2
2026.02.06	02:14:15.108	0.77761				2
2026.02.06	02:14:15.502	0.77762	0.77767			6
2026.02.06	02:14:15.808	0.77763	0.77769			6
2026.02.06	02:14:18.754		0.77768			4
2026.02.06	02:14:27.466	0.77765	0.77770			6
2026.02.06	02:14:28.728	0.77764				2
2026.02.06	02:14:30.209	0.77765				2
2026.02.06	02:14:31.116	0.77764				2
2026.02.06	02:14:32.206	0.77765				2
2026.02.06	02:14:36.295	0.77764				2
2026.02.06	02:14:37.949	0.77765				2
2026.02.06	02:14:39.024	0.77764				2
2026.02.06	02:14:46.994	0.77765				2
2026.02.06	02:14:51.278	0.77766	0.77772			6
2026.02.06	02:14:53.145	0.77765	0.77771			6
2026.02.06	02:14:54.655	0.77766				2
2026.02.06	02:14:56.135	0.77767	0.77772			6
2026.02.06	02:14:57.443	0.77766				2
2026.02.06	02:14:57.823	0.77765				2
2026.02.06	02:14:59.333	0.77772	0.77777			6
2026.02.06	02:15:00.307	0.77773	0.77778			6
2026.02.06	02:15:00.979	0.77775	0.77780			6
2026.02.06	02:15:01.302		0.77781			4
2026.02.06	02:15:02.409	0.77776				2
2026.02.06	02:15:02.766	0.77777	0.77782			6
2026.02.06	02:15:03.750	0.77788	0.77793			6
2026.02.06	02:15:04.067	0.77784	0.77790			6
2026.02.06	02:15:04.592	0.77783	0.77789			6
2026.02.06	02:15:04.895	0.77782				2
2026.02.06	02:15:05.625	0.77783				2
2026.02.06	02:15:06.046	0.77782	0.77787			6
2026.02.06	02:15:06.379	0.77783				2
2026.02.06	02:15:08.014		0.77788			4
2026.02.06	02:15:09.440	0.77779	0.77784			6
2026.02.06	02:15:09.755	0.77778				2
2026.02.06	02:15:10.537	0.77779	0.77785			6
2026.02.06	02:15:11.178	0.77778				2
2026.02.06	02:15:14.001	0.77779				2
2026.02.06	02:15:14.346		0.77784			4
2026.02.06	02:15:14.721	0.77778				2
2026.02.06	02:15:15.662	0.77779				2
2026.02.06	02:15:18.416	0.77778				2
2026.02.06	02:15:19.511	0.77776	0.77782			6
2026.02.06	02:15:20.251		0.77783			4
2026.02.06	02:15:20.559		0.77782			4
2026.02.06	02:15:20.883	0.77777	0.77783			6
2026.02.06	02:15:21.592		0.77782			4
2026.02.06	02:15:24.482	0.77776				2
2026.02.06	02:15:24.947	0.77777				2
2026.02.06	02:15:26.331	0.77776				2
2026.02.06	02:15:27.719	0.77777				2
2026.02.06	02:15:28.058	0.77776				2
2026.02.06	02:15:30.407		0.77781			4
2026.02.06	02:15:31.862	0.77775				2
2026.02.06	02:15:34.762	0.77776				2
2026.02.06	02:15:35.498	0.77775	0.77782			6
2026.02.06	02:15:36.289	0.77776				2
2026.02.06	02:15:36.708	0.77772	0.77778			6
2026.02.06	02:15:37.108	0.77771	0.77777			6
2026.02.06	02:15:38.281	0.77772				2
2026.02.06	02:15:39.314	0.77771				2
2026.02.06	02:15:40.351	0.77772				2
2026.02.06	02:15:41.710	0.77771				2
2026.02.06	02:15:42.062	0.77772	0.77778			6
2026.02.06	02:15:46.049		0.77777			4
2026.02.06	02:15:46.745	0.77773	0.77778			6
2026.02.06	02:15:48.347	0.77772				2
2026.02.06	02:15:49.986	0.77773	0.77779			6
2026.02.06	02:15:50.301	0.77777	0.77782			6
2026.02.06	02:15:50.627	0.77778	0.77784			6
2026.02.06	02:15:54.383	0.77779	0.77785			6
2026.02.06	02:15:54.768	0.77778				2
2026.02.06	02:15:55.429	0.77779				2
2026.02.06	02:15:56.114	0.77777				2
2026.02.06	02:15:56.471		0.77784			4
2026.02.06	02:15:56.835	0.77780	0.77786			6
2026.02.06	02:15:57.650	0.77777	0.77784			6
2026.02.06	02:16:00.041	0.77777	0.77785			6
2026.02.06	02:16:00.476		0.77784			4
2026.02.06	02:16:01.285	0.77776	0.77783			6
2026.02.06	02:16:02.677	0.77773	0.77780			6
2026.02.06	02:16:02.990	0.77774	0.77781			6
2026.02.06	02:16:04.411	0.77776				2
2026.02.06	02:16:04.759	0.77773	0.77780			6
2026.02.06	02:16:05.935	0.77775	0.77781			6
2026.02.06	02:16:08.016	0.77776	0.77782			6
2026.02.06	02:16:08.358		0.77781			4
2026.02.06	02:16:08.692		0.77782			4
2026.02.06	02:16:12.543	0.77774	0.77780			6
2026.02.06	02:16:15.276	0.77773				2
2026.02.06	02:16:16.416	0.77774				2
2026.02.06	02:16:17.444	0.77773	0.77779			6
2026.02.06	02:16:18.939	0.77772				2
2026.02.06	02:16:20.113	0.77771	0.77777			6
2026.02.06	02:16:20.871	0.77770				2
2026.02.06	02:16:21.175	0.77768	0.77774			6
2026.02.06	02:16:22.806	0.77767	0.77773			6
2026.02.06	02:16:23.633	0.77766				2
2026.02.06	02:16:24.036	0.77767	0.77772			6
2026.02.06	02:16:24.611	0.77766				2
2026.02.06	02:16:25.191	0.77768	0.77774			6
2026.02.06	02:16:25.864	0.77767				2
2026.02.06	02:16:26.762	0.77769	0.77776			6
2026.02.06	02:16:29.170	0.77770				2
2026.02.06	02:16:29.999		0.77775			4
2026.02.06	02:16:30.991	0.77768				2
2026.02.06	02:16:32.558	0.77769				2
2026.02.06	02:16:33.626	0.77768				2
2026.02.06	02:16:35.883	0.77769				2
2026.02.06	02:16:36.187	0.77768				2
2026.02.06	02:16:40.555	0.77769				2
2026.02.06	02:16:44.560	0.77770	0.77776			6
2026.02.06	02:16:44.944		0.77777			4
2026.02.06	02:16:45.266	0.77769	0.77775			6
2026.02.06	02:16:50.045	0.77771	0.77778			6
2026.02.06	02:16:51.117	0.77769	0.77776			6
2026.02.06	02:16:55.395	0.77767	0.77773			6
2026.02.06	02:16:56.775	0.77768	0.77775			6
2026.02.06	02:16:58.555	0.77767				2
2026.02.06	02:16:58.859	0.77768	0.77774			6
2026.02.06	02:17:00.119	0.77769	0.77775			6
2026.02.06	02:17:00.459	0.77767				2
2026.02.06	02:17:00.763	0.77768				2
2026.02.06	02:17:01.632	0.77767				2
2026.02.06	02:17:01.962	0.77768	0.77774			6
2026.02.06	02:17:03.010	0.77765	0.77771			6
2026.02.06	02:17:04.141	0.77764				2
2026.02.06	02:17:04.463	0.77766	0.77772			6
2026.02.06	02:17:06.246		0.77773			4
2026.02.06	02:17:06.794	0.77768	0.77775			6
2026.02.06	02:17:07.154		0.77776			4
2026.02.06	02:17:07.469		0.77774			4
2026.02.06	02:17:08.044	0.77769	0.77777			6
2026.02.06	02:17:10.106	0.77772	0.77778			6
2026.02.06	02:17:11.335	0.77773	0.77777			6
2026.02.06	02:17:11.710	0.77772				2
2026.02.06	02:17:15.538		0.77779			4
2026.02.06	02:17:15.867		0.77777			4
2026.02.06	02:17:16.215	0.77775	0.77781			6
2026.02.06	02:17:17.037		0.77782			4
2026.02.06	02:17:18.356	0.77776				2
2026.02.06	02:17:19.695	0.77775	0.77781			6
2026.02.06	02:17:21.453	0.77776	0.77782			6
2026.02.06	02:17:22.363		0.77783			4
2026.02.06	02:17:22.784		0.77784			4
2026.02.06	02:17:23.113		0.77783			4
2026.02.06	02:17:25.052		0.77782			4
2026.02.06	02:17:27.587		0.77783			4
2026.02.06	02:17:30.203		0.77782			4
2026.02.06	02:17:33.452		0.77781			4
2026.02.06	02:17:33.822	0.77775				2
2026.02.06	02:17:35.981	0.77776				2
2026.02.06	02:17:36.343		0.77782			4
2026.02.06	02:17:37.132		0.77783			4
2026.02.06	02:17:38.144	0.77777				2
2026.02.06	02:17:39.589		0.77784			4
2026.02.06	02:17:43.098	0.77775	0.77782			6
2026.02.06	02:17:43.407	0.77776				2
2026.02.06	02:17:44.981		0.77784			4
2026.02.06	02:17:45.331		0.77782			4
2026.02.06	02:17:45.695		0.77785			4
2026.02.06	02:17:47.353	0.77778	0.77786			6
2026.02.06	02:17:47.738	0.77779	0.77785			6
2026.02.06	02:17:48.376		0.77786			4
2026.02.06	02:17:48.908		0.77787			4
2026.02.06	02:17:49.247		0.77786			4
2026.02.06	02:17:49.736	0.77775	0.77782			6
2026.02.06	02:17:50.757		0.77781			4
2026.02.06	02:17:52.222		0.77783			4
2026.02.06	02:17:54.396	0.77777	0.77784			6
2026.02.06	02:17:56.338	0.77778				2
2026.02.06	02:17:57.371	0.77781	0.77787			6
2026.02.06	02:17:57.805	0.77780				2
2026.02.06	02:17:58.473	0.77781				2
2026.02.06	02:17:59.228	0.77782	0.77788			6
2026.02.06	02:17:59.544	0.77781	0.77790			6
2026.02.06	02:18:00.244	0.77781				2
2026.02.06	02:18:00.593	0.77787	0.77796			6
2026.02.06	02:18:01.613	0.77790	0.77798			6
2026.02.06	02:18:01.918	0.77791	0.77799			6
2026.02.06	02:18:02.676	0.77789	0.77798			6
2026.02.06	02:18:03.101	0.77791	0.77800			6
2026.02.06	02:18:03.412	0.77794	0.77802			6
2026.02.06	02:18:04.182	0.77793				2
2026.02.06	02:18:04.501	0.77792	0.77801			6
2026.02.06	02:18:04.804	0.77793				2
2026.02.06	02:18:05.115	0.77794				2
2026.02.06	02:18:05.419		0.77803			4
2026.02.06	02:18:05.727	0.77795				2
2026.02.06	02:18:06.060	0.77796				2
2026.02.06	02:18:06.380	0.77794	0.77802			6
2026.02.06	02:18:06.988	0.77792	0.77801			6
2026.02.06	02:18:07.721		0.77800			4
2026.02.06	02:18:10.707	0.77793				2
2026.02.06	02:18:12.153		0.77801			4
2026.02.06	02:18:13.161	0.77792				2
2026.02.06	02:18:15.704	0.77790	0.77797			6
2026.02.06	02:18:16.022	0.77789				2
2026.02.06	02:18:16.379	0.77788	0.77796			6
2026.02.06	02:18:16.686	0.77789				2
2026.02.06	02:18:17.167	0.77788	0.77795			6
2026.02.06	02:18:17.567	0.77790	0.77797			6
2026.02.06	02:18:17.962	0.77793	0.77799			6
2026.02.06	02:18:20.351	0.77792				2
2026.02.06	02:18:20.867		0.77798			4
2026.02.06	02:18:21.282		0.77799			4
2026.02.06	02:18:22.129		0.77798			4
2026.02.06	02:18:22.594		0.77800			4
2026.02.06	02:18:25.361	0.77793				2
2026.02.06	02:18:27.012		0.77799			4
2026.02.06	02:18:27.321	0.77795	0.77802			6
2026.02.06	02:18:27.691	0.77796	0.77803			6
2026.02.06	02:18:28.361	0.77797				2
2026.02.06	02:18:29.595	0.77798	0.77804			6
