<DATE>	<TIME>	<BID>	<ASK>	<LAST>	<VOLUME>	<FLAGS>
2026.01.19	00:03:30.609	0.80068	0.80169			6
2026.01.19	00:03:42.140	0.80074	0.80176			6
2026.01.19	00:04:04.075	0.80087	0.80189			6
2026.01.19	00:04:24.653	0.80069	0.80227			6
2026.01.19	00:04:34.059	0.80082	0.80196			6
2026.01.19	00:04:34.607		0.80227			4
2026.01.19	00:04:36.109	0.80115	0.80235			6
2026.01.19	00:04:36.608	0.80074	0.80243			6
2026.01.19	00:04:37.441	0.80094				2
2026.01.19	00:04:42.869	0.80107				2
2026.01.19	00:05:03.963	0.80107				2
2026.01.19	00:05:20.518	0.80118	0.80232			6
2026.01.19	00:05:43.152	0.80120	0.80231			6
2026.01.19	00:05:51.024	0.80107	0.80243			6
2026.01.19	00:06:05.332	0.80107				2
2026.01.19	00:06:36.929	0.80120	0.80231			6
2026.01.19	00:07:01.304	0.80120				2
2026.01.19	00:07:07.130	0.80125	0.80239			6
2026.01.19	00:07:36.026	0.80134	0.80237			6
2026.01.19	00:08:14.778	0.80134				2
2026.01.19	00:08:31.028		0.80236			4
2026.01.19	00:08:56.121	0.80121	0.80232			6
2026.01.19	00:09:01.305	0.80121				2
2026.01.19	00:09:13.137	0.80106	0.80242			6
2026.01.19	00:10:00.374	0.80106				2
2026.01.19	00:10:13.251		0.80242			4
2026.01.19	00:11:00.227	0.80106				2
2026.01.19	00:11:15.026		0.80242			4
2026.01.19	00:11:17.907	0.80109				2
2026.01.19	00:11:22.526	0.80110				2
2026.01.19	00:11:24.326	0.80109				2
2026.01.19	00:11:24.961	0.80110				2
2026.01.19	00:11:27.294	0.80111				2
2026.01.19	00:11:28.641	0.80113				2
2026.01.19	00:11:36.327	0.80114				2
2026.01.19	00:11:38.014	0.80118				2
2026.01.19	00:11:41.728	0.80119				2
2026.01.19	00:11:43.056		0.80232			4
2026.01.19	00:11:48.213	0.80120				2
2026.01.19	00:11:48.882	0.80119				2
2026.01.19	00:11:52.529	0.80121				2
2026.01.19	00:11:57.925	0.80122				2
2026.01.19	00:12:01.303	0.80122				2
2026.01.19	00:12:12.930	0.80123				2
2026.01.19	00:12:22.828	0.80122				2
2026.01.19	00:12:47.454		0.80232			4
2026.01.19	00:13:00.326	0.80122				2
2026.01.19	00:13:08.285	0.80124				2
2026.01.19	00:13:09.490	0.80120				2
2026.01.19	00:13:09.926	0.80119				2
2026.01.19	00:13:11.405		0.80242			4
2026.01.19	00:13:24.340	0.80118				2
2026.01.19	00:13:27.767	0.80114				2
2026.01.19	00:13:28.187	0.80113				2
2026.01.19	00:13:29.310	0.80110				2
2026.01.19	00:13:30.625	0.80111				2
2026.01.19	00:13:32.427	0.80110				2
2026.01.19	00:13:34.313	0.80111				2
2026.01.19	00:13:34.825	0.80110				2
2026.01.19	00:14:01.303	0.80110				2
2026.01.19	00:14:06.327		0.80232			4
2026.01.19	00:14:08.287	0.80109				2
2026.01.19	00:14:08.597	0.80103				2
2026.01.19	00:14:10.639	0.80108				2
2026.01.19	00:14:13.832	0.80105				2
2026.01.19	00:14:22.939	0.80108				2
2026.01.19	00:14:26.246	0.80114				2
2026.01.19	00:14:31.525	0.80113				2
2026.01.19	00:14:39.928	0.80112				2
2026.01.19	00:14:46.551	0.80111				2
2026.01.19	00:14:47.946	0.80112				2
2026.01.19	00:15:00.572	0.80116				2
2026.01.19	00:15:01.303	0.80114	0.80238			6
2026.01.19	00:15:22.340	0.80113				2
2026.01.19	00:15:48.477	0.80115				2
2026.01.19	00:15:48.784	0.80130				2
2026.01.19	00:15:49.673	0.80127				2
2026.01.19	00:15:51.031		0.80274			4
2026.01.19	00:15:53.349	0.80128				2
2026.01.19	00:15:58.096	0.80127				2
2026.01.19	00:15:59.118	0.80126				2
2026.01.19	00:16:00.529	0.80126				2
2026.01.19	00:16:03.027	0.80127				2
2026.01.19	00:16:06.357	0.80126				2
2026.01.19	00:16:09.830	0.80127				2
2026.01.19	00:16:10.132	0.80129				2
2026.01.19	00:16:11.291	0.80127				2
2026.01.19	00:16:18.626	0.80128				2
2026.01.19	00:16:30.808	0.80126				2
2026.01.19	00:16:31.224	0.80127				2
2026.01.19	00:16:35.617	0.80129				2
2026.01.19	00:16:41.725	0.80130				2
2026.01.19	00:16:46.032		0.80272			4
2026.01.19	00:16:51.627	0.80129				2
2026.01.19	00:16:54.330	0.80130				2
2026.01.19	00:17:01.226	0.80129				2
2026.01.19	00:17:04.824	0.80130				2
2026.01.19	00:17:07.044	0.80127				2
2026.01.19	00:17:07.480	0.80130				2
2026.01.19	00:17:31.773	0.80129				2
2026.01.19	00:17:33.866	0.80130				2
2026.01.19	00:17:34.758		0.80241			4
2026.01.19	00:18:00.087	0.80130				2
2026.01.19	00:18:04.910	0.80123				2
2026.01.19	00:18:10.525	0.80125				2
2026.01.19	00:18:28.451	0.80110				2
2026.01.19	00:18:29.760		0.80250			4
2026.01.19	00:18:32.125		0.80249			4
2026.01.19	00:19:01.652	0.80110				2
2026.01.19	00:19:02.730		0.80248			4
2026.01.19	00:19:06.987		0.80249			4
2026.01.19	00:19:07.739		0.80250			4
2026.01.19	00:20:03.083	0.80110				2
2026.01.19	00:20:09.028	0.80125	0.80249			6
2026.01.19	00:20:09.626	0.80124				2
2026.01.19	00:20:32.584	0.80125				2
2026.01.19	00:20:36.128	0.80123	0.80250			6
2026.01.19	00:20:37.527	0.80124				2
2026.01.19	00:20:45.026		0.80249			4
2026.01.19	00:20:53.426		0.80250			4
2026.01.19	00:21:01.303	0.80124				2
2026.01.19	00:21:15.926	0.80123				2
2026.01.19	00:21:21.925	0.80124				2
2026.01.19	00:21:26.725	0.80123				2
2026.01.19	00:21:31.430	0.80115	0.80239			6
2026.01.19	00:21:41.035	0.80120	0.80233			6
2026.01.19	00:22:01.402	0.80120				2
2026.01.19	00:22:44.125		0.80233			4
2026.01.19	00:23:00.929	0.80120				2
2026.01.19	00:23:07.488	0.80123	0.80211			6
2026.01.19	00:24:00.329	0.80123				2
2026.01.19	00:24:07.825		0.80211			4
2026.01.19	00:24:12.442	0.80121	0.80204			6
2026.01.19	00:24:15.850	0.80126	0.80203			6
2026.01.19	00:24:20.170	0.80125	0.80198			6
2026.01.19	00:24:59.950	0.80128	0.80186			6
2026.01.19	00:25:00.325	0.80128				2
2026.01.19	00:25:27.785	0.80132	0.80182			6
2026.01.19	00:25:31.477	0.80128	0.80186			6
2026.01.19	00:25:42.288	0.80126	0.80231			6
2026.01.19	00:25:49.683	0.80120	0.80250			6
2026.01.19	00:26:00.126	0.80120				2
2026.01.19	00:26:28.278	0.80123				2
2026.01.19	00:26:29.987	0.80120				2
2026.01.19	00:26:49.875		0.80250			4
2026.01.19	00:27:01.224	0.80120				2
2026.01.19	00:27:28.949	0.80119				2
2026.01.19	00:27:41.038		0.80241			4
2026.01.19	00:28:02.604	0.80119				2
2026.01.19	00:28:21.018		0.80250			4
2026.01.19	00:29:01.304	0.80119				2
2026.01.19	00:29:16.052	0.80114				2
2026.01.19	00:29:26.053		0.80250			4
2026.01.19	00:29:40.529	0.80115				2
2026.01.19	00:30:00.625	0.80115				2
2026.01.19	00:30:08.725	0.80114				2
2026.01.19	00:30:11.982	0.80121	0.80242			6
2026.01.19	00:30:12.330	0.80124	0.80243			6
2026.01.19	00:30:13.325	0.80123				2
2026.01.19	00:30:13.809	0.80120	0.80246			6
2026.01.19	00:30:14.149	0.80116				2
2026.01.19	00:30:15.442	0.80123	0.80240			6
2026.01.19	00:30:17.831	0.80119	0.80243			6
2026.01.19	00:30:23.325	0.80118	0.80245			6
2026.01.19	00:30:24.626		0.80244			4
2026.01.19	00:30:25.083	0.80112	0.80250			6
2026.01.19	00:30:25.388	0.80113				2
2026.01.19	00:30:26.400	0.80112				2
2026.01.19	00:30:28.506	0.80113	0.80249			6
2026.01.19	00:30:28.824	0.80112	0.80250			6
2026.01.19	00:30:30.292	0.80111	0.80252			6
2026.01.19	00:30:31.836	0.80108				2
2026.01.19	00:30:32.258	0.80114	0.80250			6
2026.01.19	00:30:32.957	0.80121	0.80243			6
2026.01.19	00:30:34.476	0.80122	0.80242			6
2026.01.19	00:30:35.309	0.80118	0.80245			6
2026.01.19	00:30:36.162	0.80122	0.80242			6
2026.01.19	00:30:37.526	0.80123				2
2026.01.19	00:30:39.023	0.80106	0.80240			6
2026.01.19	00:30:39.872	0.80119				2
2026.01.19	00:30:40.427	0.80110				2
2026.01.19	00:30:41.432	0.80119				2
2026.01.19	00:30:42.690	0.80127	0.80234			6
2026.01.19	00:30:43.762	0.80124	0.80235			6
2026.01.19	00:30:44.157	0.80112	0.80240			6
2026.01.19	00:30:44.475	0.80119				2
2026.01.19	00:30:46.605	0.80117				2
2026.01.19	00:30:46.928	0.80119				2
2026.01.19	00:30:54.440	0.80112				2
2026.01.19	00:30:55.441	0.80119				2
2026.01.19	00:30:57.330	0.80116	0.80231			6
2026.01.19	00:30:57.798	0.80111	0.80236			6
2026.01.19	00:30:58.135	0.80112	0.80235			6
2026.01.19	00:30:59.162	0.80111	0.80236			6
2026.01.19	00:30:59.975	0.80115	0.80234			6
2026.01.19	00:31:01.161	0.80113	0.80236			6
2026.01.19	00:31:01.474	0.80118	0.80235			6
2026.01.19	00:31:01.822		0.80234			4
2026.01.19	00:31:03.190		0.80235			4
2026.01.19	00:31:04.317	0.80122	0.80231			6
2026.01.19	00:31:04.984		0.80229			4
2026.01.19	00:31:05.293		0.80231			4
2026.01.19	00:31:05.979		0.80230			4
2026.01.19	00:31:09.927		0.80228			4
2026.01.19	00:31:11.443		0.80230			4
2026.01.19	00:31:27.963		0.80225			4
2026.01.19	00:32:01.216	0.80122				2
2026.01.19	00:32:02.683	0.80114	0.80233			6
2026.01.19	00:32:07.065	0.80115	0.80232			6
2026.01.19	00:32:07.527	0.80122	0.80225			6
2026.01.19	00:32:34.226		0.80226			4
2026.01.19	00:32:37.166		0.80223			4
2026.01.19	00:32:41.167		0.80225			4
2026.01.19	00:32:42.027		0.80226			4
2026.01.19	00:32:58.759		0.80224			4
2026.01.19	00:33:01.718	0.80122				2
2026.01.19	00:33:12.004	0.80120				2
2026.01.19	00:33:24.625		0.80225			4
2026.01.19	00:33:52.146	0.80121				2
2026.01.19	00:33:59.602	0.80120				2
2026.01.19	00:34:00.330	0.80120				2
2026.01.19	00:34:10.701	0.80121				2
2026.01.19	00:34:15.494		0.80223			4
2026.01.19	00:34:15.996	0.80119	0.80225			6
2026.01.19	00:34:17.126	0.80113	0.80232			6
2026.01.19	00:34:20.258		0.80228			4
2026.01.19	00:34:22.156	0.80112	0.80213			6
2026.01.19	00:34:22.551	0.80120	0.80220			6
2026.01.19	00:34:23.454	0.80107				2
2026.01.19	00:34:24.043	0.80113				2
2026.01.19	00:34:24.873	0.80119				2
2026.01.19	00:34:25.468	0.80116				2
2026.01.19	00:34:25.894	0.80119				2
2026.01.19	00:34:27.130	0.80120				2
2026.01.19	00:34:27.917	0.80114				2
2026.01.19	00:34:29.009	0.80120				2
2026.01.19	00:34:29.676	0.80114				2
2026.01.19	00:34:31.853	0.80117				2
2026.01.19	00:34:35.293	0.80114				2
2026.01.19	00:34:35.796	0.80117				2
2026.01.19	00:34:37.129		0.80224			4
2026.01.19	00:34:37.470	0.80115	0.80225			6
2026.01.19	00:34:37.810	0.80116	0.80224			6
2026.01.19	00:34:38.595	0.80119				2
2026.01.19	00:34:38.918	0.80116				2
2026.01.19	00:34:39.221	0.80118	0.80223			6
2026.01.19	00:34:39.539	0.80116	0.80224			6
2026.01.19	00:34:39.869	0.80120				2
2026.01.19	00:34:40.193	0.80118	0.80223			6
2026.01.19	00:34:40.508		0.80222			4
2026.01.19	00:34:40.810	0.80120	0.80223			6
2026.01.19	00:34:43.527		0.80224			4
2026.01.19	00:34:44.412	0.80115	0.80222			6
2026.01.19	00:34:45.399	0.80122	0.80233			6
2026.01.19	00:34:45.809		0.80224			4
2026.01.19	00:34:46.212		0.80226			4
2026.01.19	00:34:47.786		0.80222			4
2026.01.19	00:34:48.830		0.80220			4
2026.01.19	00:34:49.965		0.80222			4
2026.01.19	00:34:52.635		0.80220			4
2026.01.19	00:34:52.967		0.80223			4
2026.01.19	00:34:55.972		0.80226			4
2026.01.19	00:34:59.493		0.80220			4
2026.01.19	00:34:59.903		0.80225			4
2026.01.19	00:35:02.725	0.80122				2
2026.01.19	00:35:08.744	0.80112				2
2026.01.19	00:35:10.158	0.80116	0.80221			6
2026.01.19	00:35:10.495	0.80115	0.80222			6
2026.01.19	00:35:10.822	0.80112	0.80225			6
2026.01.19	00:35:13.727	0.80113	0.80224			6
2026.01.19	00:35:14.043	0.80108	0.80229			6
2026.01.19	00:35:14.349	0.80112	0.80225			6
2026.01.19	00:35:15.055	0.80116				2
2026.01.19	00:35:15.522		0.80226			4
2026.01.19	00:35:16.036	0.80119	0.80228			6
2026.01.19	00:35:16.337		0.80225			4
2026.01.19	00:35:18.448		0.80226			4
2026.01.19	00:35:19.826		0.80224			4
2026.01.19	00:35:20.141		0.80225			4
2026.01.19	00:35:20.509		0.80222			4
2026.01.19	00:35:20.837		0.80225			4
2026.01.19	00:35:21.908	0.80113	0.80224			6
2026.01.19	00:35:22.212	0.80114	0.80223			6
2026.01.19	00:35:22.886	0.80115	0.80222			6
2026.01.19	00:35:23.187	0.80112	0.80225			6
2026.01.19	00:35:25.157	0.80114	0.80223			6
2026.01.19	00:35:26.065	0.80112	0.80210			6
2026.01.19	00:35:27.086	0.80113	0.80216			6
2026.01.19	00:35:27.397	0.80112	0.80210			6
2026.01.19	00:35:28.116	0.80111				2
2026.01.19	00:35:29.127	0.80112				2
2026.01.19	00:35:30.147	0.80111				2
2026.01.19	00:35:31.226	0.80112				2
2026.01.19	00:35:34.250	0.80115				2
2026.01.19	00:35:34.558		0.80222			4
2026.01.19	00:35:34.948	0.80118				2
2026.01.19	00:35:35.251		0.80223			4
2026.01.19	00:35:35.958		0.80226			4
2026.01.19	00:35:36.463		0.80223			4
2026.01.19	00:35:36.803		0.80226			4
2026.01.19	00:35:37.740	0.80113	0.80212			6
2026.01.19	00:35:38.063	0.80114				2
2026.01.19	00:35:38.426	0.80121	0.80231			6
2026.01.19	00:35:38.737	0.80122				2
2026.01.19	00:35:41.777	0.80107	0.80210			6
2026.01.19	00:35:42.161	0.80122	0.80231			6
2026.01.19	00:35:42.485	0.80110				2
2026.01.19	00:35:43.525	0.80108	0.80209			6
2026.01.19	00:35:44.034	0.80106	0.80214			6
2026.01.19	00:35:44.389	0.80104	0.80208			6
2026.01.19	00:35:46.175	0.80108				2
2026.01.19	00:35:46.494	0.80122	0.80231			6
2026.01.19	00:35:46.876	0.80108	0.80210			6
2026.01.19	00:35:47.399	0.80122	0.80231			6
2026.01.19	00:35:48.626	0.80108	0.80210			6
2026.01.19	00:35:49.308	0.80110	0.80214			6
2026.01.19	00:35:50.126	0.80108				2
2026.01.19	00:35:50.438	0.80110				2
2026.01.19	00:35:50.815	0.80108	0.80208			6
2026.01.19	00:35:51.116	0.80109				2
2026.01.19	00:35:51.419	0.80110	0.80214			6
2026.01.19	00:35:51.815	0.80108				2
2026.01.19	00:35:52.650	0.80109				2
2026.01.19	00:35:52.977	0.80110				2
2026.01.19	00:35:53.282	0.80108	0.80208			6
2026.01.19	00:35:54.325	0.80107				2
2026.01.19	00:35:55.155	0.80108	0.80211			6
2026.01.19	00:35:57.330	0.80106				2
2026.01.19	00:35:58.668	0.80105	0.80210			6
2026.01.19	00:36:00.330	0.80122	0.80233			6
2026.01.19	00:36:01.838		0.80232			4
2026.01.19	00:36:03.750		0.80233			4
2026.01.19	00:36:04.202	0.80113				2
2026.01.19	00:36:04.508	0.80122				2
2026.01.19	00:36:05.889	0.80118				2
2026.01.19	00:36:07.841	0.80105				2
2026.01.19	00:36:08.725	0.80106				2
2026.01.19	00:36:12.508	0.80105	0.80214			6
2026.01.19	00:36:13.525	0.80106				2
2026.01.19	00:36:19.512	0.80107				2
2026.01.19	00:36:37.168	0.80106				2
2026.01.19	00:36:37.586	0.80107				2
2026.01.19	00:36:46.978		0.80230			4
2026.01.19	00:36:47.471		0.80227			4
2026.01.19	00:36:53.215	0.80106	0.80228			6
2026.01.19	00:36:55.158		0.80209			4
2026.01.19	00:36:57.330	0.80119				2
2026.01.19	00:36:57.745	0.80118				2
2026.01.19	00:36:58.177	0.80119				2
2026.01.19	00:36:58.482	0.80116				2
2026.01.19	00:36:58.802	0.80119				2
2026.01.19	00:37:00.333	0.80119				2
2026.01.19	00:37:01.347	0.80120				2
2026.01.19	00:37:02.209	0.80116				2
2026.01.19	00:37:03.301	0.80119				2
2026.01.19	00:37:06.066	0.80116				2
2026.01.19	00:37:06.427	0.80119				2
2026.01.19	00:37:07.406	0.80116				2
2026.01.19	00:37:07.740		0.80212			4
2026.01.19	00:37:08.056	0.80119				2
2026.01.19	00:37:15.646	0.80116				2
2026.01.19	00:37:16.157	0.80119				2
2026.01.19	00:37:18.280	0.80123	0.80225			6
2026.01.19	00:37:18.666	0.80112	0.80218			6
2026.01.19	00:37:19.012	0.80111				2
2026.01.19	00:37:19.675	0.80118	0.80216			6
2026.01.19	00:37:19.978	0.80115	0.80219			6
2026.01.19	00:37:20.394	0.80116	0.80220			6
2026.01.19	00:37:20.864	0.80113				2
2026.01.19	00:37:22.949	0.80116				2
2026.01.19	00:37:25.974	0.80113				2
2026.01.19	00:37:26.276	0.80116				2
2026.01.19	00:37:27.491	0.80117				2
2026.01.19	00:37:28.758	0.80114				2
2026.01.19	00:37:29.091	0.80117				2
2026.01.19	00:37:29.516	0.80112				2
2026.01.19	00:37:29.838	0.80111				2
2026.01.19	00:37:30.139	0.80117				2
2026.01.19	00:37:31.327	0.80118				2
2026.01.19	00:37:33.598	0.80119				2
2026.01.19	00:37:45.422	0.80116				2
2026.01.19	00:37:57.298	0.80122	0.80231			6
2026.01.19	00:37:57.614		0.80232			4
2026.01.19	00:37:58.524		0.80233			4
2026.01.19	00:38:03.925	0.80122				2
2026.01.19	00:38:07.943	0.80123	0.80232			6
2026.01.19	00:38:08.312	0.80106	0.80230			6
2026.01.19	00:38:09.557	0.80117	0.80232			6
2026.01.19	00:38:09.864	0.80105				2
2026.01.19	00:38:10.182	0.80107	0.80231			6
2026.01.19	00:38:10.567	0.80119	0.80242			6
2026.01.19	00:38:10.880	0.80104	0.80231			6
2026.01.19	00:38:11.487	0.80107				2
2026.01.19	00:38:12.446	0.80123	0.80232			6
2026.01.19	00:38:13.102		0.80231			4
2026.01.19	00:38:14.658	0.80110				2
2026.01.19	00:38:15.788	0.80123				2
2026.01.19	00:38:16.939	0.80111				2
2026.01.19	00:38:17.437	0.80116				2
2026.01.19	00:38:17.833	0.80123				2
2026.01.19	00:38:20.968	0.80104				2
2026.01.19	00:38:21.322	0.80126	0.80234			6
2026.01.19	00:38:22.114	0.80128	0.80232			6
2026.01.19	00:38:22.479	0.80122	0.80231			6
2026.01.19	00:38:24.697	0.80129				2
2026.01.19	00:38:25.484	0.80122				2
2026.01.19	00:38:25.787	0.80129				2
2026.01.19	00:38:26.127	0.80122				2
2026.01.19	00:38:26.435	0.80129				2
2026.01.19	00:38:26.758	0.80122				2
2026.01.19	00:38:27.482	0.80129				2
2026.01.19	00:38:28.340	0.80122				2
2026.01.19	00:38:28.953	0.80129				2
2026.01.19	00:38:29.912	0.80122	0.80232			6
2026.01.19	00:38:30.308	0.80129	0.80234			6
2026.01.19	00:38:30.618	0.80122	0.80232			6
2026.01.19	00:38:31.638	0.80128				2
2026.01.19	00:38:32.181	0.80122				2
2026.01.19	00:38:32.839	0.80128				2
2026.01.19	00:38:33.184	0.80122				2
2026.01.19	00:38:33.821	0.80128				2
2026.01.19	00:38:34.197	0.80122				2
2026.01.19	00:38:34.829	0.80128	0.80237			6
2026.01.19	00:38:35.138		0.80232			4
2026.01.19	00:38:35.531	0.80122				2
2026.01.19	00:38:36.092	0.80128				2
2026.01.19	00:38:36.531	0.80122				2
2026.01.19	00:38:37.152	0.80128				2
2026.01.19	00:38:37.811	0.80122				2
2026.01.19	00:38:38.119	0.80128				2
2026.01.19	00:38:39.080	0.80122				2
2026.01.19	00:38:39.403	0.80128				2
2026.01.19	00:38:39.808	0.80122				2
2026.01.19	00:38:40.121	0.80128				2
2026.01.19	00:38:40.803	0.80122				2
2026.01.19	00:38:41.427	0.80128				2
2026.01.19	00:38:41.810	0.80122				2
2026.01.19	00:38:42.432	0.80128				2
2026.01.19	00:38:42.817	0.80122				2
2026.01.19	00:38:43.431	0.80128				2
2026.01.19	00:38:46.118	0.80122				2
2026.01.19	00:38:46.425	0.80128				2
2026.01.19	00:38:49.702	0.80122				2
2026.01.19	00:38:50.003		0.80237			4
2026.01.19	00:38:50.318	0.80128	0.80232			6
2026.01.19	00:38:51.948	0.80122				2
2026.01.19	00:38:52.252	0.80128				2
2026.01.19	00:38:54.132	0.80129				2
2026.01.19	00:38:54.439	0.80122				2
2026.01.19	00:38:54.748	0.80128				2
2026.01.19	00:38:55.368	0.80122				2
2026.01.19	00:38:55.671	0.80128				2
2026.01.19	00:38:56.010	0.80122				2
2026.01.19	00:38:56.318	0.80128				2
2026.01.19	00:38:56.951	0.80122				2
2026.01.19	00:38:57.258	0.80128				2
2026.01.19	00:38:58.263	0.80122				2
2026.01.19	00:38:58.899	0.80128				2
2026.01.19	00:38:59.241	0.80122				2
2026.01.19	00:39:02.394	0.80122				2
2026.01.19	00:39:04.761	0.80105				2
2026.01.19	00:39:05.064	0.80107				2
2026.01.19	00:39:05.823	0.80108				2
2026.01.19	00:39:06.729	0.80107				2
2026.01.19	00:39:07.038	0.80122	0.80234			6
2026.01.19	00:39:11.848	0.80106	0.80233			6
2026.01.19	00:39:12.217	0.80123	0.80231			6
2026.01.19	00:39:12.542		0.80232			4
2026.01.19	00:39:14.725		0.80233			4
2026.01.19	00:39:25.970		0.80234			4
2026.01.19	00:39:26.393		0.80231			4
2026.01.19	00:39:26.744		0.80232			4
2026.01.19	00:39:27.379		0.80233			4
2026.01.19	00:39:29.739		0.80232			4
2026.01.19	00:39:30.076		0.80233			4
2026.01.19	00:39:32.127		0.80232			4
2026.01.19	00:39:32.669	0.80103	0.80233			6
2026.01.19	00:39:33.001	0.80105	0.80232			6
2026.01.19	00:39:33.307	0.80104	0.80233			6
2026.01.19	00:39:34.417	0.80115	0.80232			6
2026.01.19	00:39:34.821		0.80231			4
2026.01.19	00:39:36.496	0.80121				2
2026.01.19	00:39:36.799	0.80128	0.80232			6
2026.01.19	00:39:37.609	0.80121				2
2026.01.19	00:39:37.920	0.80128				2
2026.01.19	00:39:38.242	0.80129	0.80231			6
2026.01.19	00:39:38.546	0.80121				2
2026.01.19	00:39:38.859	0.80129				2
2026.01.19	00:39:39.172	0.80128	0.80232			6
2026.01.19	00:39:39.478	0.80121	0.80231			6
2026.01.19	00:39:41.358	0.80127	0.80233			6
2026.01.19	00:39:41.678	0.80121	0.80232			6
2026.01.19	00:39:41.998		0.80231			4
2026.01.19	00:39:42.318	0.80128	0.80232			6
2026.01.19	00:39:42.638	0.80121				2
2026.01.19	00:39:43.258		0.80233			4
2026.01.19	00:39:49.486	0.80105	0.80231			6
2026.01.19	00:39:49.799	0.80106				2
2026.01.19	00:39:50.772		0.80232			4
2026.01.19	00:39:51.158	0.80115				2
2026.01.19	00:39:51.469		0.80231			4
2026.01.19	00:39:51.778	0.80126	0.80234			6
2026.01.19	00:39:52.102	0.80125	0.80235			6
2026.01.19	00:39:52.416	0.80115	0.80230			6
2026.01.19	00:39:52.727	0.80125	0.80235			6
2026.01.19	00:39:53.106	0.80126	0.80234			6
2026.01.19	00:39:53.417	0.80129	0.80231			6
2026.01.19	00:39:53.723	0.80123				2
2026.01.19	00:39:54.027	0.80129				2
2026.01.19	00:39:54.354	0.80123				2
2026.01.19	00:39:54.683	0.80129				2
2026.01.19	00:39:55.043	0.80123				2
2026.01.19	00:39:55.657	0.80129				2
2026.01.19	00:39:55.970	0.80123				2
2026.01.19	00:39:56.283	0.80129				2
2026.01.19	00:39:56.930	0.80123	0.80232			6
2026.01.19	00:39:57.233	0.80128				2
2026.01.19	00:39:58.196	0.80123	0.80233			6
2026.01.19	00:39:58.498	0.80128	0.80232			6
2026.01.19	00:39:58.799	0.80130	0.80239			6
2026.01.19	00:39:59.118	0.80123	0.80233			6
2026.01.19	00:39:59.426	0.80113	0.80232			6
2026.01.19	00:39:59.745	0.80105	0.80233			6
2026.01.19	00:40:00.052	0.80123	0.80234			6
2026.01.19	00:40:05.886	0.80104	0.80232			6
2026.01.19	00:40:06.192	0.80103	0.80233			6
2026.01.19	00:40:06.498	0.80112				2
2026.01.19	00:40:11.428		0.80232			4
2026.01.19	00:40:22.339		0.80233			4
2026.01.19	00:40:35.517	0.80121	0.80230			6
2026.01.19	00:40:35.818	0.80129	0.80231			6
2026.01.19	00:40:36.438	0.80128	0.80232			6
2026.01.19	00:40:36.787	0.80121	0.80233			6
2026.01.19	00:40:40.256		0.80231			4
2026.01.19	00:40:40.562		0.80229			4
2026.01.19	00:40:42.964		0.80230			4
2026.01.19	00:40:43.356		0.80232			4
2026.01.19	00:40:43.668	0.80104				2
2026.01.19	00:40:46.435	0.80110				2
2026.01.19	00:40:46.751	0.80107				2
2026.01.19	00:40:47.194	0.80123	0.80231			6
2026.01.19	00:40:47.516	0.80129				2
2026.01.19	00:40:47.824	0.80125	0.80235			6
2026.01.19	00:40:48.132	0.80128	0.80232			6
2026.01.19	00:40:48.438	0.80118	0.80228			6
2026.01.19	00:40:48.740	0.80126	0.80234			6
2026.01.19	00:40:49.049	0.80127	0.80233			6
2026.01.19	00:40:49.360	0.80118	0.80230			6
2026.01.19	00:40:49.665	0.80123	0.80228			6
2026.01.19	00:40:49.977		0.80230			4
2026.01.19	00:40:54.538		0.80229			4
2026.01.19	00:40:54.839		0.80231			4
2026.01.19	00:40:55.153	0.80129				2
2026.01.19	00:40:55.460	0.80127	0.80233			6
2026.01.19	00:40:55.796	0.80123				2
2026.01.19	00:40:56.098		0.80229			4
2026.01.19	00:40:57.038		0.80230			4
2026.01.19	00:40:57.351		0.80232			4
2026.01.19	00:40:57.657		0.80230			4
2026.01.19	00:40:58.261		0.80229			4
2026.01.19	00:40:58.596		0.80228			4
2026.01.19	00:40:58.905		0.80229			4
2026.01.19	00:40:59.532		0.80230			4
2026.01.19	00:40:59.838		0.80228			4
2026.01.19	00:41:00.349	0.80123				2
2026.01.19	00:41:04.485	0.80110				2
2026.01.19	00:41:05.051	0.80109				2
2026.01.19	00:41:05.370		0.80229			4
2026.01.19	00:41:05.677	0.80110	0.80228			6
2026.01.19	00:41:07.917	0.80123	0.80229			6
2026.01.19	00:41:08.218	0.80115	0.80230			6
2026.01.19	00:41:08.526	0.80118	0.80242			6
2026.01.19	00:41:08.843	0.80123	0.80229			6
2026.01.19	00:41:09.174		0.80230			4
2026.01.19	00:41:11.394		0.80231			4
2026.01.19	00:41:16.488	0.80113	0.80229			6
2026.01.19	00:41:16.799	0.80121	0.80232			6
2026.01.19	00:41:21.064	0.80107	0.80229			6
2026.01.19	00:41:21.403	0.80123				2
2026.01.19	00:41:22.029	0.80124	0.80239			6
2026.01.19	00:41:22.338	0.80122	0.80238			6
2026.01.19	00:41:22.759	0.80123	0.80230			6
2026.01.19	00:41:24.401	0.80109	0.80229			6
2026.01.19	00:41:24.754	0.80107	0.80228			6
2026.01.19	00:41:25.520	0.80106	0.80229			6
2026.01.19	00:41:25.957	0.80123	0.80230			6
2026.01.19	00:41:26.369	0.80122				2
2026.01.19	00:41:26.821	0.80111	0.80228			6
2026.01.19	00:41:27.139	0.80126	0.80234			6
2026.01.19	00:41:27.455	0.80128	0.80232			6
2026.01.19	00:41:27.764	0.80118	0.80229			6
2026.01.19	00:41:28.069	0.80122				2
2026.01.19	00:41:28.377	0.80127	0.80233			6
2026.01.19	00:41:28.698	0.80110	0.80229			6
2026.01.19	00:41:29.010	0.80115	0.80230			6
2026.01.19	00:41:29.319	0.80120	0.80240			6
2026.01.19	00:41:29.621	0.80118	0.80242			6
2026.01.19	00:41:30.238	0.80113	0.80227			6
2026.01.19	00:41:30.545	0.80123	0.80229			6
2026.01.19	00:41:44.860	0.80110	0.80228			6
2026.01.19	00:41:45.161	0.80112	0.80248			6
2026.01.19	00:41:45.477	0.80108	0.80242			6
2026.01.19	00:41:45.778	0.80114	0.80227			6
2026.01.19	00:41:46.107	0.80111	0.80228			6
2026.01.19	00:41:46.420	0.80112	0.80227			6
2026.01.19	00:41:46.721	0.80113	0.80229			6
2026.01.19	00:41:47.037	0.80115	0.80227			6
2026.01.19	00:41:47.361	0.80116	0.80228			6
2026.01.19	00:41:47.665	0.80125	0.80235			6
2026.01.19	00:41:47.969	0.80116	0.80228			6
2026.01.19	00:41:48.304	0.80123				2
2026.01.19	00:41:48.617	0.80128	0.80232			6
2026.01.19	00:41:48.929	0.80126	0.80234			6
2026.01.19	00:41:49.542	0.80113	0.80229			6
2026.01.19	00:41:49.857	0.80114	0.80228			6
2026.01.19	00:41:50.167	0.80113	0.80229			6
2026.01.19	00:41:50.469	0.80114	0.80228			6
2026.01.19	00:41:50.782	0.80112	0.80230			6
2026.01.19	00:41:51.098	0.80127	0.80233			6
2026.01.19	00:41:51.712	0.80113	0.80229			6
2026.01.19	00:41:52.374	0.80111	0.80231			6
2026.01.19	00:41:52.677	0.80113	0.80229			6
2026.01.19	00:41:52.996	0.80111	0.80231			6
2026.01.19	00:41:53.298	0.80127				2
2026.01.19	00:41:53.606		0.80233			4
2026.01.19	00:41:54.252	0.80110	0.80229			6
2026.01.19	00:41:54.557	0.80113				2
2026.01.19	00:41:55.051	0.80111				2
2026.01.19	00:41:55.375		0.80228			4
2026.01.19	00:41:56.029	0.80114				2
2026.01.19	00:41:58.704	0.80113	0.80229			6
2026.01.19	00:42:00.625	0.80114	0.80228			6
2026.01.19	00:42:05.341	0.80115	0.80227			6
2026.01.19	00:42:05.663	0.80114	0.80230			6
2026.01.19	00:42:05.972	0.80112	0.80229			6
2026.01.19	00:42:06.281	0.80111				2
2026.01.19	00:42:06.599	0.80110				2
2026.01.19	00:42:06.913	0.80114				2
2026.01.19	00:42:07.544	0.80113				2
2026.01.19	00:42:07.874	0.80111	0.80228			6
2026.01.19	00:42:08.184	0.80110	0.80229			6
2026.01.19	00:42:08.485	0.80114	0.80228			6
2026.01.19	00:42:08.791	0.80110	0.80229			6
2026.01.19	00:42:09.104	0.80114	0.80228			6
2026.01.19	00:42:09.417	0.80113	0.80229			6
2026.01.19	00:42:09.720	0.80114	0.80228			6
2026.01.19	00:42:10.050	0.80113	0.80229			6
2026.01.19	00:42:10.365	0.80110				2
2026.01.19	00:42:10.679	0.80113				2
2026.01.19	00:42:10.993	0.80111	0.80231			6
2026.01.19	00:42:11.297	0.80114	0.80228			6
2026.01.19	00:42:11.609	0.80115				2
2026.01.19	00:42:12.609	0.80111	0.80231			6
2026.01.19	00:42:12.918	0.80113				2
2026.01.19	00:42:13.249	0.80107				2
2026.01.19	00:42:13.557	0.80111				2
2026.01.19	00:42:13.868	0.80113				2
2026.01.19	00:42:14.292		0.80232			4
2026.01.19	00:42:14.597	0.80108	0.80230			6
2026.01.19	00:42:14.927	0.80111	0.80231			6
2026.01.19	00:42:15.229	0.80113				2
2026.01.19	00:42:15.581	0.80111				2
2026.01.19	00:42:16.221	0.80112				2
2026.01.19	00:42:16.537	0.80101	0.80232			6
2026.01.19	00:42:16.839	0.80111	0.80231			6
2026.01.19	00:42:17.149	0.80110	0.80232			6
2026.01.19	00:42:17.452	0.80107	0.80231			6
2026.01.19	00:42:17.758	0.80108				2
2026.01.19	00:42:18.074	0.80111				2
2026.01.19	00:42:18.412		0.80232			4
2026.01.19	00:42:18.718	0.80113	0.80231			6
2026.01.19	00:42:19.366	0.80111				2
2026.01.19	00:42:19.677	0.80113				2
2026.01.19	00:42:20.288	0.80107	0.80232			6
2026.01.19	00:42:20.598	0.80111	0.80231			6
2026.01.19	00:42:21.239	0.80119				2
2026.01.19	00:42:21.548	0.80108				2
2026.01.19	00:42:21.853	0.80112				2
2026.01.19	00:42:22.547	0.80111				2
2026.01.19	00:42:23.124	0.80112				2
2026.01.19	00:42:23.506	0.80111	0.80232			6
2026.01.19	00:42:23.818	0.80112	0.80231			6
2026.01.19	00:42:24.150	0.80111				2
2026.01.19	00:42:24.624	0.80113	0.80230			6
2026.01.19	00:42:24.953	0.80108				2
2026.01.19	00:42:25.257	0.80107	0.80232			6
2026.01.19	00:42:25.918	0.80110				2
2026.01.19	00:42:26.503	0.80106				2
2026.01.19	00:42:28.486	0.80108	0.80231			6
2026.01.19	00:42:28.864	0.80122				2
2026.01.19	00:42:32.127		0.80232			4
2026.01.19	00:42:32.739	0.80085	0.80203			6
2026.01.19	00:42:33.673	0.80089				2
2026.01.19	00:42:33.978	0.80093				2
2026.01.19	00:42:35.795		0.80202			4
2026.01.19	00:42:41.030		0.80201			4
2026.01.19	00:42:43.173	0.80095				2
2026.01.19	00:42:50.530	0.80082	0.80196			6
2026.01.19	00:42:51.581	0.80089				2
2026.01.19	00:42:54.288	0.80088				2
2026.01.19	00:42:57.203	0.80109	0.80207			6
2026.01.19	00:42:57.518	0.80113	0.80224			6
2026.01.19	00:42:59.041	0.80114				2
2026.01.19	00:42:59.951		0.80218			4
2026.01.19	00:43:00.264	0.80123	0.80230			6
2026.01.19	00:43:02.529		0.80223			4
2026.01.19	00:43:03.658	0.80115	0.80220			6
2026.01.19	00:43:03.974	0.80114	0.80221			6
2026.01.19	00:43:05.298	0.80116				2
2026.01.19	00:43:05.712	0.80117				2
2026.01.19	00:43:06.034	0.80115				2
2026.01.19	00:43:06.524	0.80114				2
2026.01.19	00:43:06.868	0.80116				2
2026.01.19	00:43:07.278	0.80117				2
2026.01.19	00:43:07.816	0.80118				2
2026.01.19	00:43:10.067	0.80117				2
2026.01.19	00:43:11.347	0.80118				2
2026.01.19	00:43:11.837	0.80116				2
2026.01.19	00:43:12.185	0.80115				2
2026.01.19	00:43:21.951	0.80121	0.80220			6
2026.01.19	00:43:22.604	0.80116	0.80221			6
2026.01.19	00:43:22.929	0.80120				2
2026.01.19	00:43:23.952	0.80121				2
2026.01.19	00:43:24.631	0.80120				2
2026.01.19	00:43:24.953	0.80121				2
2026.01.19	00:43:25.952	0.80120				2
2026.01.19	00:43:26.328	0.80121				2
2026.01.19	00:43:26.646	0.80120				2
2026.01.19	00:43:27.082	0.80121				2
2026.01.19	00:43:28.562	0.80120				2
2026.01.19	00:43:31.465	0.80121	0.80220			6
2026.01.19	00:43:31.784	0.80120	0.80221			6
2026.01.19	00:43:32.827	0.80119				2
2026.01.19	00:43:33.193	0.80116				2
2026.01.19	00:43:33.518	0.80119				2
2026.01.19	00:43:34.377	0.80118	0.80220			6
2026.01.19	00:43:37.138	0.80113	0.80218			6
2026.01.19	00:43:39.904	0.80117	0.80217			6
2026.01.19	00:43:52.195		0.80220			4
2026.01.19	00:43:57.493	0.80118				2
2026.01.19	00:43:58.115	0.80117	0.80225			6
2026.01.19	00:43:58.640	0.80119				2
2026.01.19	00:43:59.925	0.80118	0.80226			6
2026.01.19	00:44:00.271	0.80123	0.80225			6
2026.01.19	00:44:00.695	0.80122				2
2026.01.19	00:44:01.028	0.80118	0.80226			6
2026.01.19	00:44:01.382		0.80225			4
2026.01.19	00:44:01.810	0.80119	0.80226			6
2026.01.19	00:44:03.985	0.80123	0.80227			6
2026.01.19	00:44:05.034		0.80228			4
2026.01.19	00:44:06.558		0.80226			4
2026.01.19	00:44:06.994		0.80227			4
2026.01.19	00:44:07.471		0.80228			4
2026.01.19	00:44:13.045		0.80227			4
2026.01.19	00:44:16.495		0.80225			4
2026.01.19	00:44:16.798		0.80227			4
2026.01.19	00:44:26.121		0.80233			4
2026.01.19	00:44:26.443		0.80236			4
2026.01.19	00:44:35.503		0.80237			4
2026.01.19	00:44:36.995		0.80238			4
2026.01.19	00:44:47.417		0.80239			4
2026.01.19	00:44:53.417	0.80148	0.80246			6
2026.01.19	00:44:54.581	0.80149				2
2026.01.19	00:45:00.422	0.80150	0.80247			6
2026.01.19	00:45:00.945	0.80136	0.80241			6
2026.01.19	00:45:02.108	0.80142	0.80249			6
2026.01.19	00:45:02.581		0.80247			4
2026.01.19	00:45:03.268	0.80097				2
2026.01.19	00:45:06.707	0.80141	0.80245			6
2026.01.19	00:45:07.036	0.80140				2
2026.01.19	00:45:08.126		0.80246			4
2026.01.19	00:45:14.488	0.80147	0.80239			6
2026.01.19	00:45:15.481	0.80142	0.80235			6
2026.01.19	00:45:15.944	0.80130				2
2026.01.19	00:45:19.577	0.80137	0.80230			6
2026.01.19	00:45:19.986	0.80141	0.80232			6
2026.01.19	00:45:24.751		0.80231			4
2026.01.19	00:45:26.137	0.80131				2
2026.01.19	00:45:37.397		0.80232			4
2026.01.19	00:45:40.866	0.80134				2
2026.01.19	00:45:42.222	0.80133				2
2026.01.19	00:45:45.633		0.80230			4
2026.01.19	00:45:58.191		0.80231			4
2026.01.19	00:46:00.529	0.80133				2
2026.01.19	00:46:06.913	0.80138	0.80233			6
2026.01.19	00:46:11.927	0.80142				2
2026.01.19	00:46:15.943		0.80236			4
2026.01.19	00:46:21.177	0.80139				2
2026.01.19	00:46:30.943		0.80237			4
2026.01.19	00:46:37.404		0.80236			4
2026.01.19	00:46:47.728		0.80235			4
2026.01.19	00:46:50.785	0.80145	0.80239			6
2026.01.19	00:47:00.135	0.80149	0.80235			6
2026.01.19	00:47:03.263	0.80142	0.80242			6
2026.01.19	00:47:06.705	0.80149	0.80234			6
2026.01.19	00:47:11.968	0.80150				2
2026.01.19	00:47:13.190	0.80148	0.80235			6
2026.01.19	00:47:15.947	0.80147	0.80236			6
2026.01.19	00:47:25.227		0.80237			4
2026.01.19	00:47:30.811	0.80150	0.80238			6
2026.01.19	00:47:33.174	0.80146				2
2026.01.19	00:47:37.408	0.80145				2
2026.01.19	00:47:41.929	0.80143	0.80237			6
2026.01.19	00:47:48.626	0.80144	0.80236			6
2026.01.19	00:47:52.631	0.80142	0.80247			6
2026.01.19	00:47:53.778	0.80146	0.80246			6
2026.01.19	00:47:55.207	0.80142	0.80247			6
2026.01.19	00:47:55.863		0.80241			4
2026.01.19	00:47:56.420		0.80245			4
2026.01.19	00:48:01.178	0.80142	0.80244			6
2026.01.19	00:48:01.782	0.80162	0.80202			6
2026.01.19	00:48:02.792		0.80189			4
2026.01.19	00:48:03.258		0.80202			4
2026.01.19	00:48:07.163		0.80187			4
2026.01.19	00:48:08.172		0.80202			4
2026.01.19	00:48:13.658	0.80135	0.80244			6
2026.01.19	00:48:33.339	0.80129	0.80245			6
2026.01.19	00:48:37.827	0.80128				2
2026.01.19	00:48:41.174	0.80126	0.80247			6
2026.01.19	00:48:58.353	0.80125	0.80250			6
2026.01.19	00:49:02.369	0.80125				2
2026.01.19	00:49:03.026		0.80247			4
2026.01.19	00:49:03.340		0.80248			4
2026.01.19	00:49:03.923		0.80250			4
2026.01.19	00:49:04.299		0.80248			4
2026.01.19	00:49:05.850	0.80127	0.80246			6
2026.01.19	00:49:08.011		0.80247			4
2026.01.19	00:49:13.708	0.80128	0.80245			6
2026.01.19	00:49:15.594	0.80129	0.80246			6
2026.01.19	00:49:17.440	0.80130				2
2026.01.19	00:49:25.094	0.80129	0.80247			6
2026.01.19	00:49:25.452	0.80126				2
2026.01.19	00:49:27.262	0.80130				2
2026.01.19	00:49:27.568	0.80129				2
2026.01.19	00:49:28.819	0.80128				2
2026.01.19	00:49:29.759	0.80129	0.80244			6
2026.01.19	00:49:44.975	0.80131	0.80242			6
2026.01.19	00:49:47.134	0.80130	0.80243			6
2026.01.19	00:49:47.681	0.80135				2
2026.01.19	00:49:48.416	0.80139	0.80244			6
2026.01.19	00:49:48.774		0.80246			4
2026.01.19	00:49:50.203		0.80244			4
2026.01.19	00:49:57.269	0.80137	0.80243			6
2026.01.19	00:49:58.709		0.80242			4
2026.01.19	00:50:00.435	0.80136				2
2026.01.19	00:50:05.447		0.80243			4
2026.01.19	00:50:05.978		0.80242			4
2026.01.19	00:50:12.125	0.80159	0.80268			6
2026.01.19	00:50:12.493	0.80162				2
2026.01.19	00:50:15.233	0.80163	0.80266			6
2026.01.19	00:50:16.339	0.80162	0.80267			6
2026.01.19	00:50:24.587		0.80266			4
2026.01.19	00:50:31.522		0.80268			4
2026.01.19	00:50:32.028		0.80266			4
2026.01.19	00:50:42.222		0.80265			4
2026.01.19	00:51:01.303	0.80162				2
2026.01.19	00:51:01.802	0.80161	0.80267			6
2026.01.19	00:51:22.965		0.80266			4
2026.01.19	00:51:24.629		0.80265			4
2026.01.19	00:51:28.763	0.80171	0.80218			6
2026.01.19	00:51:29.116		0.80219			4
2026.01.19	00:51:29.431		0.80218			4
2026.01.19	00:51:29.806		0.80221			4
2026.01.19	00:51:30.118		0.80219			4
2026.01.19	00:51:32.057		0.80221			4
2026.01.19	00:51:33.626		0.80220			4
2026.01.19	00:51:34.209		0.80221			4
2026.01.19	00:51:34.926		0.80222			4
2026.01.19	00:51:35.247		0.80224			4
2026.01.19	00:51:35.632		0.80206			4
2026.01.19	00:51:36.026		0.80207			4
2026.01.19	00:51:36.342		0.80208			4
2026.01.19	00:51:43.917		0.80209			4
2026.01.19	00:51:44.902		0.80210			4
2026.01.19	00:51:45.642		0.80209			4
2026.01.19	00:51:46.826		0.80208			4
2026.01.19	00:51:47.570		0.80207			4
2026.01.19	00:51:48.576		0.80200			4
2026.01.19	00:51:52.635		0.80217			4
2026.01.19	00:51:54.442		0.80218			4
2026.01.19	00:51:55.653		0.80217			4
2026.01.19	00:51:57.869		0.80218			4
2026.01.19	00:51:58.280		0.80220			4
2026.01.19	00:52:00.529	0.80171				2
2026.01.19	00:52:03.026		0.80221			4
2026.01.19	00:52:04.197		0.80223			4
2026.01.19	00:52:14.726		0.80224			4
2026.01.19	00:52:18.711		0.80222			4
2026.01.19	00:52:19.204	0.80169				2
2026.01.19	00:52:21.325		0.80221			4
2026.01.19	00:52:25.226		0.80222			4
2026.01.19	00:52:36.026		0.80221			4
2026.01.19	00:52:41.127		0.80222			4
2026.01.19	00:52:42.899	0.80165	0.80218			6
2026.01.19	00:52:46.685	0.80169	0.80216			6
2026.01.19	00:53:00.025	0.80169				2
2026.01.19	00:53:01.054		0.80212			4
2026.01.19	00:53:53.440		0.80214			4
2026.01.19	00:54:00.530	0.80169				2
2026.01.19	00:54:09.026		0.80213			4
2026.01.19	00:54:10.529		0.80214			4
2026.01.19	00:54:15.527		0.80211			4
2026.01.19	00:54:16.896		0.80214			4
2026.01.19	00:54:17.792		0.80215			4
2026.01.19	00:54:28.097		0.80216			4
2026.01.19	00:54:35.127		0.80215			4
2026.01.19	00:54:37.852		0.80214			4
2026.01.19	00:54:52.411		0.80215			4
2026.01.19	00:55:00.027	0.80169				2
2026.01.19	00:55:01.526		0.80214			4
2026.01.19	00:55:04.528		0.80215			4
2026.01.19	00:55:08.126		0.80214			4
2026.01.19	00:55:11.898		0.80213			4
2026.01.19	00:55:39.927		0.80212			4
2026.01.19	00:55:46.418		0.80213			4
2026.01.19	00:55:51.328		0.80212			4
2026.01.19	00:56:01.688	0.80169				2
2026.01.19	00:56:09.893		0.80213			4
2026.01.19	00:56:11.426		0.80212			4
2026.01.19	00:56:15.926		0.80213			4
2026.01.19	00:56:19.825		0.80212			4
2026.01.19	00:56:52.929		0.80211			4
2026.01.19	00:56:59.092		0.80209			4
2026.01.19	00:57:01.394	0.80169				2
2026.01.19	00:57:11.024	0.80159				2
2026.01.19	00:57:18.624		0.80208			4
2026.01.19	00:58:03.325	0.80159				2
2026.01.19	00:58:16.226		0.80207			4
2026.01.19	00:58:17.725		0.80208			4
2026.01.19	00:58:23.131		0.80207			4
2026.01.19	00:58:50.243		0.80205			4
2026.01.19	00:58:51.075		0.80208			4
2026.01.19	00:58:57.930		0.80207			4
2026.01.19	00:59:00.092	0.80159				2
2026.01.19	00:59:27.842	0.80104	0.80291			6
2026.01.19	00:59:28.149	0.80103				2
2026.01.19	00:59:28.818	0.80108				2
2026.01.19	00:59:29.449	0.80110				2
2026.01.19	00:59:29.865	0.80114	0.80287			6
2026.01.19	00:59:30.434		0.80288			4
2026.01.19	00:59:31.225	0.80115	0.80287			6
2026.01.19	00:59:31.538	0.80112	0.80290			6
2026.01.19	00:59:32.066	0.80110				2
2026.01.19	00:59:33.221	0.80114	0.80286			6
2026.01.19	00:59:34.364	0.80115	0.80285			6
2026.01.19	00:59:34.825	0.80120	0.80291			6
2026.01.19	00:59:35.128	0.80117	0.80283			6
2026.01.19	00:59:35.528	0.80113	0.80287			6
2026.01.19	00:59:35.982	0.80112	0.80288			6
2026.01.19	00:59:36.625	0.80113	0.80287			6
2026.01.19	00:59:37.525	0.80114	0.80286			6
2026.01.19	00:59:38.311	0.80116	0.80284			6
2026.01.19	00:59:39.925	0.80117	0.80283			6
2026.01.19	00:59:40.894	0.80119	0.80281			6
2026.01.19	00:59:41.277	0.80123				2
2026.01.19	00:59:41.996	0.80121	0.80282			6
2026.01.19	00:59:42.626	0.80123	0.80281			6
2026.01.19	00:59:43.383	0.80134	0.80282			6
2026.01.19	00:59:43.825	0.80133	0.80284			6
2026.01.19	00:59:44.195	0.80135	0.80281			6
2026.01.19	00:59:45.627	0.80121	0.80291			6
2026.01.19	00:59:47.125	0.80122				2
2026.01.19	00:59:51.973	0.80121				2
2026.01.19	00:59:54.037	0.80124				2
2026.01.19	00:59:55.228	0.80120				2
2026.01.19	00:59:55.948	0.80121				2
2026.01.19	00:59:56.365	0.80120				2
2026.01.19	00:59:56.678	0.80121				2
2026.01.19	01:00:00.252	0.80122				2
2026.01.19	01:00:00.561	0.80141				2
2026.01.19	01:00:01.402	0.80147	0.80280			6
2026.01.19	01:00:01.710	0.80141	0.80286			6
2026.01.19	01:00:02.018	0.80147	0.80281			6
2026.01.19	01:00:02.381	0.80145	0.80284			6
2026.01.19	01:00:02.707	0.80200	0.80283			6
2026.01.19	01:00:03.216	0.80189	0.80293			6
2026.01.19	01:00:03.524	0.80182	0.80288			6
2026.01.19	01:00:04.177	0.80170	0.80296			6
2026.01.19	01:00:05.111	0.80195	0.80318			6
2026.01.19	01:00:05.415		0.80319			4
2026.01.19	01:00:05.718	0.80192	0.80321			6
2026.01.19	01:00:06.043	0.80205	0.80302			6
2026.01.19	01:00:06.361	0.80203	0.80301			6
2026.01.19	01:00:06.668	0.80204	0.80302			6
2026.01.19	01:00:06.971	0.80205	0.80303			6
2026.01.19	01:00:07.280	0.80208	0.80302			6
2026.01.19	01:00:07.912	0.80201	0.80284			6
2026.01.19	01:00:08.219	0.80198				2
2026.01.19	01:00:08.552	0.80220				2
2026.01.19	01:00:08.901	0.80221	0.80275			6
2026.01.19	01:00:09.520	0.80223				2
2026.01.19	01:00:09.912	0.80211				2
2026.01.19	01:00:10.284	0.80225	0.80284			6
2026.01.19	01:00:10.601	0.80232				2
2026.01.19	01:00:10.966	0.80225				2
2026.01.19	01:00:11.279	0.80224				2
2026.01.19	01:00:11.592	0.80225				2
2026.01.19	01:00:11.928	0.80229				2
2026.01.19	01:00:12.242	0.80203	0.80282			6
2026.01.19	01:00:12.560		0.80284			4
2026.01.19	01:00:12.867	0.80205	0.80281			6
2026.01.19	01:00:13.243	0.80203	0.80284			6
2026.01.19	01:00:13.607	0.80225	0.80281			6
2026.01.19	01:00:13.935	0.80226	0.80276			6
2026.01.19	01:00:14.240	0.80203	0.80270			6
2026.01.19	01:00:14.562		0.80269			4
2026.01.19	01:00:15.318	0.80199	0.80266			6
2026.01.19	01:00:15.623	0.80201	0.80265			6
2026.01.19	01:00:15.933	0.80197	0.80268			6
2026.01.19	01:00:17.555	0.80195	0.80269			6
2026.01.19	01:00:20.173	0.80183	0.80271			6
2026.01.19	01:00:20.508	0.80182				2
2026.01.19	01:00:21.403	0.80183				2
2026.01.19	01:00:21.765	0.80184	0.80270			6
2026.01.19	01:00:23.086	0.80197	0.80269			6
2026.01.19	01:00:24.635	0.80192	0.80267			6
2026.01.19	01:00:25.094		0.80266			4
2026.01.19	01:00:27.063	0.80193	0.80265			6
2026.01.19	01:00:27.857	0.80194	0.80264			6
2026.01.19	01:00:29.611	0.80193	0.80263			6
2026.01.19	01:00:29.919	0.80194	0.80262			6
2026.01.19	01:00:30.318	0.80192	0.80264			6
2026.01.19	01:00:30.663	0.80184	0.80268			6
2026.01.19	01:00:30.972	0.80180	0.80264			6
2026.01.19	01:00:31.457	0.80179	0.80268			6
2026.01.19	01:00:31.947		0.80263			4
2026.01.19	01:00:32.270		0.80262			4
2026.01.19	01:00:32.804	0.80194	0.80269			6
2026.01.19	01:00:33.148		0.80270			4
2026.01.19	01:00:33.460	0.80189	0.80267			6
2026.01.19	01:00:33.764	0.80188	0.80264			6
2026.01.19	01:00:34.799	0.80189	0.80263			6
2026.01.19	01:00:38.503	0.80188	0.80264			6
2026.01.19	01:00:40.077	0.80189	0.80263			6
2026.01.19	01:00:40.549	0.80188	0.80264			6
2026.01.19	01:00:42.434	0.80190	0.80262			6
2026.01.19	01:00:42.739	0.80177	0.80264			6
2026.01.19	01:00:43.056		0.80263			4
2026.01.19	01:00:43.826		0.80262			4
2026.01.19	01:00:45.662	0.80169				2
2026.01.19	01:00:46.590		0.80261			4
2026.01.19	01:00:47.567	0.80164				2
2026.01.19	01:00:48.338		0.80264			4
2026.01.19	01:00:49.277	0.80157				2
2026.01.19	01:00:50.317	0.80164	0.80262			6
2026.01.19	01:00:50.910	0.80165	0.80259			6
2026.01.19	01:00:51.224	0.80171	0.80258			6
2026.01.19	01:00:52.562	0.80174	0.80259			6
2026.01.19	01:00:56.718	0.80173	0.80240			6
2026.01.19	01:00:57.053	0.80174	0.80242			6
2026.01.19	01:00:57.484	0.80173	0.80232			6
2026.01.19	01:00:58.057	0.80174	0.80246			6
2026.01.19	01:00:58.594	0.80172	0.80230			6
2026.01.19	01:00:59.028	0.80173	0.80258			6
2026.01.19	01:00:59.338	0.80172	0.80248			6
2026.01.19	01:00:59.730	0.80173	0.80247			6
2026.01.19	01:01:00.310	0.80171	0.80252			6
2026.01.19	01:01:00.621	0.80173	0.80247			6
2026.01.19	01:01:00.940	0.80174	0.80246			6
2026.01.19	01:01:01.271	0.80172	0.80248			6
2026.01.19	01:01:01.704		0.80244			4
2026.01.19	01:01:02.123	0.80171	0.80245			6
2026.01.19	01:01:02.513	0.80173	0.80243			6
2026.01.19	01:01:02.848	0.80171	0.80245			6
2026.01.19	01:01:03.158	0.80173	0.80244			6
2026.01.19	01:01:03.478	0.80171	0.80245			6
2026.01.19	01:01:03.795		0.80246			4
2026.01.19	01:01:04.102	0.80172	0.80245			6
2026.01.19	01:01:04.487	0.80175				2
2026.01.19	01:01:04.794	0.80171				2
2026.01.19	01:01:06.310		0.80246			4
2026.01.19	01:01:07.976	0.80172	0.80245			6
2026.01.19	01:01:08.726	0.80171	0.80246			6
2026.01.19	01:01:09.687	0.80172	0.80245			6
2026.01.19	01:01:10.091	0.80186	0.80244			6
2026.01.19	01:01:10.732	0.80188				2
2026.01.19	01:01:11.039		0.80255			4
2026.01.19	01:01:11.441	0.80167	0.80234			6
2026.01.19	01:01:12.131		0.80235			4
2026.01.19	01:01:12.439		0.80237			4
2026.01.19	01:01:12.819		0.80238			4
2026.01.19	01:01:13.360	0.80170				2
2026.01.19	01:01:13.676		0.80239			4
2026.01.19	01:01:13.978	0.80168	0.80236			6
2026.01.19	01:01:14.702	0.80170	0.80254			6
2026.01.19	01:01:15.120	0.80172	0.80234			6
2026.01.19	01:01:15.462		0.80231			4
2026.01.19	01:01:16.901	0.80166	0.80238			6
2026.01.19	01:01:17.236		0.80233			4
2026.01.19	01:01:17.560	0.80164				2
2026.01.19	01:01:18.001	0.80162	0.80228			6
2026.01.19	01:01:18.539	0.80155	0.80199			6
2026.01.19	01:01:18.898		0.80194			4
2026.01.19	01:01:19.379	0.80156	0.80193			6
2026.01.19	01:01:20.192		0.80196			4
2026.01.19	01:01:20.500	0.80158	0.80199			6
2026.01.19	01:01:21.268		0.80198			4
2026.01.19	01:01:22.025	0.80157	0.80197			6
2026.01.19	01:01:24.925	0.80156	0.80196			6
2026.01.19	01:01:27.052	0.80159				2
2026.01.19	01:01:30.378	0.80158	0.80197			6
2026.01.19	01:01:33.502	0.80157	0.80195			6
2026.01.19	01:01:34.888		0.80196			4
2026.01.19	01:01:35.484	0.80156	0.80197			6
2026.01.19	01:01:37.436	0.80155	0.80196			6
2026.01.19	01:01:38.307	0.80152	0.80194			6
2026.01.19	01:01:40.232	0.80157	0.80195			6
2026.01.19	01:01:40.651	0.80156				2
2026.01.19	01:01:40.989	0.80150	0.80197			6
2026.01.19	01:01:41.868	0.80158	0.80199			6
2026.01.19	01:01:42.185		0.80198			4
2026.01.19	01:01:42.587	0.80154	0.80199			6
2026.01.19	01:01:42.941		0.80198			4
2026.01.19	01:01:44.100	0.80157	0.80199			6
2026.01.19	01:01:46.390	0.80158	0.80200			6
2026.01.19	01:01:47.334	0.80155	0.80196			6
2026.01.19	01:01:48.057	0.80154	0.80194			6
2026.01.19	01:01:49.189	0.80163	0.80195			6
2026.01.19	01:01:49.492	0.80162	0.80194			6
2026.01.19	01:01:50.105	0.80169	0.80193			6
2026.01.19	01:01:50.721	0.80161	0.80192			6
2026.01.19	01:01:51.024	0.80162				2
2026.01.19	01:01:52.486	0.80168	0.80195			6
2026.01.19	01:01:53.477	0.80164	0.80193			6
2026.01.19	01:01:53.850	0.80163	0.80196			6
2026.01.19	01:01:54.863	0.80167	0.80195			6
2026.01.19	01:01:55.386	0.80166	0.80192			6
2026.01.19	01:01:55.933	0.80170	0.80195			6
2026.01.19	01:01:56.378		0.80196			4
2026.01.19	01:01:56.910	0.80162	0.80199			6
2026.01.19	01:01:57.373	0.80165	0.80200			6
2026.01.19	01:01:58.227	0.80166	0.80197			6
2026.01.19	01:01:59.486	0.80165	0.80183			6
2026.01.19	01:01:59.800	0.80167	0.80182			6
2026.01.19	01:02:00.121	0.80167				2
2026.01.19	01:02:00.569	0.80127	0.80193			6
2026.01.19	01:02:01.366	0.80129	0.80181			6
2026.01.19	01:02:02.378	0.80130				2
2026.01.19	01:02:03.209	0.80133	0.80184			6
2026.01.19	01:02:03.560	0.80138	0.80182			6
2026.01.19	01:02:04.284	0.80137	0.80176			6
2026.01.19	01:02:04.684		0.80174			4
2026.01.19	01:02:05.045	0.80134	0.80166			6
2026.01.19	01:02:05.348	0.80135				2
2026.01.19	01:02:05.654		0.80165			4
2026.01.19	01:02:06.768		0.80163			4
2026.01.19	01:02:07.243	0.80136				2
2026.01.19	01:02:08.761	0.80139				2
2026.01.19	01:02:09.525	0.80140	0.80164			6
2026.01.19	01:02:10.342	0.80134				2
2026.01.19	01:02:11.097	0.80135				2
2026.01.19	01:02:12.256	0.80138				2
2026.01.19	01:02:12.559	0.80134	0.80157			6
2026.01.19	01:02:12.920	0.80135				2
2026.01.19	01:02:13.243	0.80134				2
2026.01.19	01:02:15.421	0.80126	0.80166			6
2026.01.19	01:02:15.725	0.80129	0.80157			6
2026.01.19	01:02:16.370		0.80155			4
2026.01.19	01:02:16.774		0.80156			4
2026.01.19	01:02:19.526		0.80151			4
2026.01.19	01:02:19.845		0.80149			4
2026.01.19	01:02:20.604		0.80148			4
2026.01.19	01:02:21.615	0.80128				2
2026.01.19	01:02:22.615	0.80129				2
2026.01.19	01:02:23.248		0.80149			4
2026.01.19	01:02:24.658	0.80128				2
2026.01.19	01:02:24.977	0.80127	0.80148			6
2026.01.19	01:02:25.282	0.80112				2
2026.01.19	01:02:25.586	0.80110	0.80146			6
2026.01.19	01:02:25.892	0.80112	0.80148			6
2026.01.19	01:02:26.235	0.80117				2
2026.01.19	01:02:27.303	0.80118				2
2026.01.19	01:02:27.608	0.80119				2
2026.01.19	01:02:28.035	0.80118	0.80142			6
2026.01.19	01:02:28.645	0.80114	0.80149			6
2026.01.19	01:02:28.947	0.80110				2
2026.01.19	01:02:29.957	0.80113				2
2026.01.19	01:02:30.260	0.80117				2
2026.01.19	01:02:30.568	0.80115	0.80150			6
2026.01.19	01:02:30.892	0.80122				2
2026.01.19	01:02:31.503	0.80115	0.80152			6
2026.01.19	01:02:31.844	0.80122				2
2026.01.19	01:02:32.203	0.80115				2
2026.01.19	01:02:32.543	0.80123				2
2026.01.19	01:02:33.002	0.80113				2
2026.01.19	01:02:33.328	0.80122	0.80145			6
2026.01.19	01:02:33.668	0.80121				2
2026.01.19	01:02:34.498	0.80118				2
2026.01.19	01:02:34.992	0.80113				2
2026.01.19	01:02:35.328	0.80118				2
2026.01.19	01:02:35.657	0.80113				2
2026.01.19	01:02:35.977	0.80119				2
2026.01.19	01:02:36.313	0.80111				2
2026.01.19	01:02:36.627	0.80114				2
2026.01.19	01:02:36.992	0.80115				2
2026.01.19	01:02:37.299	0.80113	0.80146			6
2026.01.19	01:02:37.842	0.80117				2
2026.01.19	01:02:38.217	0.80113				2
2026.01.19	01:02:38.892	0.80117				2
2026.01.19	01:02:39.437	0.80113				2
2026.01.19	01:02:39.743	0.80117				2
2026.01.19	01:02:40.116	0.80113				2
2026.01.19	01:02:40.782	0.80122				2
2026.01.19	01:02:41.243	0.80123	0.80144			6
2026.01.19	01:02:41.695	0.80131				2
2026.01.19	01:02:42.489	0.80138				2
2026.01.19	01:02:42.895	0.80113	0.80145			6
2026.01.19	01:02:43.599		0.80143			4
2026.01.19	01:02:44.492		0.80144			4
2026.01.19	01:02:44.875	0.80112	0.80142			6
2026.01.19	01:02:45.997	0.80113				2
2026.01.19	01:02:47.705	0.80108				2
2026.01.19	01:02:48.041	0.80101	0.80117			6
2026.01.19	01:02:48.356	0.80092				2
2026.01.19	01:02:48.684	0.80090	0.80112			6
2026.01.19	01:02:49.001	0.80084	0.80109			6
2026.01.19	01:02:49.304	0.80087	0.80111			6
2026.01.19	01:02:49.619	0.80084				2
2026.01.19	01:02:49.940	0.80083	0.80103			6
2026.01.19	01:02:50.271	0.80088	0.80101			6
2026.01.19	01:02:50.578	0.80085	0.80111			6
2026.01.19	01:02:50.905	0.80083	0.80112			6
2026.01.19	01:02:51.303		0.80111			4
2026.01.19	01:02:51.623	0.80084				2
2026.01.19	01:02:51.943	0.80085				2
2026.01.19	01:02:52.259	0.80086				2
2026.01.19	01:02:52.886		0.80114			4
2026.01.19	01:02:53.647	0.80084				2
2026.01.19	01:02:55.003	0.80082				2
2026.01.19	01:02:55.577	0.80081				2
2026.01.19	01:02:56.798	0.80080				2
2026.01.19	01:02:57.449	0.80077	0.80115			6
2026.01.19	01:03:00.223	0.80076	0.80106			6
2026.01.19	01:03:00.539	0.80077	0.80107			6
2026.01.19	01:03:00.861	0.80080	0.80106			6
2026.01.19	01:03:01.302	0.80078				2
2026.01.19	01:03:03.770	0.80075	0.80098			6
2026.01.19	01:03:04.102	0.80079	0.80105			6
2026.01.19	01:03:04.480	0.80078	0.80106			6
2026.01.19	01:03:06.271	0.80081	0.80102			6
2026.01.19	01:03:07.364	0.80080				2
2026.01.19	01:03:07.734	0.80079	0.80101			6
2026.01.19	01:03:08.081	0.80078	0.80100			6
2026.01.19	01:03:09.437	0.80087	0.80098			6
2026.01.19	01:03:09.788	0.80082				2
2026.01.19	01:03:10.445	0.80081				2
2026.01.19	01:03:11.104	0.80079				2
2026.01.19	01:03:11.436	0.80081				2
2026.01.19	01:03:11.755	0.80078				2
2026.01.19	01:03:12.634	0.80081	0.80108			6
2026.01.19	01:03:14.491	0.80086	0.80112			6
2026.01.19	01:03:15.491		0.80111			4
2026.01.19	01:03:17.300	0.80088				2
2026.01.19	01:03:17.617	0.80087				2
2026.01.19	01:03:18.363	0.80091	0.80121			6
2026.01.19	01:03:18.718	0.80092				2
2026.01.19	01:03:22.491	0.80091	0.80112			6
2026.01.19	01:03:22.937		0.80109			4
2026.01.19	01:03:23.327	0.80088	0.80105			6
2026.01.19	01:03:23.982		0.80104			4
2026.01.19	01:03:25.351	0.80078				2
2026.01.19	01:03:25.769	0.80092	0.80105			6
2026.01.19	01:03:26.082	0.80087				2
2026.01.19	01:03:26.423	0.80084				2
2026.01.19	01:03:28.495		0.80104			4
2026.01.19	01:03:29.082		0.80105			4
2026.01.19	01:03:30.485	0.80083				2
2026.01.19	01:03:31.300	0.80078	0.80101			6
2026.01.19	01:03:31.621		0.80103			4
2026.01.19	01:03:32.553	0.80077	0.80101			6
2026.01.19	01:03:33.493		0.80100			4
2026.01.19	01:03:34.252	0.80072	0.80097			6
2026.01.19	01:03:34.563	0.80071	0.80096			6
2026.01.19	01:03:35.426	0.80070				2
2026.01.19	01:03:36.234	0.80069				2
2026.01.19	01:03:37.310	0.80070				2
2026.01.19	01:03:37.697	0.80069				2
2026.01.19	01:03:38.035	0.80073				2
2026.01.19	01:03:38.492	0.80070				2
2026.01.19	01:03:39.493	0.80072				2
2026.01.19	01:03:39.851	0.80070				2
2026.01.19	01:03:41.040	0.80072				2
2026.01.19	01:03:41.684	0.80071				2
2026.01.19	01:03:42.109	0.80070	0.80095			6
2026.01.19	01:03:43.518	0.80062	0.80092			6
2026.01.19	01:03:43.852	0.80063				2
2026.01.19	01:03:44.233	0.80064				2
2026.01.19	01:03:49.141	0.80067				2
2026.01.19	01:03:51.222		0.80094			4
2026.01.19	01:03:53.128	0.80066				2
2026.01.19	01:03:53.431	0.80063	0.80089			6
2026.01.19	01:03:53.791	0.80062				2
2026.01.19	01:03:54.493	0.80063	0.80087			6
2026.01.19	01:03:55.046		0.80084			4
2026.01.19	01:03:55.359		0.80085			4
2026.01.19	01:03:56.661	0.80061	0.80084			6
2026.01.19	01:03:57.028	0.80065				2
2026.01.19	01:03:57.842		0.80085			4
2026.01.19	01:04:00.105	0.80068	0.80088			6
2026.01.19	01:04:00.410	0.80070				2
2026.01.19	01:04:00.716	0.80075				2
2026.01.19	01:04:01.019	0.80068				2
2026.01.19	01:04:04.634	0.80066				2
2026.01.19	01:04:05.044	0.80065				2
2026.01.19	01:04:06.917		0.80087			4
2026.01.19	01:04:08.126	0.80066				2
2026.01.19	01:04:08.433	0.80065				2
2026.01.19	01:04:11.746	0.80066	0.80088			6
2026.01.19	01:04:13.495	0.80070	0.80084			6
2026.01.19	01:04:13.805	0.80069				2
2026.01.19	01:04:14.934	0.80068	0.80086			6
2026.01.19	01:04:19.002	0.80067				2
2026.01.19	01:04:19.308	0.80069	0.80087			6
2026.01.19	01:04:19.646	0.80061	0.80125			6
2026.01.19	01:04:23.101	0.80063	0.80123			6
2026.01.19	01:04:23.423	0.80065	0.80086			6
2026.01.19	01:04:23.863	0.80067				2
2026.01.19	01:04:24.381		0.80087			4
2026.01.19	01:04:25.379	0.80068				2
2026.01.19	01:04:28.104	0.80066				2
2026.01.19	01:04:29.498	0.80067	0.80088			6
2026.01.19	01:04:31.428		0.80086			4
2026.01.19	01:04:32.509	0.80077	0.80099			6
2026.01.19	01:04:33.574	0.80073	0.80100			6
2026.01.19	01:04:36.379		0.80099			4
2026.01.19	01:04:38.691	0.80074				2
2026.01.19	01:04:40.382		0.80100			4
2026.01.19	01:04:41.497	0.80071				2
2026.01.19	01:04:42.388	0.80068	0.80093			6
2026.01.19	01:04:42.757	0.80062	0.80081			6
2026.01.19	01:04:44.824	0.80060	0.80079			6
2026.01.19	01:04:45.216	0.80053	0.80118			6
2026.01.19	01:04:45.530	0.80054	0.80117			6
2026.01.19	01:04:46.484		0.80114			4
2026.01.19	01:04:48.666	0.80059	0.80080			6
2026.01.19	01:04:48.990	0.80052	0.80078			6
2026.01.19	01:04:50.258		0.80076			4
2026.01.19	01:04:50.699	0.80053				2
2026.01.19	01:04:51.012	0.80051	0.80069			6
2026.01.19	01:04:51.680	0.80053	0.80070			6
2026.01.19	01:04:51.982	0.80047	0.80065			6
2026.01.19	01:04:52.320	0.80046				2
2026.01.19	01:04:52.648	0.80043	0.80067			6
2026.01.19	01:04:52.957	0.80045				2
2026.01.19	01:04:53.610	0.80044	0.80072			6
2026.01.19	01:04:53.986	0.80053	0.80069			6
2026.01.19	01:04:54.299	0.80049	0.80073			6
2026.01.19	01:04:54.608	0.80047	0.80061			6
2026.01.19	01:04:54.921	0.80048				2
2026.01.19	01:04:55.233	0.80055	0.80067			6
2026.01.19	01:04:55.554	0.80054				2
2026.01.19	01:04:55.862		0.80066			4
2026.01.19	01:04:56.218	0.80053				2
2026.01.19	01:04:56.849		0.80067			4
2026.01.19	01:04:57.158	0.80049	0.80065			6
2026.01.19	01:04:57.464	0.80050				2
2026.01.19	01:04:57.915	0.80056	0.80077			6
2026.01.19	01:04:58.535	0.80047	0.80081			6
2026.01.19	01:04:58.841	0.80045				2
2026.01.19	01:04:59.165	0.80050	0.80087			6
2026.01.19	01:04:59.478	0.80047	0.80078			6
2026.01.19	01:05:00.025	0.80049	0.80075			6
2026.01.19	01:05:00.367	0.80054	0.80077			6
2026.01.19	01:05:01.305	0.80053	0.80073			6
2026.01.19	01:05:01.621	0.80048				2
2026.01.19	01:05:02.035		0.80070			4
2026.01.19	01:05:02.405		0.80089			4
2026.01.19	01:05:02.721	0.80051	0.80095			6
2026.01.19	01:05:03.162	0.80054				2
2026.01.19	01:05:03.484	0.80066	0.80114			6
2026.01.19	01:05:04.211	0.80064				2
2026.01.19	01:05:05.255	0.80068				2
2026.01.19	01:05:05.569	0.80066	0.80106			6
2026.01.19	01:05:06.665	0.80068	0.80108			6
2026.01.19	01:05:08.035	0.80065				2
2026.01.19	01:05:08.341	0.80060	0.80105			6
2026.01.19	01:05:08.651	0.80059	0.80104			6
2026.01.19	01:05:09.300	0.80064				2
2026.01.19	01:05:09.606	0.80062				2
2026.01.19	01:05:09.961		0.80103			4
2026.01.19	01:05:10.279	0.80061	0.80113			6
2026.01.19	01:05:10.617	0.80064	0.80114			6
2026.01.19	01:05:10.989	0.80065				2
2026.01.19	01:05:11.424	0.80074	0.80125			6
2026.01.19	01:05:11.729	0.80072	0.80123			6
2026.01.19	01:05:12.499	0.80069				2
2026.01.19	01:05:13.156		0.80118			4
2026.01.19	01:05:13.929	0.80073	0.80124			6
2026.01.19	01:05:14.252	0.80072				2
2026.01.19	01:05:14.961	0.80074				2
2026.01.19	01:05:16.085		0.80112			4
2026.01.19	01:05:16.477	0.80073				2
2026.01.19	01:05:17.146	0.80074	0.80114			6
2026.01.19	01:05:18.499	0.80075				2
2026.01.19	01:05:20.138		0.80116			4
2026.01.19	01:05:23.127	0.80076				2
2026.01.19	01:05:23.500	0.80075				2
2026.01.19	01:05:24.154	0.80081	0.80117			6
2026.01.19	01:05:25.099		0.80118			4
2026.01.19	01:05:26.518	0.80080				2
2026.01.19	01:05:29.500	0.80075	0.80113			6
2026.01.19	01:05:30.942	0.80076				2
2026.01.19	01:05:31.304		0.80114			4
2026.01.19	01:05:32.418	0.80075				2
2026.01.19	01:05:32.949	0.80063	0.80102			6
2026.01.19	01:05:33.263	0.80065				2
2026.01.19	01:05:35.963	0.80066				2
2026.01.19	01:05:37.261	0.80062	0.80093			6
2026.01.19	01:05:39.266	0.80059				2
2026.01.19	01:05:41.396		0.80092			4
2026.01.19	01:05:42.584	0.80060				2
2026.01.19	01:05:43.553	0.80057	0.80088			6
2026.01.19	01:05:44.456	0.80051	0.80081			6
2026.01.19	01:05:45.025	0.80052				2
2026.01.19	01:05:45.749	0.80049				2
2026.01.19	01:05:47.552	0.80050				2
2026.01.19	01:05:47.861		0.80082			4
2026.01.19	01:05:48.325	0.80049	0.80084			6
2026.01.19	01:05:50.482	0.80050				2
2026.01.19	01:05:52.141		0.80085			4
2026.01.19	01:05:52.511	0.80047	0.80084			6
2026.01.19	01:05:52.823	0.80046	0.80085			6
2026.01.19	01:05:53.390	0.80047				2
2026.01.19	01:05:53.717	0.80046				2
2026.01.19	01:05:55.275	0.80045				2
2026.01.19	01:05:57.211		0.80081			4
2026.01.19	01:05:58.033	0.80044	0.80072			6
2026.01.19	01:06:00.026	0.80044				2
2026.01.19	01:06:00.533		0.80071			4
2026.01.19	01:06:03.669		0.80072			4
2026.01.19	01:06:05.126	0.80045				2
2026.01.19	01:06:05.458	0.80047	0.80065			6
2026.01.19	01:06:06.345		0.80066			4
2026.01.19	01:06:07.125		0.80063			4
2026.01.19	01:06:07.784		0.80059			4
2026.01.19	01:06:08.102		0.80066			4
2026.01.19	01:06:08.746	0.80048				2
2026.01.19	01:06:15.693		0.80065			4
2026.01.19	01:06:16.683		0.80054			4
2026.01.19	01:06:17.293		0.80051			4
2026.01.19	01:06:17.602		0.80052			4
2026.01.19	01:06:17.917		0.80049			4
2026.01.19	01:06:18.243	0.80045				2
2026.01.19	01:06:18.811	0.80048	0.80065			6
2026.01.19	01:06:19.121		0.80066			4
2026.01.19	01:06:20.316		0.80068			4
2026.01.19	01:06:25.317		0.80069			4
2026.01.19	01:06:26.370		0.80062			4
2026.01.19	01:06:30.027		0.80065			4
2026.01.19	01:06:30.443		0.80067			4
2026.01.19	01:06:32.504		0.80070			4
2026.01.19	01:06:32.819		0.80072			4
2026.01.19	01:06:34.323		0.80074			4
2026.01.19	01:06:34.747	0.80045				2
2026.01.19	01:06:35.106		0.80076			4
2026.01.19	01:06:36.064	0.80044	0.80072			6
2026.01.19	01:06:36.873	0.80045	0.80070			6
2026.01.19	01:06:37.360		0.80071			4
2026.01.19	01:06:37.704	0.80046				2
2026.01.19	01:06:39.091	0.80047				2
2026.01.19	01:06:40.161	0.80046	0.80073			6
2026.01.19	01:06:40.494	0.80047				2
2026.01.19	01:06:42.192		0.80072			4
2026.01.19	01:06:42.623	0.80046				2
2026.01.19	01:06:43.238		0.80073			4
2026.01.19	01:06:43.589	0.80045				2
2026.01.19	01:06:44.208	0.80044				2
2026.01.19	01:06:44.993	0.80045				2
2026.01.19	01:06:45.317	0.80046	0.80075			6
2026.01.19	01:06:45.927		0.80074			4
2026.01.19	01:06:47.664	0.80043	0.80070			6
2026.01.19	01:06:48.887		0.80067			4
2026.01.19	01:06:49.494	0.80044	0.80069			6
2026.01.19	01:06:50.317	0.80045	0.80070			6
2026.01.19	01:06:50.746	0.80048				2
2026.01.19	01:06:51.059	0.80049				2
2026.01.19	01:06:53.418	0.80048				2
2026.01.19	01:06:54.670	0.80047				2
2026.01.19	01:06:55.317		0.80071			4
2026.01.19	01:06:56.112	0.80050	0.80086			6
2026.01.19	01:06:56.505		0.80085			4
2026.01.19	01:06:57.114	0.80051				2
2026.01.19	01:06:57.498	0.80050				2
2026.01.19	01:07:00.396	0.80050				2
2026.01.19	01:07:00.744		0.80084			4
2026.01.19	01:07:01.507	0.80051				2
2026.01.19	01:07:02.097	0.80050				2
2026.01.19	01:07:04.096	0.80049				2
2026.01.19	01:07:05.316		0.80078			4
2026.01.19	01:07:10.317	0.80048	0.80077			6
2026.01.19	01:07:13.228	0.80049				2
2026.01.19	01:07:15.316		0.80076			4
2026.01.19	01:07:15.886	0.80047				2
2026.01.19	01:07:17.127	0.80049				2
2026.01.19	01:07:18.003	0.80048				2
2026.01.19	01:07:18.803	0.80050	0.80077			6
2026.01.19	01:07:19.120	0.80054	0.80092			6
2026.01.19	01:07:20.868	0.80053	0.80083			6
2026.01.19	01:07:21.303		0.80084			4
2026.01.19	01:07:21.926		0.80085			4
2026.01.19	01:07:22.275		0.80087			4
2026.01.19	01:07:23.319	0.80062	0.80088			6
2026.01.19	01:07:24.143	0.80065	0.80096			6
2026.01.19	01:07:24.774		0.80099			4
2026.01.19	01:07:25.103		0.80093			4
2026.01.19	01:07:25.419	0.80063	0.80096			6
2026.01.19	01:07:26.028	0.80070				2
2026.01.19	01:07:26.345		0.80095			4
2026.01.19	01:07:26.652	0.80071				2
2026.01.19	01:07:27.108	0.80074	0.80097			6
2026.01.19	01:07:27.507	0.80071				2
2026.01.19	01:07:27.909	0.80072	0.80099			6
2026.01.19	01:07:28.521	0.80059	0.80112			6
2026.01.19	01:07:29.141	0.80060	0.80110			6
2026.01.19	01:07:29.475	0.80061	0.80108			6
2026.01.19	01:07:30.170	0.80063	0.80107			6
2026.01.19	01:07:30.834	0.80066	0.80110			6
2026.01.19	01:07:31.211	0.80067	0.80112			6
2026.01.19	01:07:31.536	0.80062	0.80114			6
2026.01.19	01:07:31.962		0.80112			4
2026.01.19	01:07:32.628	0.80065				2
2026.01.19	01:07:33.014	0.80068	0.80110			6
2026.01.19	01:07:33.706	0.80062				2
2026.01.19	01:07:34.018	0.80067				2
2026.01.19	01:07:34.413	0.80066	0.80108			6
2026.01.19	01:07:35.804	0.80063				2
2026.01.19	01:07:36.382	0.80060	0.80109			6
2026.01.19	01:07:37.526	0.80061				2
2026.01.19	01:07:38.506	0.80062				2
2026.01.19	01:07:39.327	0.80063				2
2026.01.19	01:07:40.225	0.80072				2
2026.01.19	01:07:41.716		0.80103			4
2026.01.19	01:07:42.275	0.80073				2
2026.01.19	01:07:43.129	0.80072	0.80104			6
2026.01.19	01:07:43.494	0.80071	0.80103			6
2026.01.19	01:07:47.282	0.80072	0.80105			6
2026.01.19	01:07:49.257	0.80069				2
2026.01.19	01:07:52.226	0.80070				2
2026.01.19	01:07:53.369	0.80068				2
2026.01.19	01:07:53.842	0.80069				2
2026.01.19	01:07:57.384	0.80063	0.80098			6
2026.01.19	01:07:58.245	0.80064				2
2026.01.19	01:08:00.327	0.80064				2
2026.01.19	01:08:04.259	0.80061				2
2026.01.19	01:08:06.827	0.80062				2
2026.01.19	01:08:08.510	0.80060				2
2026.01.19	01:08:11.426	0.80061				2
2026.01.19	01:08:13.386	0.80060				2
2026.01.19	01:08:15.844		0.80095			4
2026.01.19	01:08:18.164	0.80059				2
2026.01.19	01:08:19.153	0.80058				2
2026.01.19	01:08:19.770	0.80057	0.80090			6
2026.01.19	01:08:23.258	0.80056	0.80089			6
2026.01.19	01:08:23.610		0.80088			4
2026.01.19	01:08:23.938	0.80054				2
2026.01.19	01:08:24.433	0.80053				2
2026.01.19	01:08:24.739	0.80052	0.80081			6
2026.01.19	01:08:26.107	0.80051	0.80080			6
2026.01.19	01:08:30.043	0.80052				2
2026.01.19	01:08:30.403	0.80053				2
2026.01.19	01:08:31.140	0.80039	0.80067			6
2026.01.19	01:08:32.734		0.80061			4
2026.01.19	01:08:33.068		0.80063			4
2026.01.19	01:08:33.513		0.80060			4
2026.01.19	01:08:35.115		0.80062			4
2026.01.19	01:08:37.753		0.80058			4
2026.01.19	01:08:39.877	0.80029	0.80055			6
2026.01.19	01:08:40.188	0.80030	0.80052			6
2026.01.19	01:08:42.313	0.80025	0.80049			6
2026.01.19	01:08:43.513		0.80048			4
2026.01.19	01:08:44.813		0.80047			4
2026.01.19	01:08:51.616		0.80045			4
2026.01.19	01:08:51.923	0.80023				2
2026.01.19	01:08:52.274	0.80018	0.80040			6
2026.01.19	01:08:52.581	0.80009	0.80034			6
2026.01.19	01:08:52.883	0.80008	0.80033			6
2026.01.19	01:08:53.192	0.80007				2
2026.01.19	01:08:53.539	0.80008				2
2026.01.19	01:08:54.837	0.80007	0.80034			6
2026.01.19	01:08:55.177		0.80035			4
2026.01.19	01:08:55.523		0.80033			4
2026.01.19	01:09:00.384	0.80006				2
2026.01.19	01:09:01.223	0.80007				2
2026.01.19	01:09:01.555	0.80006				2
2026.01.19	01:09:02.355		0.80030			4
2026.01.19	01:09:03.288	0.80008				2
2026.01.19	01:09:05.769		0.80031			4
2026.01.19	01:09:06.243	0.80004	0.80017			6
2026.01.19	01:09:07.088	0.80005				2
2026.01.19	01:09:07.430	0.80002				2
2026.01.19	01:09:08.010	0.80004	0.80016			6
2026.01.19	01:09:08.388	0.80006				2
2026.01.19	01:09:09.074	0.79999				2
2026.01.19	01:09:09.382	0.80011	0.80025			6
2026.01.19	01:09:09.701	0.80010	0.80027			6
2026.01.19	01:09:10.112		0.80026			4
2026.01.19	01:09:10.932	0.80011	0.80024			6
2026.01.19	01:09:11.246	0.80014	0.80035			6
2026.01.19	01:09:13.027		0.80034			4
2026.01.19	01:09:15.560	0.80020	0.80042			6
2026.01.19	01:09:15.982		0.80043			4
2026.01.19	01:09:16.655	0.80024	0.80051			6
2026.01.19	01:09:17.299	0.80008	0.80038			6
2026.01.19	01:09:17.621	0.80014				2
2026.01.19	01:09:18.922	0.80012	0.80037			6
2026.01.19	01:09:19.751	0.80010				2
2026.01.19	01:09:21.746	0.80002	0.80032			6
2026.01.19	01:09:25.527	0.80004				2
2026.01.19	01:09:27.626	0.80005				2
2026.01.19	01:09:28.056	0.80004	0.80030			6
2026.01.19	01:09:30.328		0.80032			4
2026.01.19	01:09:31.516	0.80006				2
2026.01.19	01:09:32.031		0.80034			4
2026.01.19	01:09:33.993	0.80009	0.80039			6
2026.01.19	01:09:34.298		0.80040			4
2026.01.19	01:09:37.515		0.80039			4
2026.01.19	01:09:38.515		0.80040			4
2026.01.19	01:09:38.819	0.80013	0.80050			6
2026.01.19	01:09:39.440	0.80031	0.80076			6
2026.01.19	01:09:39.747	0.80034	0.80069			6
2026.01.19	01:09:40.080	0.80032				2
2026.01.19	01:09:41.138	0.80039	0.80073			6
2026.01.19	01:09:43.687	0.80043	0.80077			6
2026.01.19	01:09:45.514	0.80042				2
2026.01.19	01:09:47.303		0.80071			4
2026.01.19	01:09:47.607		0.80070			4
2026.01.19	01:09:49.069		0.80077			4
2026.01.19	01:09:50.173	0.80044				2
2026.01.19	01:09:50.512	0.80049	0.80082			6
2026.01.19	01:09:50.826		0.80080			4
2026.01.19	01:09:51.127	0.80046	0.80079			6
2026.01.19	01:09:51.796	0.80045	0.80077			6
2026.01.19	01:09:52.100	0.80048				2
2026.01.19	01:09:52.836		0.80076			4
2026.01.19	01:09:53.779		0.80079			4
2026.01.19	01:09:54.447	0.80047				2
2026.01.19	01:09:54.753	0.80046				2
2026.01.19	01:09:55.071	0.80041	0.80072			6
2026.01.19	01:09:55.426	0.80031	0.80068			6
2026.01.19	01:09:55.734	0.80036				2
2026.01.19	01:09:56.345	0.80035				2
2026.01.19	01:09:56.987	0.80036				2
2026.01.19	01:09:57.529	0.80031	0.80063			6
2026.01.19	01:09:58.218	0.80030	0.80062			6
2026.01.19	01:09:59.532	0.80031				2
2026.01.19	01:09:59.842	0.80030				2
2026.01.19	01:10:00.147	0.80030	0.80060			6
2026.01.19	01:10:00.451	0.80032				2
2026.01.19	01:10:00.952	0.80031	0.80065			6
2026.01.19	01:10:01.260	0.80034	0.80067			6
2026.01.19	01:10:02.875	0.80033				2
2026.01.19	01:10:03.213	0.80034	0.80068			6
2026.01.19	01:10:04.538	0.80033	0.80067			6
2026.01.19	01:10:05.576	0.80035				2
2026.01.19	01:10:05.967	0.80025				2
2026.01.19	01:10:06.279	0.80030	0.80062			6
2026.01.19	01:10:06.905	0.80028				2
2026.01.19	01:10:10.818	0.80027	0.80063			6
2026.01.19	01:10:16.770	0.80022	0.80061			6
2026.01.19	01:10:18.375	0.80021				2
2026.01.19	01:10:19.198		0.80060			4
2026.01.19	01:10:23.082	0.80020				2
2026.01.19	01:10:23.401	0.80007	0.80045			6
2026.01.19	01:10:23.709	0.80006	0.80044			6
2026.01.19	01:10:24.565		0.80043			4
2026.01.19	01:10:27.345		0.80045			4
2026.01.19	01:10:29.579		0.80044			4
2026.01.19	01:10:30.407	0.80000	0.80035			6
2026.01.19	01:10:33.853	0.79998	0.80034			6
2026.01.19	01:10:34.244	0.79999				2
2026.01.19	01:10:35.124	0.80003	0.80038			6
2026.01.19	01:10:37.729	0.80001	0.80040			6
2026.01.19	01:10:40.182	0.80002				2
2026.01.19	01:10:41.539	0.80003	0.80039			6
2026.01.19	01:10:46.053	0.80006	0.80042			6
2026.01.19	01:10:47.937	0.80008	0.80043			6
2026.01.19	01:10:50.246	0.80010	0.80045			6
2026.01.19	01:10:51.574	0.80011	0.80046			6
2026.01.19	01:10:51.952	0.80010				2
2026.01.19	01:10:52.313	0.80013				2
2026.01.19	01:10:54.291	0.80029	0.80063			6
2026.01.19	01:10:54.912	0.80031				2
2026.01.19	01:10:55.218	0.80032				2
2026.01.19	01:10:56.190	0.80033				2
2026.01.19	01:10:58.072	0.80037	0.80072			6
2026.01.19	01:10:59.098	0.80056	0.80086			6
2026.01.19	01:11:00.051	0.80056				2
2026.01.19	01:11:00.360	0.80061	0.80090			6
2026.01.19	01:11:01.167	0.80063				2
2026.01.19	01:11:09.303	0.80066	0.80093			6
2026.01.19	01:11:16.896	0.80064	0.80090			6
2026.01.19	01:11:17.521	0.80062	0.80089			6
2026.01.19	01:11:22.793	0.80054	0.80086			6
2026.01.19	01:11:23.135	0.80060	0.80087			6
2026.01.19	01:11:23.817	0.80059	0.80088			6
2026.01.19	01:11:24.801	0.80054				2
2026.01.19	01:11:26.929	0.80053				2
2026.01.19	01:11:28.128		0.80087			4
2026.01.19	01:11:29.904	0.80050				2
2026.01.19	01:11:30.404	0.80048				2
2026.01.19	01:11:31.986	0.80036	0.80064			6
2026.01.19	01:11:32.288	0.80037	0.80065			6
2026.01.19	01:11:35.060	0.80036	0.80064			6
2026.01.19	01:11:41.425	0.80035	0.80063			6
2026.01.19	01:11:48.781	0.80036				2
2026.01.19	01:11:50.531	0.80035	0.80062			6
2026.01.19	01:11:52.349	0.80036	0.80063			6
2026.01.19	01:11:54.621	0.80038	0.80070			6
2026.01.19	01:11:54.925	0.80040	0.80067			6
2026.01.19	01:11:57.133	0.80037	0.80068			6
2026.01.19	01:11:59.708	0.80042	0.80069			6
2026.01.19	01:12:00.034	0.80042				2
2026.01.19	01:12:00.350	0.80049	0.80074			6
2026.01.19	01:12:01.047	0.80042	0.80071			6
2026.01.19	01:12:01.374	0.80041	0.80070			6
2026.01.19	01:12:02.373	0.80044				2
2026.01.19	01:12:04.475	0.80041	0.80068			6
2026.01.19	01:12:04.818	0.80040	0.80067			6
2026.01.19	01:12:05.126	0.80041				2
2026.01.19	01:12:05.747	0.80039	0.80066			6
2026.01.19	01:12:06.911	0.80038	0.80065			6
2026.01.19	01:12:07.954	0.80037				2
2026.01.19	01:12:09.090	0.80039				2
2026.01.19	01:12:11.492	0.80040				2
2026.01.19	01:12:12.376		0.80064			4
2026.01.19	01:12:13.524	0.80030	0.80057			6
2026.01.19	01:12:13.832	0.80034	0.80059			6
2026.01.19	01:12:14.667	0.80033	0.80058			6
2026.01.19	01:12:16.507	0.80034	0.80059			6
2026.01.19	01:12:16.839	0.80029				2
2026.01.19	01:12:18.288	0.80027	0.80058			6
2026.01.19	01:12:19.516	0.80033	0.80059			6
2026.01.19	01:12:20.346	0.80035	0.80060			6
2026.01.19	01:12:20.661	0.80030				2
2026.01.19	01:12:22.555	0.80032	0.80056			6
2026.01.19	01:12:25.414	0.80031	0.80055			6
2026.01.19	01:12:31.451	0.80032				2
2026.01.19	01:12:31.848	0.80039	0.80063			6
2026.01.19	01:12:32.157	0.80040				2
2026.01.19	01:12:34.702		0.80062			4
2026.01.19	01:12:35.003	0.80039	0.80061			6
2026.01.19	01:12:35.312	0.80042	0.80064			6
2026.01.19	01:12:36.845	0.80043	0.80063			6
2026.01.19	01:12:37.740	0.80045	0.80062			6
2026.01.19	01:12:39.817	0.80043	0.80061			6
2026.01.19	01:12:41.146	0.80044	0.80060			6
2026.01.19	01:12:41.645	0.80043	0.80059			6
2026.01.19	01:12:41.948	0.80044	0.80060			6
2026.01.19	01:12:42.381	0.80043				2
2026.01.19	01:12:43.826		0.80058			4
2026.01.19	01:12:45.624		0.80057			4
2026.01.19	01:12:46.185		0.80058			4
2026.01.19	01:12:48.012	0.80042	0.80056			6
2026.01.19	01:12:48.956	0.80044	0.80060			6
2026.01.19	01:12:50.083		0.80059			4
2026.01.19	01:12:50.399	0.80045	0.80060			6
2026.01.19	01:12:52.663	0.80046	0.80064			6
2026.01.19	01:12:53.557		0.80061			4
2026.01.19	01:12:56.108	0.80044	0.80060			6
2026.01.19	01:12:58.321	0.80038	0.80058			6
2026.01.19	01:13:00.396	0.80038	0.80057			6
2026.01.19	01:13:02.245	0.80022	0.80048			6
2026.01.19	01:13:03.711		0.80049			4
2026.01.19	01:13:04.224		0.80047			4
2026.01.19	01:13:06.546	0.80017	0.80044			6
2026.01.19	01:13:06.851		0.80045			4
2026.01.19	01:13:07.850	0.80014				2
2026.01.19	01:13:08.651	0.80013	0.80044			6
2026.01.19	01:13:08.963	0.80014				2
2026.01.19	01:13:09.527	0.80015				2
2026.01.19	01:13:10.110		0.80042			4
2026.01.19	01:13:10.800	0.80002	0.80036			6
2026.01.19	01:13:11.117	0.80003				2
2026.01.19	01:13:11.810	0.80002				2
2026.01.19	01:13:12.877	0.80001	0.80032			6
2026.01.19	01:13:13.179	0.80003	0.80031			6
2026.01.19	01:13:14.024	0.80005	0.80036			6
2026.01.19	01:13:15.031	0.80006				2
2026.01.19	01:13:16.296		0.80034			4
2026.01.19	01:13:18.958	0.80009	0.80035			6
2026.01.19	01:13:19.354	0.80007	0.80034			6
2026.01.19	01:13:20.530	0.80008				2
2026.01.19	01:13:21.734	0.80009				2
2026.01.19	01:13:22.897	0.80010				2
2026.01.19	01:13:24.084	0.80004	0.80030			6
2026.01.19	01:13:24.729	0.79997	0.80026			6
2026.01.19	01:13:25.043	0.79998				2
2026.01.19	01:13:29.426	0.79999				2
2026.01.19	01:13:30.216	0.79995	0.80024			6
2026.01.19	01:13:30.529	0.79996	0.80023			6
2026.01.19	01:13:31.756	0.79997				2
2026.01.19	01:13:32.059	0.79994				2
2026.01.19	01:13:32.509	0.79993	0.80021			6
2026.01.19	01:13:32.819	0.79994				2
2026.01.19	01:13:33.123	0.79993				2
2026.01.19	01:13:34.895	0.79995				2
2026.01.19	01:13:35.605	0.79994	0.80019			6
2026.01.19	01:13:36.359	0.79993				2
2026.01.19	01:13:36.672	0.79996	0.80023			6
2026.01.19	01:13:37.694	0.80008	0.80033			6
2026.01.19	01:13:39.131	0.80012	0.80040			6
2026.01.19	01:13:39.442	0.80014	0.80044			6
2026.01.19	01:13:39.748		0.80040			4
2026.01.19	01:13:41.767	0.80008	0.80035			6
2026.01.19	01:13:42.152	0.80009				2
2026.01.19	01:13:43.360	0.80006				2
2026.01.19	01:13:43.698	0.80008				2
2026.01.19	01:13:44.148	0.80013	0.80041			6
2026.01.19	01:13:44.498	0.80014	0.80039			6
2026.01.19	01:13:44.840	0.80005				2
2026.01.19	01:13:45.213	0.80010	0.80034			6
2026.01.19	01:13:46.331		0.80035			4
2026.01.19	01:13:46.672	0.80003				2
2026.01.19	01:13:47.376	0.80006	0.80033			6
2026.01.19	01:13:47.999	0.80004				2
2026.01.19	01:13:48.632	0.80003				2
2026.01.19	01:13:49.288	0.80002	0.80029			6
2026.01.19	01:13:54.831	0.80001	0.80026			6
2026.01.19	01:13:56.158	0.80005	0.80029			6
2026.01.19	01:13:56.477		0.80030			4
2026.01.19	01:13:56.783		0.80032			4
2026.01.19	01:13:58.225	0.80006				2
2026.01.19	01:13:58.962	0.80007				2
2026.01.19	01:14:00.352	0.80001	0.80027			6
2026.01.19	01:14:00.688	0.80003				2
2026.01.19	01:14:01.624	0.80002				2
2026.01.19	01:14:03.346	0.79999	0.80025			6
2026.01.19	01:14:04.901	0.80001				2
2026.01.19	01:14:05.244	0.80000	0.80024			6
2026.01.19	01:14:06.420	0.80007				2
2026.01.19	01:14:12.383	0.80006				2
2026.01.19	01:14:13.257	0.80009	0.80026			6
2026.01.19	01:14:13.663	0.80011				2
2026.01.19	01:14:14.945		0.80025			4
2026.01.19	01:14:15.286	0.80010				2
2026.01.19	01:14:16.818	0.80008	0.80024			6
2026.01.19	01:14:17.536	0.80010	0.80029			6
2026.01.19	01:14:18.634	0.80014				2
2026.01.19	01:14:19.435	0.80013				2
2026.01.19	01:14:25.865	0.80008	0.80024			6
2026.01.19	01:14:27.610	0.80007				2
2026.01.19	01:14:28.859	0.80008	0.80025			6
2026.01.19	01:14:32.680	0.80009				2
2026.01.19	01:14:34.420	0.80010				2
2026.01.19	01:14:39.166	0.80011	0.80030			6
2026.01.19	01:14:40.190	0.80012				2
2026.01.19	01:14:41.555	0.80009	0.80029			6
2026.01.19	01:14:41.872	0.80012				2
2026.01.19	01:14:42.631	0.80013	0.80030			6
2026.01.19	01:14:43.917	0.80015				2
2026.01.19	01:14:44.256	0.80014	0.80031			6
2026.01.19	01:14:45.343	0.80013				2
2026.01.19	01:14:47.440	0.80011				2
2026.01.19	01:14:48.548		0.80029			4
2026.01.19	01:14:51.683	0.80010				2
2026.01.19	01:14:54.021		0.80027			4
2026.01.19	01:14:56.884	0.80009				2
2026.01.19	01:14:57.639		0.80026			4
2026.01.19	01:14:58.911	0.80008				2
2026.01.19	01:15:00.422	0.80008				2
2026.01.19	01:15:00.749	0.80009				2
2026.01.19	01:15:01.058	0.80010	0.80031			6
2026.01.19	01:15:01.365	0.80014				2
2026.01.19	01:15:01.681	0.80012				2
2026.01.19	01:15:02.012		0.80032			4
2026.01.19	01:15:02.749	0.80013				2
2026.01.19	01:15:03.086	0.80014				2
2026.01.19	01:15:03.794	0.80013	0.80034			6
2026.01.19	01:15:04.101	0.80011				2
2026.01.19	01:15:05.579	0.80012				2
2026.01.19	01:15:06.421	0.80013				2
2026.01.19	01:15:06.726	0.80011				2
2026.01.19	01:15:07.031	0.80012				2
2026.01.19	01:15:07.339	0.80011				2
2026.01.19	01:15:07.656	0.80014	0.80035			6
2026.01.19	01:15:09.237	0.80015				2
2026.01.19	01:15:09.541	0.80013				2
2026.01.19	01:15:09.847	0.80014				2
2026.01.19	01:15:11.345	0.80015				2
2026.01.19	01:15:11.671	0.80016				2
2026.01.19	01:15:12.175	0.80015	0.80033			6
2026.01.19	01:15:13.231	0.80014				2
2026.01.19	01:15:13.973	0.80015				2
2026.01.19	01:15:14.280		0.80030			4
2026.01.19	01:15:15.599	0.80016				2
2026.01.19	01:15:17.300	0.80017				2
2026.01.19	01:15:17.697	0.80016				2
2026.01.19	01:15:18.620	0.80017				2
2026.01.19	01:15:18.964	0.80018				2
2026.01.19	01:15:20.850	0.80019				2
2026.01.19	01:15:22.881	0.80018				2
2026.01.19	01:15:24.233	0.80014	0.80027			6
2026.01.19	01:15:24.560	0.80015				2
2026.01.19	01:15:28.778	0.80009	0.80022			6
2026.01.19	01:15:29.737	0.80007				2
2026.01.19	01:15:30.040	0.80010				2
2026.01.19	01:15:30.776	0.80008				2
2026.01.19	01:15:31.652	0.80007				2
2026.01.19	01:15:31.958	0.80010				2
2026.01.19	01:15:32.687	0.80003	0.80021			6
2026.01.19	01:15:33.004	0.80008				2
2026.01.19	01:15:33.369	0.80006				2
2026.01.19	01:15:33.678	0.80008				2
2026.01.19	01:15:34.426		0.80020			4
2026.01.19	01:15:34.733	0.80005				2
2026.01.19	01:15:35.057	0.80008				2
2026.01.19	01:15:37.733	0.80005				2
2026.01.19	01:15:38.071	0.80008				2
2026.01.19	01:15:39.782	0.80006	0.80022			6
2026.01.19	01:15:40.093		0.80021			4
2026.01.19	01:15:40.460	0.80008				2
2026.01.19	01:15:41.137	0.80006				2
2026.01.19	01:15:41.447	0.80008				2
2026.01.19	01:15:42.088	0.80006				2
2026.01.19	01:15:42.400	0.80004				2
2026.01.19	01:15:42.788	0.80005				2
2026.01.19	01:15:43.295	0.80004				2
2026.01.19	01:15:43.631	0.80008				2
2026.01.19	01:15:44.647	0.80006				2
2026.01.19	01:15:45.023		0.80022			4
2026.01.19	01:15:45.328	0.80004				2
2026.01.19	01:15:45.653	0.80006				2
2026.01.19	01:15:45.993	0.80003				2
2026.01.19	01:15:46.300	0.80001	0.80021			6
2026.01.19	01:15:46.697	0.80006				2
2026.01.19	01:15:47.209	0.80007				2
2026.01.19	01:15:48.229	0.80006				2
2026.01.19	01:15:49.553	0.80007				2
2026.01.19	01:15:50.270	0.80006				2
2026.01.19	01:15:51.301	0.80004				2
2026.01.19	01:15:51.661	0.80007				2
2026.01.19	01:15:52.143		0.80019			4
2026.01.19	01:15:52.450	0.80004				2
2026.01.19	01:15:52.769	0.80006				2
2026.01.19	01:15:53.149	0.80005				2
2026.01.19	01:15:53.459	0.80006				2
2026.01.19	01:15:54.154	0.80004				2
2026.01.19	01:15:54.458	0.80005				2
2026.01.19	01:15:56.163	0.80004				2
2026.01.19	01:15:56.469	0.79998				2
2026.01.19	01:15:56.776	0.80005				2
2026.01.19	01:15:57.222	0.80004				2
2026.01.19	01:15:57.554	0.80006				2
2026.01.19	01:15:58.236	0.80004				2
2026.01.19	01:15:58.593	0.80005				2
2026.01.19	01:15:59.250	0.80004				2
2026.01.19	01:15:59.601	0.80003				2
2026.01.19	01:15:59.936	0.80005				2
2026.01.19	01:16:00.258	0.80005				2
2026.01.19	01:16:00.565	0.80002	0.80025			6
2026.01.19	01:16:00.893	0.80010	0.80031			6
2026.01.19	01:16:01.303	0.80008	0.80026			6
2026.01.19	01:16:01.669	0.80006	0.80029			6
2026.01.19	01:16:02.407	0.80020	0.80036			6
2026.01.19	01:16:02.744		0.80035			4
2026.01.19	01:16:03.059	0.80018	0.80036			6
2026.01.19	01:16:04.061	0.80016				2
2026.01.19	01:16:04.425	0.80018				2
2026.01.19	01:16:04.740		0.80037			4
2026.01.19	01:16:05.370	0.80017				2
2026.01.19	01:16:05.679	0.80018				2
2026.01.19	01:16:06.004	0.80016				2
2026.01.19	01:16:06.319	0.80018				2
2026.01.19	01:16:06.621	0.80019				2
2026.01.19	01:16:06.924	0.80016				2
2026.01.19	01:16:07.239	0.80018				2
2026.01.19	01:16:07.541	0.80016				2
2026.01.19	01:16:08.061	0.80017				2
2026.01.19	01:16:08.694	0.80015	0.80036			6
2026.01.19	01:16:09.000	0.80013				2
2026.01.19	01:16:10.325	0.80016	0.80037			6
2026.01.19	01:16:10.629	0.80013	0.80035			6
2026.01.19	01:16:10.948	0.80006	0.80026			6
2026.01.19	01:16:11.271	0.80005	0.80022			6
2026.01.19	01:16:11.579	0.80004	0.80024			6
2026.01.19	01:16:12.091		0.80022			4
2026.01.19	01:16:12.406		0.80024			4
2026.01.19	01:16:13.096	0.80005	0.80022			6
2026.01.19	01:16:13.406	0.80004				2
2026.01.19	01:16:13.818	0.80005	0.80024			6
2026.01.19	01:16:14.137	0.80004				2
2026.01.19	01:16:14.465	0.80005				2
2026.01.19	01:16:15.151	0.80004				2
2026.01.19	01:16:16.167		0.80021			4
2026.01.19	01:16:16.678		0.80024			4
2026.01.19	01:16:17.594	0.80003	0.80022			6
2026.01.19	01:16:17.932	0.80006				2
2026.01.19	01:16:18.239	0.80004				2
2026.01.19	01:16:19.034	0.80003				2
2026.01.19	01:16:19.524	0.80002				2
2026.01.19	01:16:20.083	0.80003				2
2026.01.19	01:16:21.481	0.80001	0.80020			6
2026.01.19	01:16:21.860	0.80002				2
2026.01.19	01:16:22.177	0.80003				2
2026.01.19	01:16:22.481	0.80002				2
2026.01.19	01:16:23.199	0.80003				2
2026.01.19	01:16:23.523	0.80002				2
2026.01.19	01:16:24.222	0.80003				2
2026.01.19	01:16:24.563	0.80002				2
2026.01.19	01:16:25.238	0.80003				2
2026.01.19	01:16:25.697	0.80002				2
2026.01.19	01:16:26.024	0.80004				2
2026.01.19	01:16:26.351	0.80003				2
2026.01.19	01:16:26.712	0.80002				2
2026.01.19	01:16:27.025	0.80004				2
2026.01.19	01:16:27.366	0.80003				2
2026.01.19	01:16:27.727	0.80002				2
2026.01.19	01:16:28.064	0.80004				2
2026.01.19	01:16:28.378	0.80003				2
2026.01.19	01:16:29.046	0.80004				2
2026.01.19	01:16:29.361	0.80003				2
2026.01.19	01:16:29.684	0.80002				2
2026.01.19	01:16:29.988	0.80003				2
2026.01.19	01:16:30.703	0.80002				2
2026.01.19	01:16:31.019	0.80004	0.80019			6
2026.01.19	01:16:31.433	0.80002				2
2026.01.19	01:16:32.348		0.80018			4
2026.01.19	01:16:32.698	0.80003	0.80019			6
2026.01.19	01:16:33.461	0.80000	0.80018			6
2026.01.19	01:16:35.026	0.80001				2
2026.01.19	01:16:35.338	0.80000				2
2026.01.19	01:16:35.763	0.80001				2
2026.01.19	01:16:36.240	0.79999	0.80017			6
2026.01.19	01:16:36.559	0.80002	0.80018			6
2026.01.19	01:16:37.466	0.80004				2
2026.01.19	01:16:37.779	0.80002				2
2026.01.19	01:16:38.667	0.80003				2
2026.01.19	01:16:39.209	0.80002	0.80015			6
2026.01.19	01:16:39.557		0.80018			4
2026.01.19	01:16:40.034	0.80004				2
2026.01.19	01:16:40.356	0.80002	0.80019			6
2026.01.19	01:16:40.802	0.80003				2
2026.01.19	01:16:41.821	0.80002				2
2026.01.19	01:16:43.589	0.80003				2
2026.01.19	01:16:43.944	0.80004				2
2026.01.19	01:16:45.417	0.80007				2
2026.01.19	01:16:45.987	0.80006				2
2026.01.19	01:16:47.189	0.80007				2
2026.01.19	01:16:48.668	0.80006	0.80020			6
2026.01.19	01:16:49.189	0.80007				2
2026.01.19	01:16:49.582	0.80006				2
2026.01.19	01:16:51.076	0.80008	0.80026			6
2026.01.19	01:16:51.920	0.80011				2
2026.01.19	01:16:52.677	0.80012				2
2026.01.19	01:16:53.206	0.80011				2
2026.01.19	01:16:57.247	0.80012				2
2026.01.19	01:16:59.423	0.80011				2
2026.01.19	01:17:00.452	0.80011				2
2026.01.19	01:17:01.430	0.80009	0.80018			6
2026.01.19	01:17:01.899		0.80024			4
2026.01.19	01:17:02.465		0.80019			4
2026.01.19	01:17:02.918		0.80024			4
2026.01.19	01:17:03.504		0.80019			4
2026.01.19	01:17:03.897		0.80024			4
2026.01.19	01:17:08.615	0.80008				2
2026.01.19	01:17:11.391	0.80009	0.80020			6
2026.01.19	01:17:11.725		0.80024			4
2026.01.19	01:17:12.233	0.80010				2
2026.01.19	01:17:13.472	0.80006	0.80021			6
2026.01.19	01:17:13.780	0.80005				2
2026.01.19	01:17:14.308	0.80006				2
2026.01.19	01:17:14.704	0.80005				2
2026.01.19	01:17:15.525	0.80001	0.80014			6
2026.01.19	01:17:15.839		0.80019			4
2026.01.19	01:17:17.359	0.80002	0.80018			6
2026.01.19	01:17:17.700	0.80004	0.80021			6
2026.01.19	01:17:18.375	0.80006				2
2026.01.19	01:17:18.720	0.80004				2
2026.01.19	01:17:21.215	0.79999	0.80017			6
2026.01.19	01:17:21.519	0.80004	0.80020			6
2026.01.19	01:17:22.227	0.80006				2
2026.01.19	01:17:22.538	0.80004				2
2026.01.19	01:17:23.272	0.80007				2
2026.01.19	01:17:23.573	0.80005				2
2026.01.19	01:17:24.295	0.80006				2
2026.01.19	01:17:24.599	0.80005				2
2026.01.19	01:17:24.923	0.80006	0.80017			6
2026.01.19	01:17:25.257		0.80023			4
2026.01.19	01:17:25.952	0.80002	0.80021			6
2026.01.19	01:17:26.282	0.80007	0.80024			6
2026.01.19	01:17:27.058	0.80009	0.80021			6
2026.01.19	01:17:27.428	0.80004	0.80020			6
2026.01.19	01:17:27.738	0.80009	0.80025			6
2026.01.19	01:17:29.946	0.80011	0.80027			6
2026.01.19	01:17:31.024	0.80010				2
2026.01.19	01:17:32.448	0.80011				2
2026.01.19	01:17:33.472	0.80010				2
2026.01.19	01:17:34.179	0.80011				2
2026.01.19	01:17:34.941	0.80014				2
2026.01.19	01:17:35.991		0.80028			4
2026.01.19	01:17:37.200	0.80000	0.80026			6
2026.01.19	01:17:37.531	0.80013	0.80027			6
2026.01.19	01:17:39.763	0.80006	0.80025			6
2026.01.19	01:17:40.448	0.80008				2
2026.01.19	01:17:41.214	0.80006				2
2026.01.19	01:17:41.519	0.80008				2
2026.01.19	01:17:43.785	0.80007	0.80026			6
2026.01.19	01:17:44.337	0.80008				2
2026.01.19	01:17:46.973	0.80007				2
2026.01.19	01:17:49.178	0.80008				2
2026.01.19	01:17:49.602	0.80014				2
2026.01.19	01:17:49.966	0.80007				2
2026.01.19	01:17:50.280	0.80011				2
2026.01.19	01:17:50.593	0.80007				2
2026.01.19	01:17:50.913	0.80014				2
2026.01.19	01:17:51.249	0.80007				2
2026.01.19	01:17:51.672	0.80013	0.80027			6
2026.01.19	01:17:52.197	0.80014	0.80026			6
2026.01.19	01:17:53.298	0.80013	0.80027			6
2026.01.19	01:17:54.525	0.80002	0.80020			6
2026.01.19	01:17:55.183	0.80000				2
2026.01.19	01:17:55.530	0.80001	0.80021			6
2026.01.19	01:17:55.841	0.80009	0.80024			6
2026.01.19	01:17:57.221	0.80008				2
2026.01.19	01:17:57.734		0.80022			4
2026.01.19	01:17:58.038	0.80001	0.80021			6
2026.01.19	01:17:58.417		0.80020			4
2026.01.19	01:17:58.763		0.80016			4
2026.01.19	01:17:59.268	0.80002	0.80018			6
2026.01.19	01:17:59.572		0.80015			4
2026.01.19	01:17:59.917		0.80020			4
2026.01.19	01:18:00.307	0.80003				2
2026.01.19	01:18:00.970	0.80002				2
2026.01.19	01:18:02.288	0.80003				2
2026.01.19	01:18:02.696	0.80002				2
2026.01.19	01:18:03.034	0.80003				2
2026.01.19	01:18:03.915	0.80001				2
2026.01.19	01:18:04.274	0.80002				2
2026.01.19	01:18:06.438	0.80001				2
2026.01.19	01:18:06.799	0.80002				2
2026.01.19	01:18:10.588	0.80001				2
2026.01.19	01:18:10.941	0.80002				2
2026.01.19	01:18:11.672	0.80001				2
2026.01.19	01:18:11.977	0.80002				2
2026.01.19	01:18:15.383	0.80003				2
2026.01.19	01:18:15.707	0.80002				2
2026.01.19	01:18:16.011	0.80004				2
2026.01.19	01:18:16.996		0.80019			4
2026.01.19	01:18:17.945	0.80002				2
2026.01.19	01:18:18.266	0.80004				2
2026.01.19	01:18:18.996	0.80003				2
2026.01.19	01:18:22.554		0.80020			4
2026.01.19	01:18:23.226	0.80007	0.80024			6
2026.01.19	01:18:23.554	0.80006				2
2026.01.19	01:18:23.876	0.80007				2
2026.01.19	01:18:25.131	0.80000	0.80018			6
2026.01.19	01:18:25.448	0.80006	0.80023			6
2026.01.19	01:18:26.133		0.80022			4
2026.01.19	01:18:26.736		0.80023			4
2026.01.19	01:18:27.788	0.80005				2
2026.01.19	01:18:28.245	0.79997	0.80015			6
2026.01.19	01:18:28.558	0.80003	0.80019			6
2026.01.19	01:18:29.312	0.80002				2
2026.01.19	01:18:32.603	0.79998	0.80014			6
2026.01.19	01:18:33.067	0.80002	0.80019			6
2026.01.19	01:18:37.431	0.80000	0.80018			6
2026.01.19	01:18:37.739	0.80001				2
2026.01.19	01:18:38.078	0.79997	0.80013			6
2026.01.19	01:18:38.689	0.80001	0.80018			6
2026.01.19	01:18:39.947	0.80002				2
2026.01.19	01:18:40.317		0.80017			4
2026.01.19	01:18:40.644	0.80001				2
2026.01.19	01:18:42.674	0.80000				2
2026.01.19	01:18:42.979	0.80001	0.80016			6
2026.01.19	01:18:44.036	0.80000	0.80015			6
2026.01.19	01:18:45.098	0.80001				2
2026.01.19	01:18:45.832	0.80000				2
2026.01.19	01:18:49.397	0.79999				2
2026.01.19	01:18:50.549	0.80000				2
2026.01.19	01:18:52.459	0.79997	0.80013			6
2026.01.19	01:18:53.111		0.80010			4
2026.01.19	01:18:53.548		0.80013			4
2026.01.19	01:18:53.879		0.80010			4
2026.01.19	01:18:54.216		0.80009			4
2026.01.19	01:18:54.519		0.80013			4
2026.01.19	01:18:54.827		0.80008			4
2026.01.19	01:18:55.486		0.80012			4
2026.01.19	01:18:56.183	0.79995	0.80009			6
2026.01.19	01:18:56.488	0.79997	0.80008			6
2026.01.19	01:18:58.177		0.80012			4
2026.01.19	01:18:58.492	0.79994	0.80008			6
2026.01.19	01:18:59.160	0.79997	0.80011			6
2026.01.19	01:18:59.467		0.80012			4
2026.01.19	01:19:00.193	0.79997				2
2026.01.19	01:19:00.530		0.80013			4
2026.01.19	01:19:02.869		0.80012			4
2026.01.19	01:19:04.283		0.80011			4
2026.01.19	01:19:07.142		0.80010			4
2026.01.19	01:19:08.247		0.80011			4
2026.01.19	01:19:10.983		0.80012			4
2026.01.19	01:19:11.302		0.80011			4
2026.01.19	01:19:11.606	0.79972	0.79997			6
2026.01.19	01:19:11.920	0.79963	0.80000			6
2026.01.19	01:19:12.251	0.79970				2
2026.01.19	01:19:13.733		0.79999			4
2026.01.19	01:19:14.039	0.79967	0.79988			6
2026.01.19	01:19:14.373		0.79994			4
2026.01.19	01:19:14.676		0.79991			4
2026.01.19	01:19:15.327		0.79995			4
2026.01.19	01:19:15.652	0.79964	0.79993			6
2026.01.19	01:19:15.981	0.79966				2
2026.01.19	01:19:16.303	0.79968	0.79995			6
2026.01.19	01:19:16.713	0.79954	0.79972			6
2026.01.19	01:19:17.028	0.79952				2
2026.01.19	01:19:18.058		0.79977			4
2026.01.19	01:19:18.757	0.79953	0.79976			6
2026.01.19	01:19:20.303	0.79942	0.79966			6
2026.01.19	01:19:20.618	0.79937	0.79963			6
2026.01.19	01:19:20.922		0.79959			4
2026.01.19	01:19:21.238	0.79935	0.79958			6
2026.01.19	01:19:21.568	0.79944	0.79969			6
2026.01.19	01:19:21.877		0.79971			4
2026.01.19	01:19:23.867	0.79945	0.79973			6
2026.01.19	01:19:24.302		0.79972			4
2026.01.19	01:19:25.102	0.79946				2
2026.01.19	01:19:26.035	0.79947				2
2026.01.19	01:19:26.690	0.79933	0.79960			6
2026.01.19	01:19:27.000	0.79932	0.79953			6
2026.01.19	01:19:27.302	0.79918	0.79939			6
2026.01.19	01:19:27.943	0.79919				2
2026.01.19	01:19:28.936	0.79921	0.79940			6
2026.01.19	01:19:29.787		0.79941			4
2026.01.19	01:19:31.568	0.79923	0.79942			6
2026.01.19	01:19:31.879	0.79914				2
2026.01.19	01:19:32.201	0.79920				2
2026.01.19	01:19:32.882	0.79914	0.79938			6
2026.01.19	01:19:34.666	0.79915	0.79941			6
2026.01.19	01:19:35.295		0.79938			4
2026.01.19	01:19:36.019	0.79937	0.79966			6
2026.01.19	01:19:36.358	0.79941				2
2026.01.19	01:19:36.707	0.79938	0.79970			6
2026.01.19	01:19:37.018	0.79943	0.79973			6
2026.01.19	01:19:37.359	0.79947				2
2026.01.19	01:19:37.663	0.79938	0.79958			6
2026.01.19	01:19:37.980	0.79934	0.79963			6
2026.01.19	01:19:38.299	0.79933				2
2026.01.19	01:19:38.686	0.79920	0.79942			6
2026.01.19	01:19:38.999	0.79915	0.79941			6
2026.01.19	01:19:39.304	0.79918				2
2026.01.19	01:19:40.023		0.79942			4
2026.01.19	01:19:41.742	0.79927				2
2026.01.19	01:19:42.147		0.79956			4
2026.01.19	01:19:42.459	0.79933	0.79954			6
2026.01.19	01:19:42.828	0.79942	0.79965			6
2026.01.19	01:19:43.152	0.79932	0.79962			6
2026.01.19	01:19:43.471	0.79935	0.79961			6
2026.01.19	01:19:43.800		0.79962			4
2026.01.19	01:19:44.539	0.79933	0.79960			6
2026.01.19	01:19:45.381	0.79932	0.79962			6
2026.01.19	01:19:46.217	0.79942	0.79963			6
2026.01.19	01:19:46.519	0.79944	0.79964			6
2026.01.19	01:19:46.929	0.79946				2
2026.01.19	01:19:47.248	0.79950	0.79970			6
2026.01.19	01:19:49.454	0.79940	0.79953			6
2026.01.19	01:19:49.991	0.79941	0.79952			6
2026.01.19	01:19:50.331	0.79950	0.79967			6
2026.01.19	01:19:51.041	0.79948	0.79969			6
2026.01.19	01:19:51.355	0.79949	0.79968			6
2026.01.19	01:19:51.668	0.79936	0.79952			6
2026.01.19	01:19:51.979	0.79926	0.79943			6
2026.01.19	01:19:52.286	0.79925	0.79942			6
2026.01.19	01:19:52.589	0.79920				2
2026.01.19	01:19:53.988		0.79941			4
2026.01.19	01:19:54.552		0.79940			4
2026.01.19	01:19:54.861	0.79919	0.79941			6
2026.01.19	01:19:55.878	0.79922	0.79952			6
2026.01.19	01:20:00.398	0.79922				2
2026.01.19	01:20:00.913		0.79946			4
2026.01.19	01:20:01.220	0.79923	0.79942			6
2026.01.19	01:20:01.547		0.79941			4
2026.01.19	01:20:01.870	0.79919				2
2026.01.19	01:20:02.226	0.79921	0.79940			6
2026.01.19	01:20:02.705	0.79925	0.79943			6
2026.01.19	01:20:03.415	0.79920				2
2026.01.19	01:20:03.719		0.79944			4
2026.01.19	01:20:04.250	0.79919	0.79950			6
2026.01.19	01:20:04.562	0.79923	0.79952			6
2026.01.19	01:20:05.466		0.79949			4
2026.01.19	01:20:05.977		0.79948			4
2026.01.19	01:20:07.371	0.79914	0.79935			6
2026.01.19	01:20:07.708	0.79916	0.79933			6
2026.01.19	01:20:08.020	0.79918	0.79935			6
2026.01.19	01:20:08.339	0.79925	0.79950			6
2026.01.19	01:20:09.505	0.79928	0.79952			6
2026.01.19	01:20:09.835	0.79930	0.79954			6
2026.01.19	01:20:10.495	0.79927	0.79950			6
2026.01.19	01:20:11.239	0.79931	0.79955			6
2026.01.19	01:20:11.554		0.79954			4
2026.01.19	01:20:11.858		0.79953			4
2026.01.19	01:20:12.245	0.79930	0.79952			6
2026.01.19	01:20:12.875	0.79931	0.79950			6
2026.01.19	01:20:13.389	0.79928	0.79952			6
2026.01.19	01:20:13.693	0.79925	0.79946			6
2026.01.19	01:20:14.865	0.79921	0.79945			6
2026.01.19	01:20:16.001		0.79949			4
2026.01.19	01:20:16.751		0.79948			4
2026.01.19	01:20:17.055	0.79920	0.79946			6
2026.01.19	01:20:17.359	0.79925	0.79945			6
2026.01.19	01:20:17.778	0.79923				2
2026.01.19	01:20:18.423	0.79926				2
2026.01.19	01:20:18.751	0.79925	0.79946			6
2026.01.19	01:20:19.555		0.79947			4
2026.01.19	01:20:20.631	0.79921	0.79944			6
2026.01.19	01:20:21.151	0.79916	0.79939			6
2026.01.19	01:20:22.463	0.79912	0.79937			6
2026.01.19	01:20:22.786	0.79915	0.79936			6
2026.01.19	01:20:23.899	0.79917				2
2026.01.19	01:20:27.065	0.79922	0.79946			6
2026.01.19	01:20:27.381	0.79917	0.79938			6
2026.01.19	01:20:27.708	0.79916	0.79937			6
2026.01.19	01:20:30.221	0.79917				2
2026.01.19	01:20:30.538	0.79915	0.79938			6
2026.01.19	01:20:30.858	0.79914	0.79939			6
2026.01.19	01:20:31.266	0.79917	0.79937			6
2026.01.19	01:20:32.849	0.79916				2
2026.01.19	01:20:36.381	0.79917				2
2026.01.19	01:20:36.989	0.79914	0.79933			6
2026.01.19	01:20:37.374	0.79913	0.79934			6
2026.01.19	01:20:38.904	0.79912	0.79938			6
2026.01.19	01:20:41.236	0.79914	0.79936			6
2026.01.19	01:20:41.960	0.79910	0.79932			6
2026.01.19	01:20:42.353	0.79911	0.79931			6
2026.01.19	01:20:42.979	0.79909				2
2026.01.19	01:20:44.156	0.79908				2
2026.01.19	01:20:44.557	0.79894	0.79917			6
2026.01.19	01:20:44.858	0.79904	0.79924			6
2026.01.19	01:20:45.194	0.79900	0.79921			6
2026.01.19	01:20:46.094	0.79897				2
2026.01.19	01:20:46.549	0.79891	0.79915			6
2026.01.19	01:20:46.861	0.79898	0.79921			6
2026.01.19	01:20:47.533		0.79920			4
2026.01.19	01:20:48.750	0.79900	0.79923			6
2026.01.19	01:20:49.211	0.79888	0.79904			6
2026.01.19	01:20:49.835	0.79886	0.79903			6
2026.01.19	01:20:50.170		0.79904			4
2026.01.19	01:20:50.980		0.79902			4
2026.01.19	01:20:52.826	0.79890	0.79910			6
2026.01.19	01:20:53.864	0.79887	0.79909			6
2026.01.19	01:20:54.232	0.79888				2
2026.01.19	01:20:54.824	0.79885	0.79905			6
2026.01.19	01:20:55.582	0.79886				2
2026.01.19	01:20:56.407	0.79880	0.79902			6
2026.01.19	01:20:56.721	0.79878	0.79901			6
2026.01.19	01:20:57.028	0.79880				2
2026.01.19	01:20:57.480	0.79878	0.79900			6
2026.01.19	01:20:58.119		0.79898			4
2026.01.19	01:20:58.422	0.79881				2
2026.01.19	01:20:59.090		0.79899			4
2026.01.19	01:21:00.367	0.79882	0.79898			6
2026.01.19	01:21:01.437	0.79863	0.79888			6
2026.01.19	01:21:01.773	0.79864	0.79892			6
2026.01.19	01:21:02.614	0.79868	0.79891			6
2026.01.19	01:21:02.949	0.79875	0.79896			6
2026.01.19	01:21:03.260	0.79876				2
2026.01.19	01:21:03.657	0.79877	0.79899			6
2026.01.19	01:21:04.222	0.79878				2
2026.01.19	01:21:05.038	0.79877				2
2026.01.19	01:21:05.402	0.79879				2
2026.01.19	01:21:05.897	0.79886	0.79904			6
2026.01.19	01:21:06.213	0.79884	0.79906			6
2026.01.19	01:21:06.521	0.79891	0.79912			6
2026.01.19	01:21:07.593	0.79897	0.79917			6
2026.01.19	01:21:07.900		0.79919			4
2026.01.19	01:21:08.202	0.79896				2
2026.01.19	01:21:08.599		0.79918			4
2026.01.19	01:21:08.941	0.79899	0.79920			6
2026.01.19	01:21:09.367	0.79901				2
2026.01.19	01:21:11.624	0.79894	0.79902			6
2026.01.19	01:21:11.940	0.79887				2
2026.01.19	01:21:16.241	0.79890	0.79912			6
2026.01.19	01:21:16.554	0.79894	0.79913			6
2026.01.19	01:21:16.861		0.79915			4
2026.01.19	01:21:17.852		0.79914			4
2026.01.19	01:21:20.528	0.79895				2
2026.01.19	01:21:21.106	0.79894	0.79913			6
2026.01.19	01:21:21.642		0.79917			4
2026.01.19	01:21:22.106	0.79895				2
2026.01.19	01:21:25.903		0.79918			4
2026.01.19	01:21:26.600	0.79894	0.79909			6
2026.01.19	01:21:27.366		0.79912			4
2026.01.19	01:21:28.768		0.79909			4
2026.01.19	01:21:29.158	0.79893				2
2026.01.19	01:21:33.941	0.79894	0.79912			6
2026.01.19	01:21:34.409	0.79895	0.79913			6
2026.01.19	01:21:35.000	0.79898	0.79914			6
2026.01.19	01:21:36.239	0.79899				2
2026.01.19	01:21:36.554		0.79916			4
2026.01.19	01:21:37.693	0.79902	0.79918			6
2026.01.19	01:21:38.089		0.79916			4
2026.01.19	01:21:39.955	0.79903				2
2026.01.19	01:21:40.839	0.79902				2
2026.01.19	01:21:41.767	0.79901	0.79917			6
2026.01.19	01:21:48.097	0.79904	0.79919			6
2026.01.19	01:21:52.327	0.79902	0.79917			6
2026.01.19	01:21:55.681	0.79903				2
2026.01.19	01:21:56.731	0.79889	0.79903			6
2026.01.19	01:21:57.039	0.79885	0.79902			6
2026.01.19	01:21:57.359	0.79899	0.79918			6
2026.01.19	01:21:57.664		0.79915			4
2026.01.19	01:22:02.343	0.79900				2
2026.01.19	01:22:03.982	0.79897	0.79910			6
2026.01.19	01:22:06.995	0.79896				2
2026.01.19	01:22:07.456	0.79902	0.79914			6
2026.01.19	01:22:09.214	0.79901	0.79913			6
2026.01.19	01:22:10.165	0.79900				2
2026.01.19	01:22:10.503	0.79904	0.79915			6
2026.01.19	01:22:10.836	0.79905				2
2026.01.19	01:22:12.279	0.79909	0.79917			6
2026.01.19	01:22:12.599	0.79905				2
2026.01.19	01:22:12.907	0.79904	0.79916			6
2026.01.19	01:22:15.373		0.79915			4
2026.01.19	01:22:18.865		0.79916			4
2026.01.19	01:22:19.327		0.79918			4
2026.01.19	01:22:21.191	0.79905				2
2026.01.19	01:22:22.649	0.79919	0.79926			6
2026.01.19	01:22:23.259	0.79912	0.79923			6
2026.01.19	01:22:26.188	0.79905	0.79922			6
2026.01.19	01:22:26.633	0.79907				2
2026.01.19	01:22:29.404	0.79908				2
2026.01.19	01:22:32.206	0.79907	0.79921			6
2026.01.19	01:22:32.705		0.79920			4
2026.01.19	01:22:33.862		0.79921			4
2026.01.19	01:22:34.213		0.79920			4
2026.01.19	01:22:34.820	0.79904	0.79917			6
2026.01.19	01:22:35.458	0.79898	0.79915			6
2026.01.19	01:22:35.879	0.79899	0.79918			6
2026.01.19	01:22:36.479		0.79915			4
2026.01.19	01:22:36.904		0.79912			4
2026.01.19	01:22:37.227	0.79896				2
2026.01.19	01:22:37.602	0.79891	0.79902			6
2026.01.19	01:22:37.909	0.79893				2
2026.01.19	01:22:38.221	0.79896	0.79915			6
2026.01.19	01:22:38.856		0.79916			4
2026.01.19	01:22:39.160	0.79897				2
2026.01.19	01:22:39.544	0.79898				2
2026.01.19	01:22:40.462	0.79897				2
2026.01.19	01:22:40.779	0.79900	0.79918			6
2026.01.19	01:22:41.937	0.79901				2
2026.01.19	01:22:42.834	0.79900				2
2026.01.19	01:22:43.473	0.79897	0.79916			6
2026.01.19	01:22:43.779	0.79900	0.79920			6
2026.01.19	01:22:44.159	0.79901				2
2026.01.19	01:22:44.500	0.79897	0.79912			6
2026.01.19	01:22:44.810	0.79896	0.79911			6
2026.01.19	01:22:45.248	0.79892	0.79909			6
2026.01.19	01:22:46.327	0.79895	0.79910			6
2026.01.19	01:22:47.974		0.79911			4
2026.01.19	01:22:48.788	0.79894	0.79910			6
2026.01.19	01:22:49.305	0.79895				2
2026.01.19	01:22:50.612		0.79909			4
2026.01.19	01:22:51.488	0.79893	0.79908			6
