<DATE>	<TIME>	<BID>	<ASK>	<LAST>	<VOLUME>	<FLAGS>
2026.05.04	00:03:30.498	0.77829	0.78314			6
2026.05.04	00:04:12.982	0.77829				2
2026.05.04	00:04:41.372		0.78314			4
2026.05.04	00:05:01.269	0.77829				2
2026.05.04	00:05:50.146		0.78314			4
2026.05.04	00:06:11.372	0.77829				2
2026.05.04	00:07:01.372	0.77829	0.78314			6
2026.05.04	00:08:02.990	0.77829	0.78314			6
2026.05.04	00:09:00.330	0.77829				2
2026.05.04	00:09:03.007		0.78314			4
2026.05.04	00:10:00.670	0.77829				2
2026.05.04	00:10:05.927		0.78314			4
2026.05.04	00:11:01.561	0.77829				2
2026.05.04	00:11:08.484		0.78314			4
2026.05.04	00:12:00.527	0.77829				2
2026.05.04	00:12:10.334		0.78314			4
2026.05.04	00:13:01.127	0.77829				2
2026.05.04	00:13:10.727		0.78314			4
2026.05.04	00:14:00.527	0.77829				2
2026.05.04	00:14:11.026		0.78314			4
2026.05.04	00:15:00.004	0.77829				2
2026.05.04	00:15:11.848		0.78314			4
2026.05.04	00:16:00.827	0.77829				2
2026.05.04	00:16:12.527		0.78314			4
2026.05.04	00:16:17.999	0.77934	0.78210			6
2026.05.04	00:17:00.170	0.77934				2
2026.05.04	00:17:18.233		0.78210			4
2026.05.04	00:18:00.083	0.77934				2
2026.05.04	00:18:18.441		0.78210			4
2026.05.04	00:19:00.277	0.77934				2
2026.05.04	00:19:18.625		0.78210			4
2026.05.04	00:20:00.183	0.77934				2
2026.05.04	00:20:18.855		0.78210			4
2026.05.04	00:21:00.088	0.77934				2
2026.05.04	00:21:19.045		0.78210			4
2026.05.04	00:22:00.286	0.77934				2
2026.05.04	00:22:19.265		0.78210			4
2026.05.04	00:23:00.196	0.77934				2
2026.05.04	00:23:19.470		0.78210			4
2026.05.04	00:24:00.083	0.77934				2
2026.05.04	00:24:19.633		0.78210			4
2026.05.04	00:25:00.292	0.77934				2
2026.05.04	00:25:19.870		0.78210			4
2026.05.04	00:26:00.210	0.77934				2
2026.05.04	00:26:20.078		0.78210			4
2026.05.04	00:26:31.800	0.77906	0.78182			6
2026.05.04	00:26:32.102	0.77891	0.78167			6
2026.05.04	00:26:32.405	0.77892	0.78168			6
2026.05.04	00:27:00.096	0.77892				2
2026.05.04	00:27:05.501	0.77896	0.78172			6
2026.05.04	00:28:00.009	0.77896				2
2026.05.04	00:28:05.742		0.78172			4
2026.05.04	00:29:00.200	0.77896				2
2026.05.04	00:29:05.911		0.78172			4
2026.05.04	00:29:50.771	0.77900	0.78176			6
2026.05.04	00:30:00.089	0.77900				2
2026.05.04	00:30:07.001	0.77898	0.78174			6
2026.05.04	00:30:13.015	0.77900	0.78176			6
2026.05.04	00:31:00.281	0.77900				2
2026.05.04	00:31:08.093	0.77899	0.78175			6
2026.05.04	00:31:30.379	0.77896	0.78172			6
2026.05.04	00:32:00.179	0.77896				2
2026.05.04	00:32:18.835	0.77860	0.78136			6
2026.05.04	00:32:19.136	0.77790	0.78066			6
2026.05.04	00:32:19.737	0.77794	0.78070			6
2026.05.04	00:32:21.850	0.77793	0.78069			6
2026.05.04	00:32:23.958	0.77792	0.78068			6
2026.05.04	00:32:26.369	0.77808	0.78084			6
2026.05.04	00:32:30.281	0.77807	0.78083			6
2026.05.04	00:32:33.586	0.77806	0.78082			6
2026.05.04	00:32:40.805	0.77805	0.78081			6
2026.05.04	00:32:45.028	0.77804	0.78080			6
2026.05.04	00:32:53.766	0.77803	0.78079			6
2026.05.04	00:32:57.076	0.77802	0.78078			6
2026.05.04	00:33:00.081	0.77802				2
2026.05.04	00:33:05.188	0.77801	0.78077			6
2026.05.04	00:33:05.791	0.77800	0.78076			6
2026.05.04	00:33:08.496	0.77799	0.78075			6
2026.05.04	00:33:12.108	0.77798	0.78074			6
2026.05.04	00:33:18.732	0.77794	0.78070			6
2026.05.04	00:33:29.576	0.77764	0.78040			6
2026.05.04	00:33:32.882	0.77768	0.78044			6
2026.05.04	00:33:36.193	0.77787	0.78063			6
2026.05.04	00:34:00.277	0.77787				2
2026.05.04	00:34:36.387		0.78063			4
2026.05.04	00:35:00.181	0.77787				2
2026.05.04	00:35:18.840	0.77745	0.78021			6
2026.05.04	00:35:25.163	0.77767	0.78043			6
2026.05.04	00:35:26.965	0.77752	0.78028			6
2026.05.04	00:35:28.170	0.77751	0.78027			6
2026.05.04	00:35:30.277	0.77722	0.77998			6
2026.05.04	00:35:30.878	0.77724	0.78000			6
2026.05.04	00:35:34.782	0.77758	0.78034			6
2026.05.04	00:35:36.286	0.77759	0.78035			6
2026.05.04	00:35:38.089	0.77758	0.78034			6
2026.05.04	00:35:39.892	0.77728	0.78004			6
2026.05.04	00:35:40.794	0.77732	0.78008			6
2026.05.04	00:35:42.298	0.77736	0.78012			6
2026.05.04	00:35:42.899	0.77738	0.78014			6
2026.05.04	00:35:49.523	0.77740	0.78016			6
2026.05.04	00:35:56.166	0.77717	0.77993			6
2026.05.04	00:35:57.669	0.77722	0.77998			6
2026.05.04	00:35:58.269	0.77724	0.78000			6
2026.05.04	00:36:00.069	0.77724				2
2026.05.04	00:36:00.970	0.77722	0.77998			6
2026.05.04	00:36:06.381	0.77752	0.78028			6
2026.05.04	00:36:11.493	0.77718	0.77994			6
2026.05.04	00:36:20.208	0.77757	0.78033			6
2026.05.04	00:36:22.030	0.77764	0.78040			6
2026.05.04	00:36:22.943	0.77750	0.78026			6
2026.05.04	00:36:26.570	0.77712	0.77988			6
2026.05.04	00:36:44.009	0.77740	0.78016			6
2026.05.04	00:37:00.279	0.77740				2
2026.05.04	00:37:02.682	0.77741	0.78017			6
2026.05.04	00:37:03.582	0.77718	0.77994			6
2026.05.04	00:37:05.687	0.77743	0.78019			6
2026.05.04	00:37:05.988	0.77716	0.77992			6
2026.05.04	00:37:06.292	0.77696	0.77972			6
2026.05.04	00:37:09.600	0.77705	0.77981			6
2026.05.04	00:37:15.327	0.77762	0.78038			6
2026.05.04	00:37:16.238	0.77760	0.78036			6
2026.05.04	00:37:26.176	0.77736	0.78012			6
2026.05.04	00:37:28.280	0.77750	0.78026			6
2026.05.04	00:37:36.394	0.77754	0.78030			6
2026.05.04	00:37:36.695	0.77732	0.78008			6
2026.05.04	00:37:40.302	0.77712	0.77988			6
2026.05.04	00:37:42.105	0.77722	0.77998			6
2026.05.04	00:37:45.708	0.77728	0.78004			6
2026.05.04	00:38:00.182	0.77728				2
2026.05.04	00:38:00.481	0.77922	0.78203			6
2026.05.04	00:39:00.231	0.77922				2
2026.05.04	00:39:01.427		0.78203			4
2026.05.04	00:40:00.827	0.77922				2
2026.05.04	00:40:01.673		0.78203			4
2026.05.04	00:41:00.528	0.77922				2
2026.05.04	00:41:02.027		0.78203			4
2026.05.04	00:41:40.427	0.77921				2
2026.05.04	00:42:00.227	0.77921				2
2026.05.04	00:42:02.030		0.78203			4
2026.05.04	00:43:00.826	0.77921				2
2026.05.04	00:43:02.626		0.78203			4
2026.05.04	00:43:30.533	0.77918	0.78198			6
2026.05.04	00:44:01.127	0.77918				2
2026.05.04	00:44:25.382		0.78203			4
2026.05.04	00:45:00.111	0.77918				2
2026.05.04	00:45:02.587	0.77806	0.78082			6
2026.05.04	00:45:05.593	0.77918	0.78203			6
2026.05.04	00:45:20.629		0.78206			4
2026.05.04	00:46:00.227	0.77918				2
2026.05.04	00:46:15.384	0.77924	0.78219			6
2026.05.04	00:46:30.227		0.78218			4
2026.05.04	00:46:34.729		0.78217			4
2026.05.04	00:46:38.627		0.78219			4
2026.05.04	00:46:57.164		0.78217			4
2026.05.04	00:47:00.230	0.77924	0.78219			6
2026.05.04	00:47:02.599	0.77804	0.78080			6
2026.05.04	00:47:03.499	0.77805	0.78081			6
2026.05.04	00:47:05.603	0.77924	0.78219			6
2026.05.04	00:47:10.385	0.77934				2
2026.05.04	00:47:14.336		0.78217			4
2026.05.04	00:47:22.128		0.78218			4
2026.05.04	00:47:24.716		0.78211			4
2026.05.04	00:47:25.019		0.78213			4
2026.05.04	00:47:25.320		0.78219			4
2026.05.04	00:47:25.622		0.78217			4
2026.05.04	00:47:26.927		0.78218			4
2026.05.04	00:47:28.442		0.78216			4
2026.05.04	00:47:28.742		0.78218			4
2026.05.04	00:47:29.429		0.78221			4
2026.05.04	00:47:31.128		0.78220			4
2026.05.04	00:47:36.534		0.78219			4
2026.05.04	00:47:37.426		0.78220			4
2026.05.04	00:47:37.730		0.78219			4
2026.05.04	00:47:39.527		0.78218			4
2026.05.04	00:47:40.909		0.78219			4
2026.05.04	00:47:45.827		0.78218			4
2026.05.04	00:47:48.694		0.78220			4
2026.05.04	00:47:53.629		0.78219			4
2026.05.04	00:47:59.354		0.78217			4
2026.05.04	00:48:00.527	0.77934				2
2026.05.04	00:48:02.929		0.78216			4
2026.05.04	00:48:03.228		0.78222			4
2026.05.04	00:48:05.387	0.77924	0.78216			6
2026.05.04	00:49:00.339	0.77924				2
2026.05.04	00:49:00.641	0.77922	0.78213			6
2026.05.04	00:49:55.454	0.77937	0.78225			6
2026.05.04	00:50:00.233	0.77937				2
2026.05.04	00:50:17.060		0.78224			4
2026.05.04	00:50:17.360		0.78225			4
2026.05.04	00:50:22.164		0.78224			4
2026.05.04	00:50:22.464		0.78225			4
2026.05.04	00:50:36.139		0.78222			4
2026.05.04	00:50:37.318		0.78225			4
2026.05.04	00:50:50.518	0.77933	0.78223			6
2026.05.04	00:51:00.407	0.77933				2
2026.05.04	00:51:45.392	0.77937	0.78233			6
2026.05.04	00:51:51.220		0.78231			4
2026.05.04	00:52:00.227	0.77937	0.78232			6
2026.05.04	00:52:06.618		0.78233			4
2026.05.04	00:52:31.777		0.78232			4
2026.05.04	00:52:32.208		0.78233			4
2026.05.04	00:52:40.392	0.77938				2
2026.05.04	00:53:00.528	0.77938				2
2026.05.04	00:53:12.807		0.78232			4
2026.05.04	00:53:13.107		0.78233			4
2026.05.04	00:53:28.726		0.78232			4
2026.05.04	00:53:35.393	0.77940	0.78227			6
2026.05.04	00:54:00.230	0.77940				2
2026.05.04	00:54:36.527		0.78227			4
2026.05.04	00:55:00.253	0.77940				2
2026.05.04	00:55:09.002	0.77790	0.78284			6
2026.05.04	00:55:09.302	0.77940	0.78227			6
2026.05.04	00:55:25.477	0.77936	0.78226			6
2026.05.04	00:56:00.076	0.77936				2
2026.05.04	00:56:20.528	0.77910	0.78229			6
2026.05.04	00:57:00.212	0.77910				2
2026.05.04	00:57:02.016		0.78223			4
2026.05.04	00:57:11.036		0.78224			4
2026.05.04	00:57:12.246		0.78223			4
2026.05.04	00:57:13.448		0.78224			4
2026.05.04	00:57:17.065		0.78221			4
2026.05.04	00:57:17.666		0.78222			4
2026.05.04	00:57:20.375		0.78223			4
2026.05.04	00:57:22.477		0.78224			4
2026.05.04	00:57:23.680		0.78225			4
2026.05.04	00:57:24.579		0.78223			4
2026.05.04	00:57:25.479		0.78224			4
2026.05.04	00:57:27.883		0.78225			4
2026.05.04	00:57:28.785		0.78224			4
2026.05.04	00:57:29.387		0.78225			4
2026.05.04	00:57:29.688		0.78224			4
2026.05.04	00:57:29.987		0.78228			4
2026.05.04	00:57:30.288		0.78225			4
2026.05.04	00:57:30.589		0.78224			4
2026.05.04	00:57:32.094		0.78222			4
2026.05.04	00:57:32.396		0.78223			4
2026.05.04	00:57:42.619		0.78222			4
2026.05.04	00:57:42.920		0.78223			4
2026.05.04	00:57:43.220		0.78222			4
2026.05.04	00:57:45.628		0.78223			4
2026.05.04	00:57:47.133		0.78221			4
2026.05.04	00:57:59.771	0.77881	0.78234			6
2026.05.04	00:58:00.074	0.77881	0.78236			6
2026.05.04	00:58:00.372		0.78234			4
2026.05.04	00:58:01.274		0.78235			4
2026.05.04	00:58:01.576		0.78236			4
2026.05.04	00:58:03.681		0.78239			4
2026.05.04	00:58:04.584		0.78237			4
2026.05.04	00:58:04.879		0.78239			4
2026.05.04	00:58:05.180		0.78240			4
2026.05.04	00:58:09.089		0.78234			4
2026.05.04	00:58:09.390		0.78235			4
2026.05.04	00:58:09.690		0.78236			4
2026.05.04	00:58:09.996		0.78239			4
2026.05.04	00:58:14.805		0.78240			4
2026.05.04	00:58:15.105		0.78238			4
2026.05.04	00:58:16.307	0.77912	0.78281			6
2026.05.04	00:58:16.610	0.77939				2
2026.05.04	00:58:47.282	0.77963	0.78260			6
2026.05.04	00:59:00.208	0.77963				2
2026.05.04	00:59:16.773	0.77984	0.78253			6
2026.05.04	00:59:20.381	0.77960	0.78242			6
2026.05.04	01:00:00.094	0.77960				2
2026.05.04	01:00:02.798	0.77976	0.78158			6
2026.05.04	01:00:03.096	0.77994	0.78176			6
2026.05.04	01:00:03.396	0.77982	0.78164			6
2026.05.04	01:00:03.698	0.77977	0.78158			6
2026.05.04	01:00:03.999	0.77976	0.78157			6
2026.05.04	01:00:04.297	0.78008	0.78190			6
2026.05.04	01:00:04.599	0.78012	0.78194			6
2026.05.04	01:00:04.902	0.78018	0.78200			6
2026.05.04	01:00:05.197	0.78016	0.78198			6
2026.05.04	01:00:05.496	0.78012	0.78194			6
2026.05.04	01:00:05.798	0.77932	0.78246			6
2026.05.04	01:00:06.696	0.77967	0.78215			6
2026.05.04	01:00:07.000	0.77970				2
2026.05.04	01:00:07.601	0.77972	0.78220			6
2026.05.04	01:00:07.899		0.78217			4
2026.05.04	01:00:08.198	0.77973	0.78221			6
2026.05.04	01:00:08.499		0.78213			4
2026.05.04	01:00:10.301		0.78212			4
2026.05.04	01:00:10.604	0.77987	0.78214			6
2026.05.04	01:00:10.903	0.77986	0.78212			6
2026.05.04	01:00:11.505		0.78211			4
2026.05.04	01:00:11.806	0.77989	0.78209			6
2026.05.04	01:00:13.304	0.77990	0.78214			6
2026.05.04	01:00:13.907	0.77996	0.78211			6
2026.05.04	01:00:15.704	0.77995	0.78200			6
2026.05.04	01:00:16.604	0.77996				2
2026.05.04	01:00:17.507	0.78000	0.78199			6
2026.05.04	01:00:18.413		0.78198			4
2026.05.04	01:00:18.709	0.78001	0.78195			6
2026.05.04	01:00:20.510	0.78003				2
2026.05.04	01:00:23.810	0.78004	0.78191			6
2026.05.04	01:00:28.315		0.78190			4
2026.05.04	01:00:28.919	0.78006	0.78188			6
2026.05.04	01:00:33.717		0.78186			4
2026.05.04	01:00:43.928	0.78008	0.78184			6
2026.05.04	01:00:48.730		0.78183			4
2026.05.04	01:00:49.938	0.78006	0.78184			6
2026.05.04	01:00:53.838	0.78007	0.78182			6
2026.05.04	01:00:59.846	0.78015	0.78184			6
2026.05.04	01:01:00.153	0.78020	0.78181			6
2026.05.04	01:01:03.755	0.78022	0.78178			6
2026.05.04	01:01:04.357	0.78029	0.78171			6
2026.05.04	01:01:06.153	0.78024	0.78176			6
2026.05.04	01:01:08.256	0.78026	0.78174			6
2026.05.04	01:01:08.857	0.78070	0.78131			6
2026.05.04	01:01:09.460	0.78079	0.78129			6
2026.05.04	01:01:11.559		0.78127			4
2026.05.04	01:01:12.463	0.78078	0.78128			6
2026.05.04	01:01:13.668	0.78081	0.78126			6
2026.05.04	01:01:15.770	0.78084	0.78125			6
2026.05.04	01:01:16.673	0.78082	0.78143			6
2026.05.04	01:01:16.971	0.78084				2
2026.05.04	01:01:17.873	0.78085	0.78142			6
2026.05.04	01:01:19.370	0.78092	0.78140			6
2026.05.04	01:01:19.671	0.78091	0.78139			6
2026.05.04	01:01:20.570	0.78092				2
2026.05.04	01:01:21.174	0.78095				2
2026.05.04	01:01:23.275	0.78099	0.78137			6
2026.05.04	01:01:30.180	0.78100	0.78136			6
2026.05.04	01:01:31.381		0.78135			4
2026.05.04	01:01:33.485	0.78101				2
2026.05.04	01:01:34.686		0.78134			4
2026.05.04	01:01:41.894	0.78098	0.78135			6
2026.05.04	01:01:44.297	0.78096				2
2026.05.04	01:01:50.308		0.78134			4
2026.05.04	01:01:54.515	0.78087	0.78133			6
2026.05.04	01:01:55.425	0.78085				2
2026.05.04	01:01:57.520	0.78080	0.78125			6
2026.05.04	01:01:57.822	0.78079	0.78126			6
2026.05.04	01:02:00.222	0.78080	0.78125			6
2026.05.04	01:02:03.830	0.78055	0.78089			6
2026.05.04	01:02:04.132	0.78053	0.78088			6
2026.05.04	01:02:06.234	0.78056	0.78091			6
2026.05.04	01:02:06.540	0.78048	0.78090			6
2026.05.04	01:02:10.440		0.78089			4
2026.05.04	01:02:12.245	0.78044	0.78088			6
2026.05.04	01:02:12.542	0.78042	0.78087			6
2026.05.04	01:02:13.748	0.78038	0.78082			6
2026.05.04	01:02:14.046	0.78036	0.78081			6
2026.05.04	01:02:15.850		0.78083			4
2026.05.04	01:02:18.852	0.78037	0.78082			6
2026.05.04	01:02:20.954	0.78043				2
2026.05.04	01:02:22.154	0.78044				2
2026.05.04	01:02:23.055		0.78080			4
2026.05.04	01:02:23.660	0.78042				2
2026.05.04	01:02:26.066		0.78082			4
2026.05.04	01:02:26.664	0.78044	0.78080			6
2026.05.04	01:02:29.366	0.78046	0.78084			6
2026.05.04	01:02:29.670	0.78049	0.78085			6
2026.05.04	01:02:29.972	0.78050				2
2026.05.04	01:02:30.868	0.78048	0.78092			6
2026.05.04	01:02:32.672	0.78047	0.78094			6
2026.05.04	01:02:38.374	0.78050	0.78092			6
2026.05.04	01:02:40.176	0.78051	0.78091			6
2026.05.04	01:02:43.787	0.78055	0.78090			6
2026.05.04	01:02:44.087	0.78054	0.78091			6
2026.05.04	01:02:46.780	0.78055	0.78090			6
2026.05.04	01:02:47.082	0.78056				2
2026.05.04	01:02:54.883		0.78091			4
2026.05.04	01:03:00.290	0.78056				2
2026.05.04	01:03:02.092	0.78055	0.78090			6
2026.05.04	01:03:04.498	0.78056	0.78089			6
2026.05.04	01:03:06.895	0.78060				2
2026.05.04	01:03:12.903	0.78059				2
2026.05.04	01:03:14.104	0.78057	0.78088			6
2026.05.04	01:03:15.301	0.78059				2
2026.05.04	01:03:17.107	0.78057				2
2026.05.04	01:03:31.518	0.78059				2
2026.05.04	01:03:37.838		0.78090			4
2026.05.04	01:03:41.743	0.78057	0.78088			6
2026.05.04	01:03:53.756	0.78055	0.78087			6
2026.05.04	01:04:00.067	0.78055				2
2026.05.04	01:04:12.079		0.78088			4
2026.05.04	01:04:14.788	0.78056	0.78083			6
2026.05.04	01:04:42.409	0.78055	0.78080			6
2026.05.04	01:04:48.419	0.78053	0.78077			6
2026.05.04	01:04:49.326	0.78055	0.78080			6
2026.05.04	01:04:54.427	0.78054	0.78077			6
2026.05.04	01:04:56.533	0.78055	0.78080			6
2026.05.04	01:04:57.433	0.78048	0.78076			6
2026.05.04	01:04:58.333	0.78045	0.78073			6
2026.05.04	01:05:00.141	0.78045				2
2026.05.04	01:05:01.341	0.78044				2
2026.05.04	01:05:01.641		0.78071			4
2026.05.04	01:05:04.345	0.78045	0.78070			6
2026.05.04	01:05:04.649	0.78046	0.78071			6
2026.05.04	01:05:06.155	0.78044	0.78067			6
2026.05.04	01:05:06.454		0.78065			4
2026.05.04	01:05:11.856		0.78066			4
2026.05.04	01:05:19.367	0.78046				2
2026.05.04	01:05:32.882	0.78044	0.78065			6
2026.05.04	01:05:40.685	0.78047	0.78068			6
2026.05.04	01:05:54.513	0.78045				2
2026.05.04	01:06:00.216	0.78045				2
2026.05.04	01:06:01.417		0.78067			4
2026.05.04	01:06:08.618	0.78034	0.78062			6
2026.05.04	01:06:13.125	0.78036	0.78060			6
2026.05.04	01:06:20.339		0.78059			4
2026.05.04	01:06:36.873	0.78035	0.78058			6
2026.05.04	01:06:38.977	0.78036				2
2026.05.04	01:06:49.487	0.78035				2
2026.05.04	01:06:49.790	0.78036				2
2026.05.04	01:06:51.595	0.78035	0.78059			6
2026.05.04	01:06:58.805	0.78036	0.78058			6
2026.05.04	01:07:00.006	0.78036				2
2026.05.04	01:07:01.211	0.78033	0.78059			6
2026.05.04	01:07:03.009		0.78060			4
2026.05.04	01:07:03.609	0.78038				2
2026.05.04	01:07:05.414	0.78037				2
2026.05.04	01:07:06.614		0.78059			4
2026.05.04	01:07:27.063	0.78036	0.78060			6
2026.05.04	01:07:27.367		0.78061			4
2026.05.04	01:07:30.670		0.78060			4
2026.05.04	01:07:31.270		0.78061			4
2026.05.04	01:07:34.871	0.78040	0.78060			6
2026.05.04	01:07:37.881	0.78043	0.78064			6
2026.05.04	01:07:39.081	0.78044	0.78065			6
2026.05.04	01:07:39.984	0.78042	0.78066			6
2026.05.04	01:07:40.879	0.78045	0.78067			6
2026.05.04	01:07:48.986		0.78072			4
2026.05.04	01:07:53.793	0.78044	0.78071			6
2026.05.04	01:07:55.900	0.78049	0.78074			6
2026.05.04	01:08:00.101	0.78049				2
2026.05.04	01:08:06.407		0.78072			4
2026.05.04	01:08:12.716	0.78045	0.78062			6
2026.05.04	01:08:13.316		0.78061			4
2026.05.04	01:08:14.520		0.78060			4
2026.05.04	01:08:16.025	0.78048	0.78072			6
2026.05.04	01:08:19.338		0.78073			4
2026.05.04	01:08:19.639	0.78049				2
2026.05.04	01:08:21.747		0.78076			4
2026.05.04	01:08:22.048	0.78050	0.78075			6
2026.05.04	01:08:24.157	0.78051				2
2026.05.04	01:08:39.487	0.78059	0.78081			6
2026.05.04	01:08:48.806	0.78060	0.78079			6
2026.05.04	01:08:59.628	0.78061	0.78084			6
2026.05.04	01:09:00.228	0.78062				2
2026.05.04	01:09:06.237	0.78071	0.78092			6
2026.05.04	01:09:06.538	0.78068	0.78088			6
2026.05.04	01:09:07.434	0.78067				2
2026.05.04	01:09:17.369	0.78068				2
2026.05.04	01:09:18.268	0.78067				2
2026.05.04	01:09:18.573	0.78066				2
2026.05.04	01:09:19.467	0.78068				2
2026.05.04	01:09:19.773		0.78086			4
2026.05.04	01:09:20.668	0.78069	0.78088			6
2026.05.04	01:09:23.069		0.78086			4
2026.05.04	01:09:26.081	0.78070	0.78087			6
2026.05.04	01:09:26.678	0.78069	0.78086			6
2026.05.04	01:09:27.279		0.78085			4
2026.05.04	01:09:29.085	0.78071	0.78087			6
2026.05.04	01:09:32.683	0.78069	0.78085			6
2026.05.04	01:09:32.986		0.78087			4
2026.05.04	01:09:40.196	0.78070				2
2026.05.04	01:09:41.397	0.78069	0.78086			6
2026.05.04	01:09:42.298	0.78068	0.78089			6
2026.05.04	01:09:43.203		0.78085			4
2026.05.04	01:09:46.208	0.78066	0.78084			6
2026.05.04	01:09:50.109	0.78067	0.78086			6
2026.05.04	01:10:00.043	0.78067				2
2026.05.04	01:10:00.344		0.78085			4
2026.05.04	01:10:01.849	0.78070	0.78088			6
2026.05.04	01:10:03.649	0.78067	0.78084			6
2026.05.04	01:10:08.752	0.78070	0.78089			6
2026.05.04	01:10:09.054	0.78071	0.78092			6
2026.05.04	01:10:09.958	0.78073				2
2026.05.04	01:10:10.260	0.78075	0.78093			6
2026.05.04	01:10:10.560	0.78081	0.78101			6
2026.05.04	01:10:11.156	0.78082	0.78102			6
2026.05.04	01:10:11.761		0.78101			4
2026.05.04	01:10:12.671	0.78081	0.78102			6
2026.05.04	01:10:13.865	0.78082	0.78104			6
2026.05.04	01:10:20.176	0.78088	0.78109			6
2026.05.04	01:10:22.276		0.78108			4
2026.05.04	01:10:22.578	0.78086				2
2026.05.04	01:10:24.378	0.78085	0.78109			6
2026.05.04	01:10:24.681		0.78108			4
2026.05.04	01:10:26.178		0.78109			4
2026.05.04	01:10:26.482		0.78108			4
2026.05.04	01:10:26.781		0.78109			4
2026.05.04	01:10:27.083	0.78086	0.78108			6
2026.05.04	01:10:27.682		0.78107			4
2026.05.04	01:10:28.582	0.78084	0.78103			6
2026.05.04	01:10:32.188	0.78083				2
2026.05.04	01:10:36.396	0.78082	0.78102			6
2026.05.04	01:10:37.897	0.78083	0.78103			6
2026.05.04	01:10:39.094		0.78104			4
2026.05.04	01:10:39.695		0.78103			4
2026.05.04	01:10:39.995		0.78104			4
2026.05.04	01:10:40.894		0.78103			4
2026.05.04	01:10:41.197	0.78084	0.78105			6
2026.05.04	01:10:41.501		0.78104			4
2026.05.04	01:10:42.096		0.78105			4
2026.05.04	01:10:42.997		0.78104			4
2026.05.04	01:10:44.801		0.78105			4
2026.05.04	01:10:45.103		0.78104			4
2026.05.04	01:10:47.207	0.78085				2
2026.05.04	01:10:47.815	0.78080				2
2026.05.04	01:10:48.412	0.78079	0.78103			6
2026.05.04	01:10:48.711	0.78080				2
2026.05.04	01:10:51.110		0.78102			4
2026.05.04	01:10:51.409		0.78103			4
2026.05.04	01:10:52.316	0.78087	0.78107			6
2026.05.04	01:10:52.910		0.78106			4
2026.05.04	01:10:53.822	0.78088	0.78108			6
2026.05.04	01:10:54.120		0.78109			4
2026.05.04	01:10:55.935		0.78108			4
2026.05.04	01:11:00.144	0.78088				2
2026.05.04	01:11:00.445	0.78086	0.78106			6
2026.05.04	01:11:00.747	0.78085				2
2026.05.04	01:11:01.044		0.78105			4
2026.05.04	01:11:01.348	0.78083	0.78104			6
2026.05.04	01:11:01.649	0.78084				2
2026.05.04	01:11:06.164		0.78102			4
2026.05.04	01:11:11.578	0.78085	0.78103			6
2026.05.04	01:11:15.786	0.78084	0.78101			6
2026.05.04	01:11:18.791	0.78081	0.78098			6
2026.05.04	01:11:19.987	0.78080				2
2026.05.04	01:11:20.290	0.78079				2
2026.05.04	01:11:24.495	0.78080	0.78100			6
2026.05.04	01:11:25.402		0.78099			4
2026.05.04	01:11:25.699		0.78098			4
2026.05.04	01:11:26.305	0.78079	0.78097			6
2026.05.04	01:11:28.099	0.78080	0.78098			6
2026.05.04	01:11:31.705	0.78079	0.78097			6
2026.05.04	01:11:33.809	0.78080	0.78099			6
2026.05.04	01:11:34.410		0.78098			4
2026.05.04	01:11:38.918	0.78076	0.78096			6
2026.05.04	01:11:39.219	0.78074	0.78093			6
2026.05.04	01:11:40.716	0.78073	0.78094			6
2026.05.04	01:11:43.722	0.78074	0.78093			6
2026.05.04	01:11:50.031	0.78070				2
2026.05.04	01:11:50.629		0.78092			4
2026.05.04	01:11:54.538		0.78090			4
2026.05.04	01:12:00.250	0.78070				2
2026.05.04	01:12:00.550	0.78069	0.78091			6
2026.05.04	01:12:14.681	0.78067	0.78088			6
2026.05.04	01:12:17.678	0.78066				2
2026.05.04	01:12:17.979	0.78064	0.78085			6
2026.05.04	01:12:19.180	0.78065	0.78087			6
2026.05.04	01:12:19.780		0.78085			4
2026.05.04	01:12:20.382		0.78087			4
2026.05.04	01:12:22.485	0.78066	0.78086			6
2026.05.04	01:12:23.085	0.78068	0.78087			6
2026.05.04	01:12:27.290	0.78070	0.78092			6
2026.05.04	01:12:32.089	0.78071	0.78091			6
2026.05.04	01:12:37.799	0.78073				2
2026.05.04	01:12:38.101	0.78074	0.78094			6
2026.05.04	01:12:38.407	0.78078	0.78097			6
2026.05.04	01:12:38.697		0.78101			4
2026.05.04	01:12:48.309	0.78079	0.78102			6
2026.05.04	01:12:48.610		0.78101			4
2026.05.04	01:12:48.912	0.78080	0.78100			6
2026.05.04	01:12:53.123	0.78078	0.78101			6
2026.05.04	01:12:58.544		0.78099			4
2026.05.04	01:12:59.138		0.78101			4
2026.05.04	01:13:00.039	0.78078				2
2026.05.04	01:13:00.638	0.78079	0.78099			6
2026.05.04	01:13:03.046	0.78081				2
2026.05.04	01:13:09.353	0.78079	0.78098			6
2026.05.04	01:13:09.950	0.78077				2
2026.05.04	01:13:17.471	0.78078	0.78099			6
2026.05.04	01:13:19.271	0.78080	0.78100			6
2026.05.04	01:13:21.072	0.78079	0.78101			6
2026.05.04	01:13:29.788	0.78083	0.78107			6
2026.05.04	01:13:30.989	0.78085	0.78105			6
2026.05.04	01:13:33.988	0.78083	0.78106			6
2026.05.04	01:13:40.303	0.78085	0.78105			6
2026.05.04	01:13:48.723	0.78083	0.78106			6
2026.05.04	01:13:53.221	0.78078	0.78101			6
2026.05.04	01:14:00.142	0.78078				2
2026.05.04	01:14:29.283		0.78100			4
2026.05.04	01:14:29.584	0.78076				2
2026.05.04	01:14:31.987	0.78077	0.78099			6
2026.05.04	01:14:39.807	0.78078	0.78101			6
2026.05.04	01:14:41.298	0.78079				2
2026.05.04	01:14:42.802	0.78080				2
2026.05.04	01:14:47.011	0.78078				2
2026.05.04	01:15:00.246	0.78078				2
2026.05.04	01:15:00.546	0.78080				2
2026.05.04	01:15:04.148	0.78079	0.78102			6
2026.05.04	01:15:10.170	0.78081				2
2026.05.04	01:15:19.185	0.78080				2
2026.05.04	01:15:42.912		0.78101			4
2026.05.04	01:15:47.423	0.78092	0.78110			6
2026.05.04	01:15:47.721	0.78091				2
2026.05.04	01:15:50.121	0.78090	0.78108			6
2026.05.04	01:15:53.125	0.78089	0.78106			6
2026.05.04	01:15:58.533	0.78090	0.78107			6
2026.05.04	01:15:58.834	0.78092	0.78109			6
2026.05.04	01:15:59.736	0.78094	0.78115			6
2026.05.04	01:16:00.037	0.78094				2
2026.05.04	01:16:00.338	0.78095	0.78113			6
2026.05.04	01:16:02.448	0.78092	0.78112			6
2026.05.04	01:16:09.649		0.78113			4
2026.05.04	01:16:14.761		0.78112			4
2026.05.04	01:16:19.874	0.78094	0.78114			6
2026.05.04	01:16:21.071	0.78091	0.78113			6
2026.05.04	01:16:21.671	0.78092	0.78111			6
2026.05.04	01:16:23.484	0.78094	0.78113			6
2026.05.04	01:16:28.287	0.78092	0.78111			6
2026.05.04	01:16:29.789	0.78091	0.78112			6
2026.05.04	01:16:30.086	0.78090	0.78110			6
2026.05.04	01:16:30.685	0.78091	0.78109			6
2026.05.04	01:16:33.688	0.78088	0.78107			6
2026.05.04	01:16:35.494	0.78087	0.78105			6
2026.05.04	01:16:42.700	0.78089	0.78109			6
2026.05.04	01:17:00.133	0.78089				2
2026.05.04	01:17:01.026		0.78110			4
2026.05.04	01:17:07.949	0.78088	0.78107			6
2026.05.04	01:17:17.261		0.78108			4
2026.05.04	01:17:20.571		0.78109			4
2026.05.04	01:17:21.169	0.78089				2
2026.05.04	01:17:22.672		0.78110			4
2026.05.04	01:17:26.876		0.78113			4
2026.05.04	01:17:28.978		0.78114			4
2026.05.04	01:17:30.179	0.78090	0.78115			6
2026.05.04	01:17:34.384		0.78114			4
2026.05.04	01:17:45.799	0.78087	0.78112			6
2026.05.04	01:17:55.707	0.78088	0.78110			6
2026.05.04	01:18:00.223	0.78088				2
2026.05.04	01:18:29.382	0.78089				2
2026.05.04	01:18:32.988	0.78088				2
2026.05.04	01:18:40.197	0.78089				2
2026.05.04	01:18:50.409	0.78088				2
2026.05.04	01:18:55.818		0.78110			4
2026.05.04	01:19:00.026	0.78088				2
2026.05.04	01:19:00.624	0.78090	0.78111			6
2026.05.04	01:19:05.735	0.78091	0.78116			6
2026.05.04	01:19:11.460	0.78090	0.78115			6
2026.05.04	01:19:18.375	0.78093				2
2026.05.04	01:19:19.579		0.78118			4
2026.05.04	01:19:22.878		0.78116			4
2026.05.04	01:19:24.980		0.78118			4
2026.05.04	01:19:25.581	0.78091	0.78115			6
2026.05.04	01:19:33.400	0.78093	0.78117			6
2026.05.04	01:19:43.008		0.78119			4
2026.05.04	01:19:51.719	0.78091	0.78114			6
2026.05.04	01:19:54.121	0.78090				2
2026.05.04	01:20:00.137	0.78090				2
2026.05.04	01:20:00.742	0.78091				2
2026.05.04	01:20:10.371	0.78093	0.78118			6
2026.05.04	01:20:29.295		0.78119			4
2026.05.04	01:20:33.802	0.78094	0.78118			6
2026.05.04	01:20:42.524	0.78096	0.78117			6
2026.05.04	01:20:43.428	0.78097	0.78119			6
2026.05.04	01:20:44.631	0.78098	0.78118			6
2026.05.04	01:21:00.263	0.78098				2
2026.05.04	01:21:01.768		0.78119			4
2026.05.04	01:21:06.871	0.78100	0.78121			6
2026.05.04	01:21:13.183	0.78096	0.78117			6
2026.05.04	01:21:13.781	0.78093	0.78113			6
2026.05.04	01:21:18.589	0.78092	0.78114			6
2026.05.04	01:21:18.895	0.78109	0.78128			6
2026.05.04	01:21:19.194	0.78108	0.78126			6
2026.05.04	01:21:20.397		0.78125			4
2026.05.04	01:21:20.693	0.78103	0.78120			6
2026.05.04	01:21:21.593	0.78107	0.78122			6
2026.05.04	01:21:22.197	0.78108	0.78120			6
2026.05.04	01:21:23.695	0.78109	0.78121			6
2026.05.04	01:21:25.206		0.78127			4
2026.05.04	01:21:47.764	0.78110				2
2026.05.04	01:21:54.069	0.78111	0.78128			6
2026.05.04	01:21:56.474		0.78130			4
2026.05.04	01:21:56.775	0.78114	0.78132			6
2026.05.04	01:21:59.187	0.78118	0.78136			6
2026.05.04	01:22:00.085	0.78118				2
2026.05.04	01:22:01.285	0.78119				2
2026.05.04	01:22:02.180	0.78120	0.78137			6
2026.05.04	01:22:05.185	0.78125	0.78140			6
2026.05.04	01:22:05.484		0.78142			4
2026.05.04	01:22:06.088	0.78129	0.78146			6
2026.05.04	01:22:07.891	0.78128	0.78143			6
2026.05.04	01:22:08.493	0.78130	0.78145			6
2026.05.04	01:22:09.394	0.78125	0.78137			6
2026.05.04	01:22:11.486	0.78122	0.78138			6
2026.05.04	01:22:20.200	0.78126	0.78136			6
2026.05.04	01:22:20.800		0.78137			4
2026.05.04	01:22:21.102	0.78128	0.78140			6
2026.05.04	01:22:21.401		0.78139			4
2026.05.04	01:22:23.809	0.78127	0.78138			6
2026.05.04	01:22:40.041	0.78125	0.78139			6
2026.05.04	01:22:43.349	0.78121	0.78136			6
2026.05.04	01:22:45.450	0.78123	0.78134			6
2026.05.04	01:22:47.556	0.78122	0.78136			6
2026.05.04	01:22:50.865	0.78123	0.78137			6
2026.05.04	01:23:00.177	0.78123				2
2026.05.04	01:23:01.680		0.78136			4
2026.05.04	01:23:03.782	0.78122	0.78135			6
2026.05.04	01:23:08.585	0.78119	0.78134			6
2026.05.04	01:23:08.884	0.78120				2
2026.05.04	01:23:15.489	0.78119				2
2026.05.04	01:23:16.992	0.78116	0.78129			6
2026.05.04	01:23:20.300	0.78117	0.78130			6
2026.05.04	01:23:25.707	0.78121	0.78135			6
2026.05.04	01:23:26.913	0.78120	0.78130			6
2026.05.04	01:23:34.428	0.78118				2
2026.05.04	01:23:46.453		0.78131			4
2026.05.04	01:23:48.859	0.78119	0.78132			6
2026.05.04	01:23:50.659		0.78134			4
2026.05.04	01:23:51.858	0.78120				2
2026.05.04	01:23:53.965		0.78135			4
2026.05.04	01:23:56.662	0.78121				2
2026.05.04	01:24:00.272	0.78121				2
2026.05.04	01:24:00.572	0.78123	0.78134			6
2026.05.04	01:24:01.169	0.78122	0.78136			6
2026.05.04	01:24:02.373		0.78137			4
2026.05.04	01:24:05.074	0.78120	0.78133			6
2026.05.04	01:24:16.785	0.78121	0.78135			6
2026.05.04	01:24:18.285	0.78120	0.78134			6
2026.05.04	01:24:18.885		0.78133			4
2026.05.04	01:24:19.789	0.78119	0.78132			6
2026.05.04	01:24:21.886		0.78131			4
2026.05.04	01:24:23.094	0.78118	0.78130			6
2026.05.04	01:24:24.592	0.78117				2
2026.05.04	01:24:28.794	0.78115	0.78125			6
2026.05.04	01:24:30.299	0.78116	0.78126			6
2026.05.04	01:25:00.081	0.78116				2
2026.05.04	01:25:16.909	0.78119	0.78130			6
2026.05.04	01:25:17.209	0.78121	0.78132			6
2026.05.04	01:25:50.586	0.78119				2
2026.05.04	01:25:54.490		0.78131			4
2026.05.04	01:25:58.396	0.78118				2
2026.05.04	01:26:00.202	0.78118				2
2026.05.04	01:26:00.499		0.78132			4
2026.05.04	01:26:01.699	0.78119				2
2026.05.04	01:26:11.016	0.78118	0.78130			6
2026.05.04	01:26:11.320		0.78128			4
2026.05.04	01:26:28.449	0.78119	0.78129			6
2026.05.04	01:26:32.658	0.78116	0.78126			6
2026.05.04	01:26:42.874	0.78114	0.78124			6
2026.05.04	01:26:45.279		0.78125			4
2026.05.04	01:26:57.291		0.78124			4
2026.05.04	01:27:00.297	0.78114				2
2026.05.04	01:27:00.602		0.78123			4
2026.05.04	01:27:00.899	0.78111	0.78120			6
2026.05.04	01:27:03.304		0.78119			4
2026.05.04	01:27:03.603		0.78120			4
2026.05.04	01:27:04.804		0.78119			4
2026.05.04	01:27:39.371	0.78108	0.78118			6
2026.05.04	01:27:54.702		0.78117			4
2026.05.04	01:27:55.005	0.78106	0.78116			6
2026.05.04	01:27:57.104		0.78115			4
2026.05.04	01:27:57.707		0.78116			4
2026.05.04	01:28:00.111	0.78106				2
2026.05.04	01:28:04.909	0.78105				2
2026.05.04	01:28:08.823	0.78103	0.78111			6
2026.05.04	01:28:09.724		0.78110			4
2026.05.04	01:28:17.255	0.78102				2
2026.05.04	01:28:31.979		0.78109			4
2026.05.04	01:28:33.482		0.78110			4
2026.05.04	01:28:34.686	0.78101				2
2026.05.04	01:28:34.985	0.78100				2
2026.05.04	01:28:43.095	0.78099	0.78109			6
2026.05.04	01:28:44.896	0.78097	0.78107			6
2026.05.04	01:28:45.799	0.78096				2
2026.05.04	01:28:57.208		0.78106			4
2026.05.04	01:28:58.118	0.78097	0.78108			6
2026.05.04	01:29:00.217	0.78097				2
2026.05.04	01:29:14.048		0.78105			4
2026.05.04	01:29:14.647		0.78106			4
2026.05.04	01:29:18.861	0.78092	0.78100			6
2026.05.04	01:29:19.165		0.78101			4
2026.05.04	01:29:19.465	0.78095	0.78103			6
2026.05.04	01:29:20.661		0.78102			4
2026.05.04	01:29:21.864	0.78094				2
2026.05.04	01:29:23.667		0.78101			4
2026.05.04	01:29:26.375		0.78102			4
2026.05.04	01:29:28.488	0.78100	0.78109			6
2026.05.04	01:29:29.085		0.78110			4
2026.05.04	01:29:29.381	0.78103	0.78111			6
2026.05.04	01:29:29.682		0.78112			4
2026.05.04	01:29:32.083		0.78111			4
2026.05.04	01:29:32.390		0.78112			4
2026.05.04	01:29:32.687	0.78101	0.78110			6
2026.05.04	01:29:33.286	0.78100	0.78108			6
2026.05.04	01:29:33.886	0.78099	0.78107			6
2026.05.04	01:29:35.087		0.78106			4
2026.05.04	01:29:35.388		0.78107			4
2026.05.04	01:29:36.295		0.78106			4
2026.05.04	01:29:36.895		0.78107			4
2026.05.04	01:29:38.699		0.78106			4
2026.05.04	01:29:50.118	0.78097				2
2026.05.04	01:29:56.141		0.78105			4
2026.05.04	01:30:00.059	0.78097				2
2026.05.04	01:30:02.762	0.78099	0.78100			6
2026.05.04	01:30:05.775	0.78097	0.78105			6
2026.05.04	01:30:06.070		0.78106			4
2026.05.04	01:30:06.371		0.78107			4
2026.05.04	01:30:09.683	0.78099	0.78108			6
2026.05.04	01:30:09.976	0.78100				2
2026.05.04	01:30:11.175		0.78109			4
2026.05.04	01:30:14.480	0.78097	0.78107			6
2026.05.04	01:30:15.380		0.78106			4
2026.05.04	01:30:28.600		0.78105			4
2026.05.04	01:30:30.403	0.78090	0.78098			6
2026.05.04	01:30:31.010	0.78087	0.78097			6
2026.05.04	01:30:31.309		0.78096			4
2026.05.04	01:30:37.310	0.78089	0.78097			6
2026.05.04	01:30:38.815		0.78098			4
2026.05.04	01:30:39.416	0.78087	0.78097			6
2026.05.04	01:30:40.321		0.78096			4
2026.05.04	01:30:41.230	0.78088	0.78097			6
2026.05.04	01:30:42.431		0.78096			4
2026.05.04	01:31:00.171	0.78088				2
2026.05.04	01:31:00.470	0.78090	0.78099			6
2026.05.04	01:31:01.379	0.78097	0.78104			6
2026.05.04	01:31:01.677		0.78106			4
2026.05.04	01:31:02.873		0.78105			4
2026.05.04	01:31:03.774		0.78106			4
2026.05.04	01:31:04.381	0.78095				2
2026.05.04	01:31:13.085	0.78094	0.78103			6
2026.05.04	01:31:13.382	0.78096	0.78106			6
2026.05.04	01:31:15.183		0.78107			4
2026.05.04	01:31:16.687	0.78099	0.78110			6
2026.05.04	01:31:16.987		0.78109			4
2026.05.04	01:31:17.587		0.78108			4
2026.05.04	01:31:17.888	0.78096	0.78106			6
2026.05.04	01:31:21.195	0.78095	0.78104			6
2026.05.04	01:31:22.397		0.78105			4
2026.05.04	01:31:23.001		0.78104			4
2026.05.04	01:31:23.300		0.78105			4
2026.05.04	01:31:24.502		0.78104			4
2026.05.04	01:31:25.705	0.78094	0.78103			6
2026.05.04	01:31:26.002	0.78096	0.78106			6
2026.05.04	01:31:28.107		0.78105			4
2026.05.04	01:31:33.826		0.78106			4
2026.05.04	01:31:34.127	0.78094	0.78104			6
2026.05.04	01:31:35.030		0.78105			4
2026.05.04	01:31:36.533	0.78096				2
2026.05.04	01:31:37.133		0.78106			4
2026.05.04	01:31:38.038		0.78104			4
2026.05.04	01:31:39.536		0.78105			4
2026.05.04	01:31:42.844	0.78095	0.78103			6
2026.05.04	01:31:53.068	0.78094	0.78102			6
2026.05.04	01:32:00.285	0.78094				2
2026.05.04	01:32:00.583	0.78093				2
2026.05.04	01:32:03.284	0.78094	0.78103			6
2026.05.04	01:32:07.195		0.78104			4
2026.05.04	01:32:07.494	0.78092	0.78102			6
2026.05.04	01:32:07.793		0.78101			4
2026.05.04	01:32:09.596		0.78100			4
2026.05.04	01:32:12.901	0.78091	0.78099			6
2026.05.04	01:32:30.958	0.78089	0.78097			6
2026.05.04	01:32:34.272		0.78098			4
2026.05.04	01:32:38.178		0.78099			4
2026.05.04	01:32:39.381		0.78097			4
2026.05.04	01:32:44.484		0.78096			4
2026.05.04	01:33:00.112	0.78089				2
2026.05.04	01:33:12.140		0.78097			4
2026.05.04	01:33:19.070	0.78087				2
2026.05.04	01:33:20.568	0.78084	0.78093			6
2026.05.04	01:33:40.093	0.78082	0.78094			6
2026.05.04	01:33:40.395		0.78093			4
2026.05.04	01:33:41.900		0.78092			4
2026.05.04	01:33:44.308		0.78091			4
2026.05.04	01:34:00.248	0.78082				2
2026.05.04	01:34:02.350	0.78084				2
2026.05.04	01:34:02.950		0.78092			4
2026.05.04	01:34:07.160	0.78079	0.78089			6
2026.05.04	01:34:20.982	0.78076	0.78087			6
2026.05.04	01:34:26.087		0.78084			4
2026.05.04	01:34:27.890	0.78075				2
2026.05.04	01:34:29.993	0.78076				2
2026.05.04	01:34:43.228		0.78086			4
2026.05.04	01:34:43.519	0.78079	0.78087			6
2026.05.04	01:34:45.022		0.78088			4
2026.05.04	01:35:00.083	0.78080				2
2026.05.04	01:35:02.476	0.78083	0.78091			6
2026.05.04	01:35:20.493	0.78087	0.78096			6
2026.05.04	01:35:31.011	0.78086	0.78092			6
2026.05.04	01:35:32.209		0.78093			4
2026.05.04	01:35:33.414	0.78084	0.78091			6
2026.05.04	01:35:53.874		0.78092			4
2026.05.04	01:35:57.180		0.78091			4
2026.05.04	01:35:57.782		0.78092			4
2026.05.04	01:36:00.184	0.78084				2
2026.05.04	01:36:01.081		0.78093			4
2026.05.04	01:36:01.683	0.78091	0.78099			6
2026.05.04	01:36:13.419	0.78087	0.78094			6
2026.05.04	01:36:13.717	0.78086	0.78093			6
2026.05.04	01:36:14.014		0.78092			4
2026.05.04	01:36:14.616	0.78085				2
2026.05.04	01:36:16.717		0.78093			4
2026.05.04	01:36:22.127	0.78087	0.78095			6
2026.05.04	01:36:23.035	0.78088	0.78096			6
2026.05.04	01:36:31.756	0.78091	0.78098			6
2026.05.04	01:36:37.766		0.78097			4
2026.05.04	01:36:40.470		0.78099			4
2026.05.04	01:36:42.874		0.78098			4
2026.05.04	01:36:55.796	0.78088	0.78096			6
2026.05.04	01:36:57.598		0.78095			4
2026.05.04	01:37:00.001	0.78088				2
2026.05.04	01:37:01.799	0.78091	0.78098			6
2026.05.04	01:37:02.702		0.78099			4
2026.05.04	01:37:07.208	0.78092				2
2026.05.04	01:37:14.112	0.78085	0.78093			6
2026.05.04	01:37:23.433	0.78086	0.78094			6
2026.05.04	01:37:24.939		0.78093			4
2026.05.04	01:37:25.241	0.78083	0.78090			6
2026.05.04	01:37:26.439	0.78082				2
2026.05.04	01:37:30.353		0.78089			4
2026.05.04	01:37:30.657	0.78079	0.78087			6
2026.05.04	01:37:35.161		0.78088			4
2026.05.04	01:37:36.663	0.78080				2
2026.05.04	01:37:37.867		0.78087			4
2026.05.04	01:37:43.277	0.78077	0.78085			6
2026.05.04	01:37:51.989	0.78076				2
2026.05.04	01:37:54.989	0.78075	0.78082			6
2026.05.04	01:37:55.290		0.78083			4
2026.05.04	01:38:00.099	0.78075				2
2026.05.04	01:38:00.999		0.78084			4
2026.05.04	01:38:05.506	0.78074	0.78083			6
2026.05.04	01:38:15.139	0.78077	0.78084			6
2026.05.04	01:38:15.434	0.78078	0.78086			6
2026.05.04	01:38:15.732		0.78088			4
2026.05.04	01:38:17.541	0.78080	0.78089			6
2026.05.04	01:38:18.449	0.78079	0.78088			6
2026.05.04	01:38:26.872	0.78083	0.78090			6
2026.05.04	01:38:28.672		0.78091			4
2026.05.04	01:38:41.891	0.78081				2
2026.05.04	01:38:43.095		0.78090			4
2026.05.04	01:38:43.696	0.78082	0.78089			6
2026.05.04	01:38:46.105		0.78090			4
2026.05.04	01:38:49.407		0.78089			4
2026.05.04	01:38:52.417		0.78090			4
2026.05.04	01:38:53.627	0.78080	0.78087			6
2026.05.04	01:38:55.441	0.78074	0.78082			6
2026.05.04	01:38:55.739	0.78075	0.78084			6
2026.05.04	01:38:56.032	0.78077				2
2026.05.04	01:38:59.642		0.78085			4
2026.05.04	01:39:00.244	0.78077				2
2026.05.04	01:39:01.444	0.78079	0.78087			6
2026.05.04	01:39:02.943		0.78088			4
2026.05.04	01:39:07.162		0.78087			4
2026.05.04	01:39:12.276		0.78088			4
2026.05.04	01:39:54.974		0.78086			4
2026.05.04	01:40:00.082	0.78079				2
2026.05.04	01:40:00.377	0.78077				2
2026.05.04	01:40:02.788	0.78074	0.78085			6
2026.05.04	01:40:06.084		0.78084			4
2026.05.04	01:40:07.597	0.78069	0.78077			6
2026.05.04	01:40:07.888	0.78066	0.78076			6
2026.05.04	01:40:08.192	0.78064				2
2026.05.04	01:40:12.096		0.78074			4
2026.05.04	01:40:17.207		0.78075			4
2026.05.04	01:40:17.807		0.78074			4
2026.05.04	01:40:22.316		0.78075			4
2026.05.04	01:40:28.342	0.78066	0.78077			6
2026.05.04	01:40:28.639		0.78078			4
2026.05.04	01:40:38.572	0.78067				2
2026.05.04	01:40:41.880		0.78079			4
2026.05.04	01:40:47.590		0.78078			4
2026.05.04	01:41:00.207	0.78067				2
2026.05.04	01:41:00.511	0.78069	0.78079			6
2026.05.04	01:41:01.708	0.78068				2
2026.05.04	01:41:31.187	0.78067	0.78077			6
2026.05.04	01:41:31.484	0.78066	0.78075			6
2026.05.04	01:41:31.779		0.78076			4
2026.05.04	01:41:32.680		0.78077			4
2026.05.04	01:41:33.879	0.78064				2
2026.05.04	01:41:59.747		0.78076			4
2026.05.04	01:42:00.051	0.78064				2
2026.05.04	01:42:01.263	0.78069	0.78080			6
2026.05.04	01:42:01.557	0.78070	0.78083			6
2026.05.04	01:42:02.155	0.78072	0.78084			6
2026.05.04	01:42:03.362		0.78085			4
2026.05.04	01:42:06.973	0.78071				2
2026.05.04	01:42:07.877		0.78084			4
2026.05.04	01:42:09.081	0.78068	0.78082			6
2026.05.04	01:42:09.385		0.78081			4
2026.05.04	01:42:10.582		0.78082			4
2026.05.04	01:42:18.691		0.78081			4
2026.05.04	01:42:19.591	0.78067				2
2026.05.04	01:42:22.903		0.78079			4
2026.05.04	01:42:23.204		0.78080			4
2026.05.04	01:42:31.911		0.78081			4
2026.05.04	01:42:47.857	0.78066	0.78080			6
2026.05.04	01:42:48.156	0.78067				2
2026.05.04	01:42:49.357		0.78081			4
2026.05.04	01:42:50.268	0.78069	0.78082			6
2026.05.04	01:43:00.185	0.78069				2
2026.05.04	01:43:00.482	0.78068	0.78078			6
2026.05.04	01:43:00.787		0.78080			4
2026.05.04	01:43:03.186		0.78081			4
2026.05.04	01:43:17.908		0.78080			4
2026.05.04	01:43:18.210		0.78081			4
2026.05.04	01:43:19.411		0.78080			4
2026.05.04	01:43:27.229	0.78067				2
2026.05.04	01:43:57.285	0.78065	0.78078			6
2026.05.04	01:43:57.586	0.78064				2
2026.05.04	01:44:00.298	0.78064				2
2026.05.04	01:44:00.898	0.78065	0.78079			6
2026.05.04	01:44:19.235		0.78076			4
2026.05.04	01:44:19.532		0.78077			4
2026.05.04	01:44:21.028		0.78078			4
2026.05.04	01:44:32.460		0.78079			4
2026.05.04	01:44:33.663		0.78078			4
2026.05.04	01:44:45.085	0.78066				2
2026.05.04	01:44:45.689		0.78079			4
2026.05.04	01:44:46.287		0.78080			4
2026.05.04	01:44:50.193	0.78067	0.78081			6
2026.05.04	01:45:00.117	0.78067				2
2026.05.04	01:45:00.709		0.78080			4
2026.05.04	01:45:04.625	0.78064	0.78077			6
2026.05.04	01:45:15.390		0.78078			4
2026.05.04	01:45:32.076		0.78077			4
2026.05.04	01:45:40.496		0.78078			4
2026.05.04	01:46:01.237	0.78064				2
2026.05.04	01:46:01.540	0.78065	0.78079			6
2026.05.04	01:46:21.954		0.78078			4
2026.05.04	01:46:24.308	0.78069	0.78082			6
2026.05.04	01:46:30.146	0.78070				2
2026.05.04	01:46:34.279	0.78068	0.78081			6
2026.05.04	01:46:38.508		0.78080			4
2026.05.04	01:47:00.124	0.78068				2
2026.05.04	01:47:00.426	0.78070	0.78083			6
2026.05.04	01:47:28.982		0.78084			4
2026.05.04	01:48:00.298	0.78070	0.78083			6
2026.05.04	01:48:04.174		0.78084			4
2026.05.04	01:48:08.744	0.78072				2
2026.05.04	01:48:09.663	0.78070				2
2026.05.04	01:48:26.069	0.78072				2
2026.05.04	01:48:29.446	0.78071				2
2026.05.04	01:48:32.393	0.78074	0.78086			6
2026.05.04	01:49:00.527	0.78074	0.78085			6
2026.05.04	01:49:04.431	0.78077	0.78090			6
2026.05.04	01:49:20.025	0.78078				2
2026.05.04	01:49:20.325		0.78089			4
2026.05.04	01:49:47.986	0.78077				2
2026.05.04	01:50:00.581	0.78077				2
2026.05.04	01:50:01.883	0.78081	0.78093			6
2026.05.04	01:50:06.901	0.78080				2
2026.05.04	01:50:08.048		0.78092			4
2026.05.04	01:50:18.297	0.78081	0.78090			6
2026.05.04	01:50:18.598		0.78091			4
2026.05.04	01:50:19.359		0.78092			4
2026.05.04	01:50:21.176	0.78079	0.78091			6
2026.05.04	01:50:21.477		0.78089			4
2026.05.04	01:50:26.622		0.78090			4
2026.05.04	01:50:32.028		0.78089			4
2026.05.04	01:50:42.827		0.78090			4
2026.05.04	01:50:55.428		0.78089			4
2026.05.04	01:51:00.347	0.78079				2
2026.05.04	01:51:07.416	0.78081	0.78092			6
2026.05.04	01:51:23.628		0.78093			4
2026.05.04	01:51:23.928		0.78092			4
2026.05.04	01:51:28.095	0.78084	0.78094			6
2026.05.04	01:51:35.929		0.78093			4
2026.05.04	01:51:37.133		0.78092			4
2026.05.04	01:51:37.780		0.78093			4
2026.05.04	01:51:40.940		0.78095			4
2026.05.04	01:52:00.344	0.78084				2
2026.05.04	01:52:00.644	0.78083				2
2026.05.04	01:52:02.577	0.78088	0.78099			6
2026.05.04	01:52:04.224	0.78087	0.78098			6
2026.05.04	01:52:05.328		0.78099			4
2026.05.04	01:52:07.127		0.78098			4
2026.05.04	01:52:14.063	0.78083	0.78093			6
2026.05.04	01:52:17.903	0.78080	0.78090			6
2026.05.04	01:52:25.673	0.78081				2
2026.05.04	01:53:00.228	0.78081				2
2026.05.04	01:53:02.705		0.78089			4
2026.05.04	01:53:14.161		0.78091			4
2026.05.04	01:53:17.605	0.78080				2
2026.05.04	01:53:18.205	0.78084	0.78093			6
2026.05.04	01:53:18.505		0.78094			4
2026.05.04	01:53:23.284	0.78083	0.78093			6
2026.05.04	01:53:31.759	0.78086	0.78098			6
2026.05.04	01:53:32.064		0.78094			4
2026.05.04	01:54:00.147	0.78086				2
2026.05.04	01:54:09.386		0.78093			4
2026.05.04	01:54:10.379		0.78094			4
2026.05.04	01:54:26.074		0.78093			4
2026.05.04	01:54:26.375	0.78085	0.78092			6
2026.05.04	01:54:26.676	0.78084				2
2026.05.04	01:54:27.278		0.78088			4
2026.05.04	01:54:29.439	0.78082	0.78087			6
2026.05.04	01:54:33.447		0.78088			4
2026.05.04	01:54:38.209	0.78080	0.78086			6
2026.05.04	01:54:40.460		0.78085			4
2026.05.04	01:54:46.082		0.78086			4
2026.05.04	01:54:50.151	0.78079				2
2026.05.04	01:54:54.753	0.78082	0.78088			6
2026.05.04	01:54:55.053		0.78089			4
2026.05.04	01:54:55.353	0.78083	0.78091			6
2026.05.04	01:55:00.150	0.78083				2
2026.05.04	01:55:20.374	0.78084	0.78093			6
2026.05.04	01:55:20.675	0.78085	0.78092			6
2026.05.04	01:55:21.925		0.78091			4
2026.05.04	01:55:25.128		0.78092			4
2026.05.04	01:55:26.313		0.78091			4
2026.05.04	01:55:28.728		0.78090			4
2026.05.04	01:55:30.870		0.78091			4
2026.05.04	01:55:32.328		0.78090			4
2026.05.04	01:55:32.630	0.78089	0.78097			6
2026.05.04	01:55:32.929		0.78096			4
2026.05.04	01:55:33.533		0.78097			4
2026.05.04	01:55:42.995	0.78091	0.78098			6
2026.05.04	01:55:43.762		0.78097			4
2026.05.04	01:55:45.827		0.78098			4
2026.05.04	01:55:51.235		0.78097			4
2026.05.04	01:55:51.536	0.78088	0.78095			6
2026.05.04	01:55:55.073	0.78090	0.78100			6
2026.05.04	01:55:55.374		0.78099			4
2026.05.04	01:55:55.676	0.78091	0.78098			6
2026.05.04	01:56:00.827	0.78091				2
2026.05.04	01:56:18.369	0.78093	0.78100			6
2026.05.04	01:56:21.827		0.78101			4
2026.05.04	01:56:22.528	0.78092	0.78098			6
2026.05.04	01:56:22.828	0.78091				2
2026.05.04	01:56:39.828	0.78090				2
2026.05.04	01:56:44.331		0.78099			4
2026.05.04	01:56:44.934		0.78098			4
2026.05.04	01:56:49.773	0.78091				2
2026.05.04	01:56:51.168		0.78097			4
2026.05.04	01:56:55.683	0.78090	0.78096			6
2026.05.04	01:56:57.485		0.78097			4
2026.05.04	01:57:00.969	0.78090				2
2026.05.04	01:57:06.229		0.78096			4
2026.05.04	01:57:24.525	0.78088	0.78093			6
2026.05.04	01:57:24.827		0.78094			4
2026.05.04	01:57:31.428		0.78093			4
2026.05.04	01:57:34.432	0.78087				2
2026.05.04	01:57:36.827		0.78094			4
2026.05.04	01:58:00.148	0.78087				2
2026.05.04	01:58:08.712	0.78083	0.78091			6
2026.05.04	01:58:15.504		0.78090			4
2026.05.04	01:58:15.805	0.78084				2
2026.05.04	01:58:21.442		0.78089			4
2026.05.04	01:58:22.113	0.78083				2
2026.05.04	01:58:24.557	0.78080	0.78087			6
2026.05.04	01:58:25.553	0.78079	0.78084			6
2026.05.04	01:58:25.856		0.78085			4
2026.05.04	01:58:26.156	0.78077	0.78084			6
2026.05.04	01:58:26.456	0.78076	0.78083			6
2026.05.04	01:58:26.759	0.78077				2
2026.05.04	01:58:57.907	0.78076	0.78084			6
2026.05.04	01:59:00.692	0.78076				2
2026.05.04	01:59:10.331		0.78083			4
2026.05.04	01:59:10.785		0.78084			4
2026.05.04	01:59:25.876	0.78077				2
2026.05.04	01:59:28.020		0.78083			4
2026.05.04	01:59:28.321	0.78076	0.78082			6
2026.05.04	01:59:29.728		0.78081			4
2026.05.04	01:59:30.422	0.78074				2
2026.05.04	01:59:30.967		0.78082			4
2026.05.04	01:59:45.228		0.78083			4
2026.05.04	01:59:51.828		0.78082			4
2026.05.04	01:59:57.265	0.78077	0.78083			6
2026.05.04	01:59:58.728		0.78084			4
2026.05.04	02:00:00.004	0.78077				2
2026.05.04	02:00:00.605		0.78083			4
2026.05.04	02:00:01.706	0.78084	0.78091			6
2026.05.04	02:00:02.306	0.78085				2
2026.05.04	02:00:04.976	0.78087	0.78092			6
2026.05.04	02:00:05.276	0.78085				2
2026.05.04	02:00:05.576		0.78091			4
2026.05.04	02:00:07.175	0.78086	0.78093			6
2026.05.04	02:00:07.475	0.78087				2
2026.05.04	02:00:10.125	0.78095	0.78102			6
2026.05.04	02:00:11.027		0.78101			4
2026.05.04	02:00:14.144		0.78102			4
2026.05.04	02:00:14.449	0.78096	0.78103			6
2026.05.04	02:00:14.748	0.78093	0.78102			6
2026.05.04	02:00:15.051		0.78101			4
2026.05.04	02:00:15.652	0.78092				2
2026.05.04	02:00:16.857		0.78100			4
2026.05.04	02:00:17.844		0.78099			4
2026.05.04	02:00:20.248		0.78101			4
2026.05.04	02:00:23.929		0.78100			4
2026.05.04	02:00:24.228		0.78102			4
2026.05.04	02:00:24.528		0.78101			4
2026.05.04	02:00:36.584		0.78100			4
2026.05.04	02:00:37.127		0.78101			4
2026.05.04	02:00:43.816	0.78093				2
2026.05.04	02:00:45.467		0.78100			4
2026.05.04	02:00:47.928		0.78101			4
2026.05.04	02:00:48.535		0.78100			4
2026.05.04	02:01:00.116	0.78093				2
2026.05.04	02:01:00.416		0.78101			4
2026.05.04	02:01:01.375		0.78100			4
2026.05.04	02:01:03.228		0.78101			4
2026.05.04	02:01:10.032	0.78092	0.78099			6
2026.05.04	02:01:13.181	0.78091	0.78098			6
2026.05.04	02:01:13.480	0.78090				2
2026.05.04	02:01:17.233		0.78099			4
2026.05.04	02:01:17.536		0.78097			4
2026.05.04	02:01:25.592		0.78096			4
2026.05.04	02:01:25.892		0.78097			4
2026.05.04	02:01:27.833		0.78096			4
2026.05.04	02:01:32.669		0.78097			4
2026.05.04	02:01:32.970		0.78098			4
2026.05.04	02:01:33.572	0.78087	0.78095			6
2026.05.04	02:01:33.872		0.78094			4
2026.05.04	02:01:35.628		0.78093			4
2026.05.04	02:01:36.386	0.78086				2
2026.05.04	02:01:41.551	0.78079	0.78089			6
2026.05.04	02:01:46.838		0.78088			4
2026.05.04	02:01:47.147		0.78089			4
2026.05.04	02:01:52.304		0.78088			4
2026.05.04	02:02:01.430	0.78079				2
2026.05.04	02:02:15.688		0.78090			4
2026.05.04	02:02:15.990	0.78083	0.78084			6
2026.05.04	02:02:18.693	0.78079	0.78088			6
2026.05.04	02:02:27.253	0.78081	0.78089			6
2026.05.04	02:02:27.554	0.78082	0.78090			6
2026.05.04	02:02:36.826	0.78083	0.78091			6
2026.05.04	02:02:40.040		0.78092			4
2026.05.04	02:02:52.302	0.78085				2
2026.05.04	02:02:54.429	0.78086	0.78093			6
2026.05.04	02:02:55.308	0.78087	0.78095			6
2026.05.04	02:02:56.764		0.78097			4
2026.05.04	02:02:57.065		0.78095			4
2026.05.04	02:03:00.032	0.78089				2
2026.05.04	02:03:01.129		0.78096			4
2026.05.04	02:03:10.301		0.78095			4
2026.05.04	02:03:15.684		0.78096			4
2026.05.04	02:03:21.787	0.78086	0.78094			6
2026.05.04	02:03:30.529		0.78095			4
2026.05.04	02:04:00.652	0.78086				2
2026.05.04	02:04:07.127		0.78094			4
2026.05.04	02:04:10.428		0.78095			4
2026.05.04	02:04:14.098		0.78094			4
2026.05.04	02:04:17.028		0.78095			4
2026.05.04	02:04:26.628		0.78094			4
2026.05.04	02:04:28.683	0.78089	0.78096			6
2026.05.04	02:04:28.985		0.78097			4
2026.05.04	02:04:31.128		0.78096			4
2026.05.04	02:04:35.545		0.78097			4
2026.05.04	02:04:46.424		0.78096			4
2026.05.04	02:04:47.835		0.78097			4
2026.05.04	02:04:51.889		0.78096			4
2026.05.04	02:04:52.187	0.78087	0.78094			6
2026.05.04	02:04:56.305	0.78088	0.78095			6
2026.05.04	02:05:00.129	0.78088				2
2026.05.04	02:05:00.431	0.78090	0.78097			6
2026.05.04	02:05:01.365		0.78096			4
2026.05.04	02:05:01.665	0.78089				2
2026.05.04	02:05:01.965		0.78095			4
2026.05.04	02:05:12.164	0.78090	0.78096			6
2026.05.04	02:05:27.613	0.78088	0.78095			6
2026.05.04	02:05:27.913	0.78087				2
2026.05.04	02:05:30.828		0.78094			4
2026.05.04	02:05:35.027	0.78085	0.78092			6
2026.05.04	02:05:35.327	0.78087	0.78094			6
2026.05.04	02:05:35.627		0.78095			4
2026.05.04	02:05:39.432	0.78088	0.78096			6
2026.05.04	02:05:46.728		0.78095			4
2026.05.04	02:05:52.517		0.78096			4
2026.05.04	02:05:53.835		0.78095			4
2026.05.04	02:05:59.754	0.78089	0.78096			6
2026.05.04	02:06:00.283	0.78089				2
2026.05.04	02:06:06.827		0.78097			4
2026.05.04	02:06:12.530		0.78096			4
2026.05.04	02:06:37.629		0.78097			4
2026.05.04	02:06:38.993		0.78096			4
2026.05.04	02:06:39.829		0.78095			4
2026.05.04	02:06:59.665	0.78090	0.78097			6
2026.05.04	02:07:02.928	0.78090				2
2026.05.04	02:07:42.828		0.78098			4
2026.05.04	02:07:47.927		0.78097			4
2026.05.04	02:08:00.271	0.78090				2
2026.05.04	02:08:04.092	0.78091				2
2026.05.04	02:08:15.507		0.78098			4
2026.05.04	02:08:35.779	0.78092				2
2026.05.04	02:08:53.123	0.78091	0.78096			6
2026.05.04	02:09:01.615	0.78091				2
2026.05.04	02:09:04.200	0.78090				2
2026.05.04	02:09:10.032	0.78091				2
2026.05.04	02:09:23.032		0.78097			4
2026.05.04	02:09:46.728		0.78096			4
2026.05.04	02:10:08.206	0.78091				2
2026.05.04	02:10:47.920		0.78096			4
2026.05.04	02:10:48.221		0.78099			4
2026.05.04	02:10:51.989		0.78098			4
2026.05.04	02:10:52.904		0.78097			4
2026.05.04	02:11:00.286	0.78088	0.78095			6
2026.05.04	02:11:07.461	0.78086	0.78093			6
2026.05.04	02:11:07.761		0.78091			4
2026.05.04	02:11:12.799		0.78092			4
2026.05.04	02:11:19.447	0.78085	0.78091			6
2026.05.04	02:11:23.797		0.78094			4
2026.05.04	02:11:24.097		0.78091			4
2026.05.04	02:11:25.913		0.78092			4
2026.05.04	02:11:41.132	0.78086	0.78093			6
2026.05.04	02:11:41.434	0.78085	0.78091			6
2026.05.04	02:11:43.672		0.78092			4
2026.05.04	02:11:44.924		0.78095			4
2026.05.04	02:11:45.224		0.78094			4
2026.05.04	02:11:46.476		0.78095			4
2026.05.04	02:11:52.983		0.78094			4
2026.05.04	02:11:53.283		0.78093			4
2026.05.04	02:11:54.157	0.78088	0.78095			6
2026.05.04	02:12:00.828	0.78088	0.78094			6
2026.05.04	02:12:15.348	0.78089				2
2026.05.04	02:12:18.257	0.78087				2
2026.05.04	02:12:37.523	0.78089				2
2026.05.04	02:12:42.601		0.78095			4
2026.05.04	02:12:44.499	0.78090	0.78096			6
2026.05.04	02:13:06.295	0.78090	0.78097			6
2026.05.04	02:13:09.881		0.78096			4
2026.05.04	02:13:25.899		0.78095			4
2026.05.04	02:13:39.573		0.78098			4
2026.05.04	02:14:00.146	0.78090				2
2026.05.04	02:14:02.799		0.78097			4
2026.05.04	02:14:44.525	0.78088	0.78096			6
2026.05.04	02:14:53.629	0.78089				2
2026.05.04	02:14:58.055	0.78088				2
2026.05.04	02:15:00.120	0.78088				2
2026.05.04	02:15:03.094	0.78089				2
2026.05.04	02:15:03.393	0.78090				2
2026.05.04	02:15:03.693	0.78091	0.78097			6
2026.05.04	02:15:03.993	0.78093	0.78098			6
2026.05.04	02:15:04.294		0.78099			4
2026.05.04	02:15:05.042		0.78100			4
2026.05.04	02:15:05.343	0.78092	0.78099			6
2026.05.04	02:15:08.785	0.78093	0.78100			6
2026.05.04	02:15:19.116		0.78099			4
2026.05.04	02:15:31.619	0.78097	0.78102			6
2026.05.04	02:15:31.920		0.78103			4
2026.05.04	02:15:34.104	0.78095				2
2026.05.04	02:15:34.405		0.78104			4
2026.05.04	02:15:35.390		0.78103			4
2026.05.04	02:15:40.701		0.78102			4
2026.05.04	02:15:41.001	0.78097				2
2026.05.04	02:15:42.412		0.78100			4
2026.05.04	02:15:42.712		0.78102			4
2026.05.04	02:15:43.013		0.78100			4
2026.05.04	02:15:43.313		0.78103			4
2026.05.04	02:15:50.360		0.78102			4
2026.05.04	02:15:58.515		0.78103			4
2026.05.04	02:16:00.060	0.78097				2
2026.05.04	02:16:00.360		0.78102			4
2026.05.04	02:16:02.693	0.78096				2
2026.05.04	02:16:10.388		0.78101			4
2026.05.04	02:16:11.458	0.78094				2
2026.05.04	02:16:12.521		0.78099			4
2026.05.04	02:16:23.161		0.78100			4
2026.05.04	02:16:35.489		0.78099			4
2026.05.04	02:16:42.834		0.78100			4
2026.05.04	02:16:48.225	0.78091	0.78097			6
2026.05.04	02:16:48.527	0.78089	0.78094			6
2026.05.04	02:17:00.203	0.78089				2
2026.05.04	02:17:00.805	0.78090				2
2026.05.04	02:17:03.166		0.78095			4
2026.05.04	02:17:31.037		0.78094			4
2026.05.04	02:17:39.220	0.78091	0.78095			6
2026.05.04	02:17:43.429		0.78096			4
2026.05.04	02:17:47.360		0.78095			4
2026.05.04	02:18:01.032	0.78091				2
2026.05.04	02:18:17.139		0.78096			4
2026.05.04	02:18:56.629	0.78089	0.78095			6
2026.05.04	02:19:01.034	0.78089				2
2026.05.04	02:19:07.428		0.78096			4
2026.05.04	02:19:20.913		0.78095			4
2026.05.04	02:19:22.002	0.78092	0.78097			6
2026.05.04	02:19:37.218	0.78091				2
2026.05.04	02:19:53.991	0.78092				2
2026.05.04	02:20:01.726	0.78092				2
2026.05.04	02:20:05.127	0.78093	0.78098			6
2026.05.04	02:20:17.457	0.78092	0.78097			6
2026.05.04	02:20:19.018	0.78091				2
2026.05.04	02:20:25.667	0.78092	0.78098			6
2026.05.04	02:20:27.994	0.78091				2
2026.05.04	02:21:03.140	0.78091				2
2026.05.04	02:21:16.728	0.78089	0.78097			6
2026.05.04	02:21:17.031	0.78090				2
2026.05.04	02:21:18.364	0.78089				2
2026.05.04	02:21:28.210	0.78088	0.78096			6
2026.05.04	02:21:33.883	0.78090	0.78098			6
2026.05.04	02:21:35.426	0.78091				2
2026.05.04	02:21:47.049	0.78089	0.78097			6
2026.05.04	02:21:52.488	0.78091				2
2026.05.04	02:21:52.789	0.78089	0.78095			6
2026.05.04	02:21:53.091	0.78091	0.78097			6
2026.05.04	02:21:53.692	0.78089	0.78095			6
2026.05.04	02:21:54.294		0.78097			4
2026.05.04	02:22:04.427	0.78089				2
2026.05.04	02:22:21.489	0.78091	0.78098			6
2026.05.04	02:22:35.578	0.78089				2
2026.05.04	02:22:42.625		0.78097			4
2026.05.04	02:22:46.638	0.78090	0.78098			6
2026.05.04	02:22:48.321		0.78097			4
2026.05.04	02:23:02.490	0.78090				2
2026.05.04	02:23:06.735		0.78098			4
2026.05.04	02:23:10.310		0.78097			4
2026.05.04	02:23:12.220	0.78089				2
2026.05.04	02:23:27.568		0.78096			4
2026.05.04	02:24:01.372	0.78089				2
2026.05.04	02:24:03.823	0.78088				2
2026.05.04	02:24:09.406		0.78097			4
2026.05.04	02:24:13.384		0.78096			4
2026.05.04	02:24:15.461		0.78095			4
2026.05.04	02:24:18.301		0.78096			4
2026.05.04	02:24:41.096		0.78097			4
2026.05.04	02:24:44.046		0.78096			4
2026.05.04	02:24:51.480	0.78090	0.78099			6
2026.05.04	02:24:53.871		0.78098			4
2026.05.04	02:25:01.654	0.78090				2
2026.05.04	02:25:03.968	0.78092	0.78101			6
2026.05.04	02:25:21.733		0.78100			4
2026.05.04	02:25:30.861	0.78088	0.78096			6
2026.05.04	02:25:32.153		0.78097			4
2026.05.04	02:25:37.319	0.78089	0.78099			6
2026.05.04	02:25:37.620	0.78091				2
2026.05.04	02:26:01.374	0.78091				2
2026.05.04	02:26:44.404		0.78099			4
2026.05.04	02:26:44.703	0.78090	0.78098			6
2026.05.04	02:27:10.147	0.78090				2
2026.05.04	02:27:31.542	0.78091	0.78099			6
2026.05.04	02:27:35.963	0.78092	0.78101			6
2026.05.04	02:27:40.286	0.78093				2
2026.05.04	02:27:48.736	0.78094	0.78102			6
2026.05.04	02:28:02.570	0.78094				2
2026.05.04	02:28:02.870	0.78093	0.78101			6
2026.05.04	02:28:23.342		0.78102			4
2026.05.04	02:29:00.329	0.78093				2
2026.05.04	02:29:23.058		0.78101			4
2026.05.04	02:29:28.699	0.78092				2
2026.05.04	02:30:00.482	0.78092				2
2026.05.04	02:30:25.128		0.78101			4
2026.05.04	02:31:00.147	0.78092				2
2026.05.04	02:31:05.871	0.78093				2
2026.05.04	02:31:30.167		0.78101			4
2026.05.04	02:31:47.640	0.78089	0.78099			6
2026.05.04	02:31:47.940		0.78098			4
2026.05.04	02:31:52.200		0.78099			4
2026.05.04	02:31:56.033		0.78097			4
2026.05.04	02:31:57.514	0.78088				2
2026.05.04	02:32:00.162	0.78088				2
2026.05.04	02:32:26.557	0.78086				2
2026.05.04	02:32:31.842	0.78088				2
2026.05.04	02:32:36.111	0.78092	0.78100			6
2026.05.04	02:32:36.413		0.78101			4
2026.05.04	02:32:38.620	0.78090	0.78100			6
2026.05.04	02:33:03.644	0.78090				2
2026.05.04	02:33:03.943		0.78099			4
2026.05.04	02:33:13.382		0.78100			4
2026.05.04	02:33:59.027	0.78091	0.78099			6
2026.05.04	02:33:59.332		0.78100			4
2026.05.04	02:34:00.341	0.78091				2
2026.05.04	02:34:02.989		0.78101			4
2026.05.04	02:34:04.515	0.78092				2
2026.05.04	02:34:20.148	0.78091				2
2026.05.04	02:34:20.748	0.78089	0.78099			6
2026.05.04	02:34:23.186	0.78093	0.78100			6
2026.05.04	02:34:28.506	0.78092	0.78101			6
2026.05.04	02:34:30.589	0.78093				2
2026.05.04	02:34:36.770		0.78102			4
2026.05.04	02:34:51.069		0.78099			4
2026.05.04	02:34:51.369		0.78101			4
2026.05.04	02:35:00.302	0.78093				2
2026.05.04	02:35:00.603		0.78102			4
2026.05.04	02:35:02.691		0.78101			4
2026.05.04	02:35:07.272	0.78091				2
2026.05.04	02:35:17.732	0.78088	0.78098			6
2026.05.04	02:35:25.111	0.78085	0.78094			6
2026.05.04	02:35:29.615		0.78095			4
2026.05.04	02:35:31.778	0.78084	0.78094			6
2026.05.04	02:35:37.770	0.78083	0.78092			6
2026.05.04	02:35:38.372		0.78090			4
2026.05.04	02:35:39.946	0.78082				2
2026.05.04	02:35:40.930	0.78083				2
2026.05.04	02:35:45.938	0.78081	0.78088			6
2026.05.04	02:35:46.237	0.78082	0.78089			6
2026.05.04	02:35:46.838		0.78088			4
2026.05.04	02:35:54.011	0.78081				2
2026.05.04	02:35:56.923	0.78083	0.78089			6
2026.05.04	02:35:57.223	0.78084	0.78090			6
2026.05.04	02:36:01.516	0.78084				2
2026.05.04	02:36:06.961	0.78080	0.78089			6
2026.05.04	02:36:20.382	0.78082				2
2026.05.04	02:36:24.750	0.78081				2
2026.05.04	02:36:25.050	0.78082				2
2026.05.04	02:36:27.187	0.78083				2
2026.05.04	02:36:30.447	0.78082				2
2026.05.04	02:36:40.869		0.78090			4
2026.05.04	02:36:42.980	0.78081				2
2026.05.04	02:36:43.280	0.78083				2
2026.05.04	02:36:45.216	0.78082	0.78089			6
2026.05.04	02:36:46.902	0.78083				2
2026.05.04	02:36:55.155	0.78079				2
2026.05.04	02:36:57.109	0.78080				2
2026.05.04	02:36:57.410		0.78090			4
2026.05.04	02:37:01.426	0.78080				2
2026.05.04	02:37:02.117		0.78088			4
2026.05.04	02:37:06.184	0.78078	0.78087			6
2026.05.04	02:37:13.433	0.78080	0.78089			6
2026.05.04	02:37:19.498		0.78088			4
2026.05.04	02:37:19.798	0.78078	0.78086			6
2026.05.04	02:37:28.662		0.78088			4
2026.05.04	02:37:40.699	0.78079				2
2026.05.04	02:37:43.102	0.78080	0.78089			6
2026.05.04	02:37:56.654		0.78088			4
2026.05.04	02:38:02.293	0.78080				2
2026.05.04	02:38:04.439	0.78078	0.78087			6
2026.05.04	02:38:07.292	0.78081	0.78090			6
2026.05.04	02:38:07.893	0.78080	0.78089			6
2026.05.04	02:38:09.488	0.78078	0.78087			6
2026.05.04	02:38:36.394	0.78079	0.78088			6
2026.05.04	02:38:37.080	0.78080	0.78089			6
2026.05.04	02:39:00.271	0.78080				2
2026.05.04	02:39:04.756	0.78081				2
2026.05.04	02:39:05.055		0.78090			4
2026.05.04	02:39:05.357	0.78085				2
2026.05.04	02:39:05.657	0.78081	0.78088			6
2026.05.04	02:39:05.966	0.78085	0.78092			6
2026.05.04	02:39:06.262	0.78087	0.78094			6
2026.05.04	02:39:07.162		0.78096			4
2026.05.04	02:39:11.289		0.78098			4
2026.05.04	02:39:11.891	0.78089	0.78099			6
2026.05.04	02:39:30.152		0.78098			4
2026.05.04	02:39:50.147		0.78099			4
2026.05.04	02:39:55.103	0.78092	0.78101			6
2026.05.04	02:40:00.739	0.78092				2
2026.05.04	02:40:01.781	0.78091	0.78100			6
2026.05.04	02:40:07.778	0.78090	0.78099			6
2026.05.04	02:40:13.824	0.78091	0.78100			6
2026.05.04	02:40:16.384	0.78094	0.78103			6
2026.05.04	02:40:26.116	0.78093				2
2026.05.04	02:40:36.181	0.78094				2
2026.05.04	02:40:52.275	0.78097	0.78106			6
2026.05.04	02:41:00.423	0.78097				2
2026.05.04	02:41:04.128	0.78096				2
2026.05.04	02:41:06.218	0.78097				2
2026.05.04	02:41:07.168	0.78096				2
2026.05.04	02:41:08.008		0.78104			4
2026.05.04	02:41:20.147		0.78105			4
2026.05.04	02:41:20.450	0.78095	0.78103			6
2026.05.04	02:41:23.377	0.78094				2
2026.05.04	02:41:25.651	0.78097				2
2026.05.04	02:41:27.949		0.78104			4
2026.05.04	02:41:28.249	0.78096				2
2026.05.04	02:41:28.553	0.78097				2
2026.05.04	02:41:36.690	0.78095				2
2026.05.04	02:41:45.389	0.78096				2
2026.05.04	02:42:07.354	0.78096				2
2026.05.04	02:42:18.875	0.78097				2
2026.05.04	02:42:23.143		0.78105			4
2026.05.04	02:42:29.733		0.78106			4
2026.05.04	02:42:32.934	0.78099	0.78108			6
2026.05.04	02:43:00.147	0.78099				2
2026.05.04	02:43:20.987	0.78098	0.78107			6
2026.05.04	02:43:34.871	0.78099				2
2026.05.04	02:43:52.999	0.78098				2
2026.05.04	02:43:53.900	0.78097	0.78106			6
2026.05.04	02:44:01.583	0.78097				2
2026.05.04	02:44:04.352	0.78098	0.78107			6
2026.05.04	02:44:07.636	0.78099	0.78108			6
2026.05.04	02:44:12.369	0.78100	0.78109			6
2026.05.04	02:44:16.980	0.78102	0.78111			6
2026.05.04	02:44:17.277	0.78105	0.78114			6
2026.05.04	02:44:22.059	0.78108	0.78117			6
2026.05.04	02:44:22.662	0.78109	0.78118			6
2026.05.04	02:44:23.690	0.78108	0.78117			6
2026.05.04	02:44:31.304	0.78110	0.78118			6
2026.05.04	02:44:33.479		0.78119			4
2026.05.04	02:44:39.229	0.78111				2
2026.05.04	02:44:41.398		0.78120			4
2026.05.04	02:44:48.954	0.78112				2
2026.05.04	02:44:49.257	0.78114	0.78122			6
2026.05.04	02:44:50.754	0.78115	0.78123			6
2026.05.04	02:45:00.131	0.78115				2
2026.05.04	02:45:00.430	0.78116	0.78124			6
2026.05.04	02:45:01.426	0.78117				2
2026.05.04	02:45:01.727	0.78121	0.78130			6
2026.05.04	02:45:03.228	0.78124	0.78131			6
2026.05.04	02:45:03.528	0.78123				2
2026.05.04	02:45:06.693	0.78122	0.78130			6
2026.05.04	02:45:09.350	0.78121				2
2026.05.04	02:45:10.994	0.78120	0.78128			6
2026.05.04	02:45:12.086	0.78119	0.78127			6
2026.05.04	02:45:12.387	0.78117	0.78124			6
2026.05.04	02:45:15.287	0.78118	0.78127			6
2026.05.04	02:45:16.760		0.78125			4
2026.05.04	02:45:17.064	0.78117				2
2026.05.04	02:45:18.613	0.78118				2
2026.05.04	02:45:21.348	0.78119				2
2026.05.04	02:45:21.649	0.78116	0.78124			6
2026.05.04	02:45:27.395		0.78123			4
2026.05.04	02:45:27.695	0.78112	0.78121			6
2026.05.04	02:45:27.997	0.78113	0.78123			6
2026.05.04	02:45:31.286	0.78115				2
2026.05.04	02:45:34.474	0.78116				2
2026.05.04	02:45:39.232		0.78124			4
2026.05.04	02:45:43.379	0.78117	0.78126			6
2026.05.04	02:45:45.902		0.78127			4
2026.05.04	02:45:47.816	0.78121	0.78130			6
2026.05.04	02:45:49.106	0.78122	0.78132			6
2026.05.04	02:45:50.330		0.78131			4
2026.05.04	02:45:50.630	0.78121	0.78130			6
2026.05.04	02:45:55.513	0.78120	0.78128			6
2026.05.04	02:46:00.281	0.78120				2
2026.05.04	02:46:01.182	0.78119	0.78127			6
2026.05.04	02:46:01.786	0.78118	0.78126			6
2026.05.04	02:46:02.083	0.78115	0.78124			6
2026.05.04	02:46:02.683	0.78114	0.78123			6
2026.05.04	02:46:05.627	0.78115				2
2026.05.04	02:46:06.232	0.78114				2
2026.05.04	02:46:12.672		0.78122			4
2026.05.04	02:46:17.257	0.78112	0.78120			6
2026.05.04	02:46:19.445	0.78111	0.78119			6
2026.05.04	02:46:19.750	0.78107	0.78115			6
2026.05.04	02:46:20.046	0.78106	0.78114			6
2026.05.04	02:46:27.214	0.78105	0.78113			6
2026.05.04	02:46:27.514	0.78103	0.78111			6
2026.05.04	02:46:32.557	0.78100	0.78109			6
2026.05.04	02:46:34.612	0.78101				2
2026.05.04	02:46:47.504	0.78104	0.78111			6
2026.05.04	02:46:49.922	0.78103				2
2026.05.04	02:47:00.148	0.78102	0.78110			6
2026.05.04	02:47:02.546	0.78101				2
2026.05.04	02:47:12.214	0.78100	0.78107			6
2026.05.04	02:47:22.691	0.78098	0.78106			6
2026.05.04	02:47:24.971	0.78099	0.78108			6
2026.05.04	02:47:26.713		0.78107			4
2026.05.04	02:47:28.568	0.78100	0.78109			6
2026.05.04	02:47:28.869	0.78101	0.78111			6
2026.05.04	02:47:29.712	0.78100	0.78109			6
2026.05.04	02:47:31.009	0.78101				2
2026.05.04	02:47:31.310		0.78110			4
2026.05.04	02:47:33.189	0.78100				2
2026.05.04	02:47:33.917	0.78101	0.78111			6
2026.05.04	02:47:34.217		0.78109			4
2026.05.04	02:47:39.722		0.78110			4
2026.05.04	02:47:44.082	0.78100	0.78109			6
2026.05.04	02:47:44.382	0.78102	0.78111			6
2026.05.04	02:47:47.224	0.78100	0.78110			6
2026.05.04	02:47:50.222	0.78102				2
2026.05.04	02:47:52.648		0.78111			4
2026.05.04	02:47:53.934		0.78112			4
2026.05.04	02:47:54.236		0.78111			4
2026.05.04	02:47:54.537		0.78112			4
2026.05.04	02:47:57.720	0.78100	0.78109			6
2026.05.04	02:48:00.308	0.78100				2
2026.05.04	02:48:01.447	0.78102	0.78110			6
2026.05.04	02:48:07.247	0.78103	0.78111			6
2026.05.04	02:48:08.514	0.78104				2
2026.05.04	02:48:08.868	0.78103				2
2026.05.04	02:48:21.674	0.78104				2
2026.05.04	02:48:22.275		0.78113			4
2026.05.04	02:48:22.575		0.78112			4
2026.05.04	02:48:22.876	0.78103				2
2026.05.04	02:48:27.958	0.78104				2
2026.05.04	02:48:30.901	0.78105	0.78113			6
2026.05.04	02:48:31.202	0.78106				2
2026.05.04	02:48:32.124	0.78104	0.78112			6
2026.05.04	02:48:36.536	0.78103				2
2026.05.04	02:48:41.820	0.78105				2
2026.05.04	02:48:43.348	0.78106	0.78113			6
2026.05.04	02:48:44.209	0.78104				2
2026.05.04	02:49:00.936	0.78104				2
2026.05.04	02:49:01.237	0.78106	0.78114			6
2026.05.04	02:49:02.258	0.78105	0.78112			6
2026.05.04	02:49:02.564	0.78104				2
2026.05.04	02:49:10.136	0.78103	0.78111			6
2026.05.04	02:49:10.737	0.78104				2
2026.05.04	02:49:15.626	0.78103				2
2026.05.04	02:49:16.718	0.78104				2
2026.05.04	02:49:18.906	0.78103				2
2026.05.04	02:49:24.038	0.78102				2
2026.05.04	02:49:27.346		0.78110			4
2026.05.04	02:49:27.645	0.78103	0.78111			6
2026.05.04	02:49:30.075	0.78104				2
2026.05.04	02:49:31.151		0.78112			4
2026.05.04	02:49:34.175	0.78105				2
2026.05.04	02:49:36.788	0.78106	0.78113			6
2026.05.04	02:49:37.086	0.78107	0.78114			6
2026.05.04	02:49:37.686	0.78108	0.78117			6
2026.05.04	02:49:38.587	0.78109				2
2026.05.04	02:49:41.028	0.78111	0.78119			6
2026.05.04	02:49:45.789	0.78110				2
2026.05.04	02:49:46.972	0.78112				2
2026.05.04	02:49:47.272		0.78120			4
2026.05.04	02:49:47.574	0.78111	0.78119			6
2026.05.04	02:49:50.007	0.78112				2
2026.05.04	02:49:50.306	0.78111				2
2026.05.04	02:49:51.140	0.78110				2
2026.05.04	02:49:51.743		0.78118			4
2026.05.04	02:50:00.105	0.78110				2
2026.05.04	02:50:00.406	0.78111				2
2026.05.04	02:50:00.706	0.78110				2
2026.05.04	02:50:01.307	0.78111				2
2026.05.04	02:50:02.696	0.78110				2
2026.05.04	02:50:04.171	0.78111				2
2026.05.04	02:50:04.964	0.78110				2
2026.05.04	02:50:05.924	0.78109				2
2026.05.04	02:50:07.388	0.78110				2
2026.05.04	02:50:20.447	0.78109				2
2026.05.04	02:50:25.407	0.78110	0.78117			6
2026.05.04	02:50:25.707	0.78111	0.78118			6
2026.05.04	02:50:37.376	0.78113	0.78121			6
2026.05.04	02:50:39.790	0.78114				2
2026.05.04	02:50:40.091	0.78113				2
2026.05.04	02:50:44.627	0.78111	0.78120			6
2026.05.04	02:50:46.150	0.78112				2
2026.05.04	02:50:49.647		0.78119			4
2026.05.04	02:50:51.269	0.78111				2
2026.05.04	02:50:56.347	0.78110	0.78118			6
2026.05.04	02:51:00.288	0.78110				2
2026.05.04	02:51:10.428		0.78117			4
2026.05.04	02:51:13.994	0.78105	0.78113			6
2026.05.04	02:51:14.895	0.78103	0.78111			6
2026.05.04	02:51:17.094	0.78101	0.78110			6
2026.05.04	02:51:18.751	0.78102				2
2026.05.04	02:51:22.688	0.78101				2
2026.05.04	02:51:24.315	0.78102				2
2026.05.04	02:51:25.141	0.78101				2
2026.05.04	02:51:27.841	0.78098	0.78106			6
2026.05.04	02:51:29.892	0.78100	0.78107			6
2026.05.04	02:51:31.396	0.78099				2
2026.05.04	02:51:33.686		0.78106			4
2026.05.04	02:51:40.756	0.78101	0.78108			6
2026.05.04	02:51:41.056		0.78109			4
2026.05.04	02:51:41.656	0.78102				2
2026.05.04	02:51:53.948		0.78110			4
2026.05.04	02:51:55.055	0.78103				2
2026.05.04	02:52:00.007	0.78103				2
2026.05.04	02:52:00.908	0.78104	0.78111			6
2026.05.04	02:52:07.362	0.78105				2
2026.05.04	02:52:08.200	0.78104				2
2026.05.04	02:52:12.562	0.78105				2
2026.05.04	02:52:12.863	0.78104				2
2026.05.04	02:52:30.683	0.78105				2
2026.05.04	02:52:36.780	0.78104				2
2026.05.04	02:52:48.342	0.78102				2
2026.05.04	02:52:48.638		0.78109			4
2026.05.04	02:52:52.877	0.78103				2
2026.05.04	02:52:53.178	0.78102				2
2026.05.04	02:52:59.674	0.78100				2
2026.05.04	02:52:59.975	0.78101				2
2026.05.04	02:53:00.275	0.78100				2
2026.05.04	02:53:05.222		0.78108			4
2026.05.04	02:53:09.333	0.78098	0.78106			6
2026.05.04	02:53:09.933	0.78097	0.78104			6
2026.05.04	02:53:13.290	0.78096				2
2026.05.04	02:53:13.589		0.78103			4
2026.05.04	02:53:15.393	0.78095				2
2026.05.04	02:53:16.944	0.78096				2
2026.05.04	02:53:17.245	0.78095				2
2026.05.04	02:53:18.044	0.78096				2
2026.05.04	02:53:20.366	0.78097				2
2026.05.04	02:53:37.021	0.78098				2
2026.05.04	02:53:48.608	0.78099	0.78104			6
2026.05.04	02:53:48.908		0.78105			4
2026.05.04	02:53:49.208	0.78098				2
2026.05.04	02:53:50.050	0.78099				2
2026.05.04	02:53:59.579	0.78098				2
2026.05.04	02:53:59.879	0.78099				2
2026.05.04	02:54:00.179	0.78099				2
2026.05.04	02:54:05.832	0.78098				2
2026.05.04	02:54:06.133		0.78106			4
2026.05.04	02:54:22.918	0.78102	0.78111			6
2026.05.04	02:54:24.216	0.78103				2
2026.05.04	02:54:24.817	0.78100	0.78109			6
2026.05.04	02:54:25.117	0.78102				2
2026.05.04	02:54:27.389	0.78101				2
2026.05.04	02:54:28.417	0.78102				2
2026.05.04	02:54:28.718	0.78101				2
2026.05.04	02:54:30.035	0.78100				2
2026.05.04	02:54:31.550	0.78101				2
2026.05.04	02:54:34.161	0.78102				2
2026.05.04	02:54:34.772	0.78101				2
2026.05.04	02:54:35.072	0.78100	0.78106			6
2026.05.04	02:54:35.373	0.78103	0.78109			6
2026.05.04	02:54:36.275	0.78100	0.78106			6
2026.05.04	02:54:36.878		0.78109			4
2026.05.04	02:54:42.171		0.78108			4
2026.05.04	02:54:42.471	0.78101	0.78109			6
2026.05.04	02:54:42.771	0.78102				2
2026.05.04	02:54:44.775	0.78104	0.78111			6
2026.05.04	02:54:51.137	0.78103				2
2026.05.04	02:55:00.103	0.78103				2
2026.05.04	02:55:00.403	0.78105	0.78112			6
2026.05.04	02:55:00.703	0.78104				2
2026.05.04	02:55:01.989	0.78105				2
2026.05.04	02:55:03.250		0.78114			4
2026.05.04	02:55:25.563		0.78113			4
2026.05.04	02:55:28.831		0.78114			4
2026.05.04	02:55:30.809	0.78107	0.78117			6
2026.05.04	02:55:31.107	0.78108				2
2026.05.04	02:55:31.709	0.78109	0.78118			6
2026.05.04	02:55:36.745	0.78110				2
2026.05.04	02:55:46.428		0.78117			4
2026.05.04	02:55:48.479		0.78118			4
2026.05.04	02:55:51.951	0.78109	0.78114			6
2026.05.04	02:55:52.252		0.78115			4
2026.05.04	02:55:53.354		0.78116			4
2026.05.04	02:55:53.964		0.78115			4
2026.05.04	02:55:54.867		0.78114			4
2026.05.04	02:55:55.168	0.78108	0.78115			6
2026.05.04	02:55:55.898		0.78114			4
2026.05.04	02:55:56.499		0.78113			4
2026.05.04	02:56:00.193	0.78108				2
2026.05.04	02:56:02.003		0.78114			4
2026.05.04	02:56:08.356		0.78113			4
2026.05.04	02:56:10.147	0.78107				2
2026.05.04	02:56:15.787		0.78112			4
2026.05.04	02:56:19.557		0.78113			4
2026.05.04	02:56:21.457	0.78108	0.78114			6
2026.05.04	02:56:24.005		0.78113			4
2026.05.04	02:56:24.305		0.78114			4
2026.05.04	02:56:24.605		0.78116			4
2026.05.04	02:56:32.792	0.78109				2
2026.05.04	02:56:43.236		0.78117			4
2026.05.04	02:56:44.825	0.78111	0.78118			6
2026.05.04	02:56:45.126	0.78110	0.78117			6
2026.05.04	02:56:47.541		0.78116			4
2026.05.04	02:56:48.143		0.78117			4
2026.05.04	02:57:00.334	0.78110				2
2026.05.04	02:57:06.404	0.78109	0.78116			6
2026.05.04	02:57:10.953	0.78110	0.78117			6
2026.05.04	02:57:14.767		0.78118			4
2026.05.04	02:57:22.727		0.78117			4
2026.05.04	02:57:30.952	0.78115	0.78123			6
2026.05.04	02:57:31.253	0.78117				2
2026.05.04	02:57:32.297		0.78124			4
2026.05.04	02:57:35.721		0.78123			4
2026.05.04	02:57:37.629		0.78124			4
2026.05.04	02:57:37.929	0.78118	0.78125			6
2026.05.04	02:57:38.230		0.78124			4
2026.05.04	02:57:38.830		0.78126			4
2026.05.04	02:57:39.130		0.78125			4
2026.05.04	02:57:39.431		0.78124			4
2026.05.04	02:57:45.742		0.78125			4
2026.05.04	02:57:55.235		0.78124			4
2026.05.04	02:58:00.146	0.78118				2
2026.05.04	02:58:01.836		0.78123			4
2026.05.04	02:58:03.318		0.78124			4
2026.05.04	02:58:04.377		0.78125			4
2026.05.04	02:58:06.402		0.78126			4
2026.05.04	02:58:08.898		0.78127			4
2026.05.04	02:58:12.426	0.78120	0.78129			6
2026.05.04	02:58:12.726	0.78122	0.78131			6
2026.05.04	02:58:13.329		0.78130			4
2026.05.04	02:58:18.380	0.78123	0.78131			6
2026.05.04	02:58:32.813		0.78130			4
2026.05.04	02:58:39.264		0.78131			4
2026.05.04	02:58:45.920		0.78132			4
2026.05.04	02:58:46.219	0.78124	0.78133			6
2026.05.04	02:58:46.820	0.78125				2
2026.05.04	02:58:47.420		0.78132			4
2026.05.04	02:58:53.191		0.78133			4
2026.05.04	02:58:53.491	0.78128	0.78135			6
2026.05.04	02:58:54.092		0.78136			4
2026.05.04	02:58:54.393	0.78129	0.78137			6
2026.05.04	02:59:00.302	0.78129				2
2026.05.04	02:59:00.602	0.78130				2
2026.05.04	02:59:04.110		0.78136			4
2026.05.04	02:59:04.410	0.78128	0.78135			6
2026.05.04	02:59:15.927		0.78136			4
2026.05.04	02:59:21.543		0.78133			4
2026.05.04	02:59:22.745	0.78127	0.78132			6
2026.05.04	02:59:25.590	0.78125	0.78130			6
2026.05.04	02:59:26.191	0.78124	0.78129			6
2026.05.04	02:59:26.545		0.78128			4
2026.05.04	02:59:26.845	0.78123	0.78127			6
2026.05.04	02:59:27.148		0.78128			4
2026.05.04	02:59:27.446	0.78124	0.78130			6
2026.05.04	02:59:38.289		0.78131			4
2026.05.04	02:59:38.589	0.78125				2
2026.05.04	02:59:41.109		0.78132			4
2026.05.04	02:59:52.303	0.78127	0.78133			6
2026.05.04	02:59:53.208		0.78132			4
2026.05.04	02:59:53.506	0.78126	0.78131			6
2026.05.04	02:59:53.806		0.78132			4
2026.05.04	02:59:54.106		0.78133			4
2026.05.04	02:59:56.428		0.78131			4
2026.05.04	02:59:57.579		0.78130			4
2026.05.04	02:59:57.884	0.78125				2
2026.05.04	02:59:58.184		0.78131			4
2026.05.04	03:00:00.174	0.78127	0.78132			6
2026.05.04	03:00:00.476	0.78129	0.78134			6
2026.05.04	03:00:01.078	0.78131	0.78137			6
2026.05.04	03:00:01.375	0.78132	0.78138			6
2026.05.04	03:00:01.676	0.78131	0.78136			6
2026.05.04	03:00:02.281	0.78132	0.78137			6
2026.05.04	03:00:02.578		0.78138			4
2026.05.04	03:00:03.177	0.78134	0.78139			6
2026.05.04	03:00:03.478	0.78133				2
2026.05.04	03:00:03.779	0.78134				2
2026.05.04	03:00:04.380	0.78135				2
2026.05.04	03:00:04.678	0.78134				2
2026.05.04	03:00:05.279		0.78140			4
2026.05.04	03:00:05.879	0.78135				2
2026.05.04	03:00:06.179	0.78134				2
2026.05.04	03:00:06.479	0.78133	0.78138			6
2026.05.04	03:00:06.779		0.78139			4
2026.05.04	03:00:07.079	0.78134				2
2026.05.04	03:00:09.770	0.78133				2
2026.05.04	03:00:10.672	0.78134				2
2026.05.04	03:00:13.066		0.78140			4
2026.05.04	03:00:14.578	0.78135				2
2026.05.04	03:00:14.878	0.78134				2
2026.05.04	03:00:16.990	0.78135				2
2026.05.04	03:00:17.290	0.78134				2
2026.05.04	03:00:17.591	0.78135				2
2026.05.04	03:00:18.191	0.78134				2
2026.05.04	03:00:18.491	0.78135				2
2026.05.04	03:00:18.792	0.78137	0.78142			6
2026.05.04	03:00:19.092	0.78138	0.78143			6
2026.05.04	03:00:19.694	0.78139	0.78144			6
2026.05.04	03:00:20.296	0.78142	0.78146			6
2026.05.04	03:00:20.595		0.78147			4
2026.05.04	03:00:20.895	0.78141	0.78144			6
2026.05.04	03:00:21.195	0.78138	0.78143			6
2026.05.04	03:00:21.495		0.78142			4
2026.05.04	03:00:21.795		0.78143			4
2026.05.04	03:00:22.698	0.78139	0.78144			6
2026.05.04	03:00:22.997	0.78138				2
2026.05.04	03:00:23.598	0.78139	0.78145			6
2026.05.04	03:00:24.498		0.78144			4
2026.05.04	03:00:24.806	0.78141	0.78146			6
2026.05.04	03:00:25.103		0.78145			4
2026.05.04	03:00:26.304	0.78140				2
2026.05.04	03:00:28.160		0.78144			4
2026.05.04	03:00:29.360		0.78145			4
2026.05.04	03:00:34.229	0.78141				2
2026.05.04	03:00:35.743		0.78144			4
2026.05.04	03:00:36.043	0.78138	0.78143			6
2026.05.04	03:00:36.347		0.78144			4
2026.05.04	03:00:36.948	0.78143	0.78148			6
2026.05.04	03:00:37.549	0.78142	0.78146			6
2026.05.04	03:00:37.847		0.78147			4
2026.05.04	03:00:38.447		0.78146			4
2026.05.04	03:00:40.657		0.78145			4
2026.05.04	03:00:40.957		0.78146			4
2026.05.04	03:00:42.158	0.78143	0.78148			6
2026.05.04	03:00:43.605		0.78147			4
2026.05.04	03:00:44.207		0.78148			4
2026.05.04	03:00:44.807		0.78147			4
2026.05.04	03:00:47.408	0.78138	0.78142			6
2026.05.04	03:00:48.610	0.78136	0.78140			6
2026.05.04	03:00:48.911	0.78131	0.78136			6
2026.05.04	03:00:49.209		0.78137			4
2026.05.04	03:00:49.811	0.78134	0.78139			6
2026.05.04	03:00:50.411	0.78135	0.78140			6
2026.05.04	03:00:50.715	0.78138	0.78142			6
2026.05.04	03:00:51.312		0.78143			4
2026.05.04	03:00:51.614		0.78142			4
2026.05.04	03:00:51.914		0.78143			4
2026.05.04	03:00:52.214		0.78142			4
2026.05.04	03:00:52.513		0.78143			4
2026.05.04	03:00:53.417		0.78142			4
2026.05.04	03:00:54.018		0.78143			4
2026.05.04	03:00:55.397		0.78142			4
2026.05.04	03:00:58.066		0.78143			4
2026.05.04	03:00:59.267		0.78142			4
2026.05.04	03:01:00.170	0.78138				2
2026.05.04	03:01:00.469	0.78137				2
2026.05.04	03:01:01.071	0.78135	0.78139			6
2026.05.04	03:01:01.371	0.78134				2
2026.05.04	03:01:01.972	0.78133	0.78138			6
2026.05.04	03:01:02.574		0.78139			4
2026.05.04	03:01:04.304	0.78134				2
2026.05.04	03:01:04.905	0.78136	0.78141			6
2026.05.04	03:01:05.641		0.78142			4
2026.05.04	03:01:05.942	0.78137	0.78141			6
2026.05.04	03:01:06.243	0.78135				2
2026.05.04	03:01:06.540	0.78136	0.78142			6
2026.05.04	03:01:10.440	0.78137				2
2026.05.04	03:01:14.129	0.78135	0.78141			6
2026.05.04	03:01:14.429	0.78136				2
2026.05.04	03:01:15.330	0.78135				2
2026.05.04	03:01:15.631	0.78133	0.78139			6
2026.05.04	03:01:15.932	0.78134				2
2026.05.04	03:01:17.732	0.78133				2
2026.05.04	03:01:27.120		0.78137			4
2026.05.04	03:01:27.723	0.78135	0.78139			6
2026.05.04	03:01:28.023	0.78133	0.78137			6
2026.05.04	03:01:28.326	0.78136	0.78140			6
2026.05.04	03:01:28.627	0.78133	0.78137			6
2026.05.04	03:01:28.926	0.78134	0.78139			6
2026.05.04	03:01:29.528	0.78135	0.78140			6
2026.05.04	03:01:30.129	0.78136	0.78142			6
2026.05.04	03:01:32.664		0.78141			4
2026.05.04	03:01:33.750	0.78134	0.78139			6
2026.05.04	03:01:34.681		0.78140			4
2026.05.04	03:01:35.839	0.78135				2
2026.05.04	03:01:38.871	0.78137	0.78143			6
2026.05.04	03:01:39.172		0.78142			4
2026.05.04	03:01:50.885	0.78136				2
2026.05.04	03:01:53.106	0.78137				2
2026.05.04	03:01:53.406	0.78136				2
2026.05.04	03:01:56.882	0.78138				2
2026.05.04	03:01:57.182	0.78137	0.78141			6
2026.05.04	03:02:00.048	0.78137				2
2026.05.04	03:02:00.350	0.78134	0.78139			6
2026.05.04	03:02:01.550	0.78133				2
2026.05.04	03:02:03.701	0.78135	0.78140			6
2026.05.04	03:02:06.676	0.78134				2
2026.05.04	03:02:07.278	0.78135				2
2026.05.04	03:02:08.362	0.78134				2
2026.05.04	03:02:11.656		0.78139			4
2026.05.04	03:02:12.258	0.78135	0.78140			6
2026.05.04	03:02:13.249	0.78133	0.78138			6
2026.05.04	03:02:13.548	0.78132				2
2026.05.04	03:02:13.848		0.78137			4
2026.05.04	03:02:14.149		0.78138			4
2026.05.04	03:02:14.448	0.78131	0.78135			6
2026.05.04	03:02:14.749		0.78136			4
2026.05.04	03:02:20.648	0.78130	0.78135			6
2026.05.04	03:02:21.248	0.78129				2
2026.05.04	03:02:21.549	0.78130	0.78136			6
2026.05.04	03:02:24.658		0.78135			4
2026.05.04	03:02:26.461		0.78136			4
2026.05.04	03:02:27.911		0.78135			4
2026.05.04	03:02:28.961		0.78136			4
2026.05.04	03:02:33.352		0.78134			4
2026.05.04	03:02:35.828	0.78129				2
2026.05.04	03:02:36.711	0.78130				2
2026.05.04	03:02:41.597	0.78129				2
2026.05.04	03:02:45.290		0.78135			4
2026.05.04	03:02:46.275	0.78126	0.78131			6
2026.05.04	03:02:46.577	0.78125	0.78129			6
2026.05.04	03:02:47.777		0.78130			4
2026.05.04	03:02:51.970	0.78127	0.78133			6
2026.05.04	03:02:52.270	0.78126	0.78132			6
2026.05.04	03:02:56.787	0.78127				2
2026.05.04	03:03:00.106	0.78127				2
2026.05.04	03:03:01.008	0.78129	0.78133			6
2026.05.04	03:03:04.457	0.78128				2
2026.05.04	03:03:07.162	0.78129				2
2026.05.04	03:03:07.463	0.78128				2
2026.05.04	03:03:10.970	0.78127				2
2026.05.04	03:03:14.813	0.78126	0.78132			6
2026.05.04	03:03:15.114	0.78127	0.78133			6
2026.05.04	03:03:15.414	0.78128				2
2026.05.04	03:03:16.401	0.78127				2
2026.05.04	03:03:17.391	0.78128				2
2026.05.04	03:03:19.873	0.78127				2
2026.05.04	03:03:21.506	0.78128				2
2026.05.04	03:03:24.311	0.78130				2
2026.05.04	03:03:24.612		0.78136			4
2026.05.04	03:03:27.257	0.78129	0.78135			6
2026.05.04	03:03:29.137	0.78130				2
2026.05.04	03:03:30.849	0.78129				2
2026.05.04	03:03:35.070	0.78130				2
2026.05.04	03:03:35.371		0.78136			4
2026.05.04	03:03:35.670	0.78131				2
2026.05.04	03:03:36.571	0.78132				2
2026.05.04	03:03:40.751		0.78137			4
2026.05.04	03:03:42.377	0.78133	0.78138			6
2026.05.04	03:03:45.426	0.78134	0.78139			6
2026.05.04	03:03:49.591	0.78133				2
2026.05.04	03:03:51.630	0.78136	0.78142			6
2026.05.04	03:03:52.944	0.78137				2
2026.05.04	03:03:53.545	0.78139	0.78144			6
2026.05.04	03:03:54.146	0.78138				2
2026.05.04	03:03:59.212	0.78139	0.78145			6
2026.05.04	03:04:00.292	0.78139				2
2026.05.04	03:04:00.592		0.78144			4
2026.05.04	03:04:01.194		0.78145			4
2026.05.04	03:04:04.548		0.78144			4
2026.05.04	03:04:05.450	0.78138				2
2026.05.04	03:04:06.608	0.78136	0.78142			6
2026.05.04	03:04:06.908	0.78137	0.78143			6
2026.05.04	03:04:09.906	0.78136	0.78142			6
2026.05.04	03:04:19.149	0.78135	0.78141			6
2026.05.04	03:04:23.745	0.78131	0.78137			6
2026.05.04	03:04:24.045	0.78129	0.78135			6
2026.05.04	03:04:24.646	0.78128	0.78134			6
2026.05.04	03:04:24.946	0.78129				2
2026.05.04	03:04:27.421		0.78135			4
2026.05.04	03:04:28.691	0.78128	0.78134			6
2026.05.04	03:04:29.292	0.78129				2
2026.05.04	03:04:29.591	0.78128				2
2026.05.04	03:04:29.891	0.78127	0.78133			6
2026.05.04	03:04:30.517	0.78128				2
2026.05.04	03:04:31.119	0.78127				2
2026.05.04	03:04:32.621	0.78126	0.78132			6
2026.05.04	03:04:32.921	0.78127	0.78133			6
2026.05.04	03:04:34.933	0.78126	0.78132			6
2026.05.04	03:04:36.579	0.78127				2
2026.05.04	03:04:42.729	0.78126				2
2026.05.04	03:04:45.150		0.78131			4
2026.05.04	03:04:47.711	0.78125	0.78129			6
2026.05.04	03:04:48.011	0.78124				2
2026.05.04	03:04:48.312	0.78123				2
2026.05.04	03:04:49.357	0.78119	0.78125			6
2026.05.04	03:04:49.657	0.78121	0.78127			6
2026.05.04	03:04:49.957		0.78126			4
2026.05.04	03:04:50.257	0.78122	0.78128			6
2026.05.04	03:04:55.347	0.78123				2
2026.05.04	03:04:55.647	0.78122				2
2026.05.04	03:04:58.707	0.78123				2
2026.05.04	03:04:59.846	0.78122				2
2026.05.04	03:05:00.147	0.78122				2
2026.05.04	03:05:00.447	0.78121	0.78127			6
2026.05.04	03:05:01.047	0.78122				2
2026.05.04	03:05:01.348	0.78121				2
2026.05.04	03:05:01.649	0.78122	0.78128			6
2026.05.04	03:05:02.250	0.78123				2
2026.05.04	03:05:05.376	0.78122				2
2026.05.04	03:05:05.676	0.78121	0.78127			6
2026.05.04	03:05:06.648	0.78122				2
2026.05.04	03:05:07.260		0.78128			4
2026.05.04	03:05:07.860	0.78123				2
2026.05.04	03:05:09.732		0.78129			4
2026.05.04	03:05:11.265		0.78128			4
2026.05.04	03:05:11.565		0.78129			4
2026.05.04	03:05:13.237	0.78122	0.78128			6
2026.05.04	03:05:14.732	0.78123	0.78129			6
2026.05.04	03:05:15.333		0.78128			4
2026.05.04	03:05:16.718		0.78129			4
2026.05.04	03:05:17.588		0.78128			4
2026.05.04	03:05:18.188		0.78129			4
2026.05.04	03:05:25.775		0.78128			4
2026.05.04	03:05:26.400		0.78129			4
2026.05.04	03:05:30.381	0.78124	0.78128			6
2026.05.04	03:05:30.681	0.78123				2
2026.05.04	03:05:31.281		0.78129			4
2026.05.04	03:05:32.500	0.78124	0.78130			6
2026.05.04	03:05:33.727	0.78126	0.78132			6
2026.05.04	03:05:34.025	0.78127	0.78133			6
2026.05.04	03:05:34.325		0.78132			4
2026.05.04	03:05:34.625		0.78133			4
2026.05.04	03:05:36.081		0.78132			4
2026.05.04	03:05:37.385		0.78133			4
2026.05.04	03:05:38.142		0.78132			4
2026.05.04	03:05:50.375	0.78125	0.78130			6
2026.05.04	03:05:50.999		0.78131			4
2026.05.04	03:05:51.298	0.78126				2
2026.05.04	03:05:52.099	0.78125				2
2026.05.04	03:05:52.703	0.78121	0.78127			6
2026.05.04	03:05:53.602	0.78122				2
2026.05.04	03:05:53.900		0.78128			4
2026.05.04	03:05:54.501		0.78127			4
2026.05.04	03:05:54.799		0.78128			4
2026.05.04	03:05:55.101	0.78123				2
2026.05.04	03:05:55.702	0.78124	0.78129			6
2026.05.04	03:05:57.565	0.78123				2
2026.05.04	03:05:58.560	0.78124				2
2026.05.04	03:06:00.333	0.78124				2
2026.05.04	03:06:01.534	0.78123				2
2026.05.04	03:06:01.833	0.78124				2
2026.05.04	03:06:02.134	0.78123				2
2026.05.04	03:06:02.433	0.78124				2
2026.05.04	03:06:04.127		0.78130			4
2026.05.04	03:06:06.948		0.78129			4
2026.05.04	03:06:07.249	0.78123				2
2026.05.04	03:06:10.446		0.78127			4
2026.05.04	03:06:11.597		0.78128			4
2026.05.04	03:06:12.870		0.78127			4
2026.05.04	03:06:13.170	0.78120	0.78126			6
2026.05.04	03:06:15.122	0.78121				2
2026.05.04	03:06:15.423		0.78127			4
2026.05.04	03:06:17.146	0.78122	0.78128			6
2026.05.04	03:06:17.447	0.78121	0.78127			6
2026.05.04	03:06:17.891	0.78122	0.78128			6
2026.05.04	03:06:18.191	0.78123	0.78129			6
2026.05.04	03:06:19.595	0.78122	0.78127			6
2026.05.04	03:06:19.894	0.78120	0.78126			6
2026.05.04	03:06:20.796	0.78119	0.78125			6
2026.05.04	03:06:21.697	0.78120	0.78126			6
2026.05.04	03:06:24.463	0.78119	0.78125			6
2026.05.04	03:06:25.068	0.78120				2
2026.05.04	03:06:26.268		0.78126			4
2026.05.04	03:06:37.361	0.78118	0.78123			6
2026.05.04	03:06:44.087		0.78124			4
2026.05.04	03:06:46.022		0.78123			4
2026.05.04	03:06:46.698		0.78122			4
2026.05.04	03:06:47.599		0.78121			4
2026.05.04	03:06:47.899		0.78123			4
2026.05.04	03:06:56.998	0.78115	0.78121			6
2026.05.04	03:06:57.299		0.78120			4
2026.05.04	03:06:58.051	0.78117	0.78122			6
2026.05.04	03:07:00.065	0.78117				2
2026.05.04	03:07:00.365	0.78116	0.78120			6
2026.05.04	03:07:00.667	0.78117	0.78121			6
2026.05.04	03:07:01.866		0.78122			4
2026.05.04	03:07:03.507	0.78115	0.78120			6
2026.05.04	03:07:03.805	0.78112	0.78116			6
2026.05.04	03:07:05.034		0.78117			4
2026.05.04	03:07:14.912	0.78110	0.78115			6
2026.05.04	03:07:16.119		0.78116			4
2026.05.04	03:07:16.720	0.78111				2
2026.05.04	03:07:23.599		0.78115			4
2026.05.04	03:07:24.200		0.78116			4
2026.05.04	03:07:25.161		0.78115			4
2026.05.04	03:07:25.462		0.78117			4
2026.05.04	03:07:26.125	0.78112				2
2026.05.04	03:07:27.025	0.78111				2
2026.05.04	03:07:27.324	0.78112	0.78118			6
2026.05.04	03:07:28.234		0.78117			4
2026.05.04	03:07:30.337	0.78111				2
2026.05.04	03:07:31.540	0.78112				2
2026.05.04	03:07:32.140		0.78118			4
2026.05.04	03:07:32.785		0.78117			4
2026.05.04	03:07:33.085		0.78118			4
2026.05.04	03:07:33.385	0.78113	0.78119			6
2026.05.04	03:07:36.575	0.78111	0.78117			6
2026.05.04	03:07:37.777	0.78112				2
2026.05.04	03:07:39.278	0.78111	0.78116			6
2026.05.04	03:07:43.192		0.78117			4
2026.05.04	03:07:44.374	0.78112				2
2026.05.04	03:07:44.976	0.78111				2
2026.05.04	03:07:45.275		0.78115			4
2026.05.04	03:07:45.575	0.78108	0.78114			6
2026.05.04	03:07:46.894	0.78106	0.78112			6
2026.05.04	03:07:49.093		0.78111			4
2026.05.04	03:07:54.044		0.78112			4
2026.05.04	03:07:57.327		0.78111			4
2026.05.04	03:07:57.627	0.78105				2
2026.05.04	03:07:58.420	0.78106	0.78112			6
2026.05.04	03:07:58.720		0.78111			4
2026.05.04	03:08:00.203	0.78106				2
2026.05.04	03:08:00.503		0.78112			4
2026.05.04	03:08:01.705	0.78107				2
2026.05.04	03:08:02.004	0.78106				2
2026.05.04	03:08:03.419	0.78107				2
2026.05.04	03:08:03.720	0.78108	0.78114			6
2026.05.04	03:08:04.020	0.78109				2
2026.05.04	03:08:07.310	0.78108				2
2026.05.04	03:08:07.611	0.78109				2
2026.05.04	03:08:08.148	0.78108				2
2026.05.04	03:08:09.050	0.78107	0.78112			6
2026.05.04	03:08:09.349		0.78111			4
2026.05.04	03:08:15.151		0.78112			4
2026.05.04	03:08:16.354		0.78113			4
2026.05.04	03:08:17.809	0.78108				2
2026.05.04	03:08:18.109		0.78114			4
2026.05.04	03:08:19.197	0.78109				2
2026.05.04	03:08:20.698		0.78115			4
2026.05.04	03:08:23.965		0.78114			4
2026.05.04	03:08:28.767		0.78115			4
2026.05.04	03:08:29.067		0.78114			4
2026.05.04	03:08:29.969	0.78112	0.78116			6
2026.05.04	03:08:39.419		0.78117			4
2026.05.04	03:08:39.718		0.78116			4
2026.05.04	03:08:47.474		0.78118			4
2026.05.04	03:08:49.071	0.78111	0.78117			6
2026.05.04	03:08:50.459	0.78106	0.78110			6
2026.05.04	03:08:50.760	0.78104	0.78109			6
2026.05.04	03:08:51.663	0.78106	0.78111			6
2026.05.04	03:08:52.262	0.78105	0.78110			6
2026.05.04	03:08:52.562	0.78100	0.78106			6
2026.05.04	03:08:53.464	0.78102	0.78108			6
2026.05.04	03:08:55.568	0.78104	0.78109			6
2026.05.04	03:08:55.868		0.78110			4
2026.05.04	03:08:57.906	0.78105				2
2026.05.04	03:09:00.006	0.78105				2
2026.05.04	03:09:01.221		0.78111			4
2026.05.04	03:09:02.474	0.78106				2
2026.05.04	03:09:03.074	0.78105				2
2026.05.04	03:09:03.375		0.78110			4
2026.05.04	03:09:05.275	0.78104	0.78109			6
2026.05.04	03:09:07.437	0.78102	0.78108			6
2026.05.04	03:09:09.556	0.78103	0.78109			6
2026.05.04	03:09:10.461		0.78108			4
2026.05.04	03:09:10.759	0.78102				2
2026.05.04	03:09:11.362	0.78101	0.78106			6
2026.05.04	03:09:13.165	0.78100	0.78105			6
2026.05.04	03:09:13.465	0.78101	0.78106			6
2026.05.04	03:09:14.806		0.78107			4
2026.05.04	03:09:15.106	0.78103				2
2026.05.04	03:09:16.607	0.78102				2
2026.05.04	03:09:17.208	0.78103				2
2026.05.04	03:09:25.046	0.78102				2
2026.05.04	03:09:34.726	0.78103				2
2026.05.04	03:09:36.013	0.78102				2
2026.05.04	03:09:41.167	0.78103				2
2026.05.04	03:09:41.468		0.78108			4
2026.05.04	03:09:41.768	0.78104	0.78109			6
2026.05.04	03:09:42.068	0.78103				2
2026.05.04	03:09:42.669		0.78108			4
2026.05.04	03:09:44.185		0.78109			4
2026.05.04	03:09:47.976		0.78108			4
2026.05.04	03:09:48.276	0.78102	0.78107			6
2026.05.04	03:09:49.176	0.78101				2
2026.05.04	03:09:49.477	0.78102				2
2026.05.04	03:09:55.272	0.78103				2
2026.05.04	03:09:55.569	0.78106	0.78110			6
2026.05.04	03:09:56.801		0.78111			4
2026.05.04	03:09:57.840	0.78105				2
2026.05.04	03:09:59.672	0.78107	0.78112			6
2026.05.04	03:10:00.272	0.78107				2
2026.05.04	03:10:00.570	0.78106				2
2026.05.04	03:10:01.472		0.78111			4
2026.05.04	03:10:01.773		0.78112			4
2026.05.04	03:10:02.074	0.78108	0.78113			6
2026.05.04	03:10:03.273		0.78112			4
2026.05.04	03:10:03.573	0.78107				2
2026.05.04	03:10:04.289	0.78106	0.78111			6
2026.05.04	03:10:04.590	0.78105	0.78110			6
2026.05.04	03:10:10.687	0.78104				2
2026.05.04	03:10:10.988	0.78105				2
2026.05.04	03:10:12.291		0.78111			4
2026.05.04	03:10:12.591		0.78110			4
2026.05.04	03:10:12.891		0.78111			4
2026.05.04	03:10:13.602		0.78110			4
2026.05.04	03:10:13.903		0.78111			4
2026.05.04	03:10:19.556		0.78110			4
2026.05.04	03:10:20.431		0.78111			4
2026.05.04	03:10:21.437		0.78110			4
2026.05.04	03:10:23.234		0.78111			4
2026.05.04	03:10:23.768		0.78110			4
2026.05.04	03:10:24.067		0.78111			4
2026.05.04	03:10:25.567		0.78110			4
2026.05.04	03:10:25.867		0.78111			4
2026.05.04	03:10:27.322		0.78110			4
2026.05.04	03:10:28.222		0.78111			4
2026.05.04	03:10:30.447	0.78106				2
2026.05.04	03:10:32.517	0.78105				2
2026.05.04	03:10:32.816	0.78106				2
2026.05.04	03:10:33.117	0.78104	0.78110			6
2026.05.04	03:10:34.317	0.78105				2
2026.05.04	03:10:37.548		0.78111			4
2026.05.04	03:10:38.149	0.78108	0.78113			6
2026.05.04	03:10:39.051	0.78107				2
2026.05.04	03:10:39.353	0.78108				2
2026.05.04	03:10:39.653	0.78107				2
2026.05.04	03:10:39.954	0.78108				2
2026.05.04	03:10:41.155	0.78107				2
2026.05.04	03:10:41.455	0.78106	0.78111			6
2026.05.04	03:10:42.957		0.78112			4
2026.05.04	03:10:43.858		0.78111			4
2026.05.04	03:10:45.657		0.78112			4
2026.05.04	03:10:45.957	0.78108	0.78113			6
2026.05.04	03:10:46.558	0.78109				2
2026.05.04	03:10:46.857	0.78108				2
2026.05.04	03:10:47.459	0.78107	0.78112			6
2026.05.04	03:10:49.096	0.78108	0.78114			6
2026.05.04	03:10:49.395	0.78111	0.78116			6
2026.05.04	03:10:49.695	0.78110				2
2026.05.04	03:10:50.897	0.78111				2
2026.05.04	03:10:51.197	0.78110				2
2026.05.04	03:10:51.497		0.78115			4
2026.05.04	03:10:53.674		0.78116			4
2026.05.04	03:10:53.975	0.78111				2
2026.05.04	03:10:54.274	0.78110				2
2026.05.04	03:10:58.680	0.78109	0.78114			6
2026.05.04	03:11:00.031	0.78109				2
2026.05.04	03:11:00.331		0.78115			4
2026.05.04	03:11:01.687	0.78111	0.78116			6
2026.05.04	03:11:01.987	0.78110				2
2026.05.04	03:11:02.287		0.78115			4
2026.05.04	03:11:04.864	0.78109	0.78114			6
2026.05.04	03:11:06.673	0.78110	0.78116			6
2026.05.04	03:11:06.975	0.78111	0.78117			6
2026.05.04	03:11:09.419		0.78116			4
2026.05.04	03:11:10.624		0.78117			4
2026.05.04	03:11:11.811		0.78116			4
2026.05.04	03:11:12.454	0.78110				2
2026.05.04	03:11:13.355	0.78111				2
2026.05.04	03:11:15.532		0.78117			4
2026.05.04	03:11:15.832	0.78112				2
2026.05.04	03:11:18.710		0.78118			4
2026.05.04	03:11:21.922		0.78117			4
2026.05.04	03:11:22.823		0.78118			4
2026.05.04	03:11:23.122		0.78117			4
2026.05.04	03:11:24.931	0.78111				2
2026.05.04	03:11:30.977		0.78116			4
2026.05.04	03:11:31.276	0.78112	0.78117			6
2026.05.04	03:11:32.527	0.78113	0.78118			6
2026.05.04	03:11:32.827	0.78112				2
2026.05.04	03:11:33.127	0.78111	0.78117			6
2026.05.04	03:11:33.727		0.78116			4
2026.05.04	03:11:34.827	0.78110	0.78115			6
2026.05.04	03:11:35.127		0.78116			4
2026.05.04	03:11:35.428	0.78111				2
2026.05.04	03:11:36.030		0.78117			4
2026.05.04	03:11:36.328	0.78114	0.78119			6
2026.05.04	03:11:37.231	0.78113	0.78118			6
2026.05.04	03:11:37.531		0.78117			4
2026.05.04	03:11:39.855	0.78112	0.78118			6
2026.05.04	03:11:40.156	0.78111	0.78116			6
2026.05.04	03:11:40.457		0.78117			4
2026.05.04	03:11:41.068	0.78112	0.78116			6
2026.05.04	03:11:42.208	0.78111	0.78117			6
2026.05.04	03:11:43.078		0.78116			4
2026.05.04	03:11:46.273		0.78117			4
2026.05.04	03:11:47.174	0.78112				2
2026.05.04	03:11:48.515	0.78114	0.78119			6
2026.05.04	03:11:48.814	0.78115	0.78120			6
2026.05.04	03:11:49.416	0.78113	0.78119			6
2026.05.04	03:11:50.017	0.78114				2
2026.05.04	03:11:50.918	0.78113				2
2026.05.04	03:11:53.656	0.78112	0.78118			6
2026.05.04	03:11:55.059	0.78114	0.78119			6
2026.05.04	03:11:55.659	0.78113	0.78118			6
2026.05.04	03:11:58.152	0.78114	0.78120			6
2026.05.04	03:11:58.454	0.78115				2
2026.05.04	03:11:58.754	0.78114				2
2026.05.04	03:11:59.056		0.78118			4
2026.05.04	03:11:59.659		0.78120			4
2026.05.04	03:11:59.959		0.78118			4
2026.05.04	03:12:00.260	0.78114	0.78119			6
2026.05.04	03:12:00.560	0.78115	0.78120			6
2026.05.04	03:12:01.749	0.78116	0.78121			6
2026.05.04	03:12:02.650	0.78119	0.78123			6
2026.05.04	03:12:02.950	0.78118				2
2026.05.04	03:12:04.754	0.78117	0.78122			6
2026.05.04	03:12:05.355	0.78118	0.78123			6
2026.05.04	03:12:05.655	0.78117	0.78122			6
2026.05.04	03:12:06.858	0.78115	0.78120			6
2026.05.04	03:12:07.203		0.78121			4
2026.05.04	03:12:07.503		0.78120			4
2026.05.04	03:12:07.804	0.78116	0.78121			6
2026.05.04	03:12:11.834	0.78117	0.78122			6
2026.05.04	03:12:12.736	0.78118	0.78123			6
2026.05.04	03:12:13.036	0.78117	0.78122			6
2026.05.04	03:12:13.337		0.78123			4
2026.05.04	03:12:13.638		0.78122			4
2026.05.04	03:12:15.861	0.78118	0.78123			6
2026.05.04	03:12:17.569	0.78117				2
2026.05.04	03:12:20.348		0.78122			4
2026.05.04	03:12:20.647		0.78123			4
2026.05.04	03:12:21.602	0.78118				2
2026.05.04	03:12:21.903	0.78117				2
2026.05.04	03:12:24.485	0.78118	0.78124			6
2026.05.04	03:12:24.785		0.78123			4
2026.05.04	03:12:26.649		0.78124			4
2026.05.04	03:12:29.369	0.78121	0.78126			6
2026.05.04	03:12:29.670	0.78122				2
2026.05.04	03:12:30.559		0.78127			4
2026.05.04	03:12:30.857	0.78121				2
2026.05.04	03:12:31.304	0.78122				2
2026.05.04	03:12:31.604	0.78121	0.78126			6
2026.05.04	03:12:32.771		0.78127			4
2026.05.04	03:12:33.072		0.78126			4
2026.05.04	03:12:33.672		0.78127			4
2026.05.04	03:12:33.973		0.78126			4
2026.05.04	03:12:35.037		0.78127			4
2026.05.04	03:12:36.667		0.78126			4
2026.05.04	03:12:37.568		0.78127			4
2026.05.04	03:12:38.468		0.78126			4
2026.05.04	03:12:39.081		0.78127			4
2026.05.04	03:12:40.363	0.78122	0.78128			6
2026.05.04	03:12:40.965	0.78124	0.78129			6
2026.05.04	03:12:41.563	0.78125	0.78130			6
2026.05.04	03:12:42.163	0.78124				2
2026.05.04	03:12:42.464	0.78125				2
2026.05.04	03:12:43.064	0.78126				2
2026.05.04	03:12:43.752	0.78125				2
2026.05.04	03:12:49.076		0.78131			4
2026.05.04	03:12:49.377	0.78126				2
2026.05.04	03:12:49.676	0.78125				2
2026.05.04	03:12:51.268	0.78126				2
2026.05.04	03:12:53.832	0.78129	0.78134			6
2026.05.04	03:12:54.131	0.78130				2
2026.05.04	03:12:54.869	0.78129				2
2026.05.04	03:12:56.847	0.78130	0.78135			6
2026.05.04	03:12:59.472	0.78129				2
2026.05.04	03:12:59.772		0.78134			4
2026.05.04	03:13:00.072	0.78128	0.78133			6
2026.05.04	03:13:00.671		0.78134			4
2026.05.04	03:13:01.572		0.78133			4
2026.05.04	03:13:03.072	0.78127	0.78132			6
2026.05.04	03:13:09.247	0.78126				2
2026.05.04	03:13:10.078	0.78127				2
2026.05.04	03:13:10.841	0.78126				2
2026.05.04	03:13:12.847	0.78127				2
2026.05.04	03:13:13.148	0.78126	0.78131			6
2026.05.04	03:13:13.748	0.78124	0.78130			6
2026.05.04	03:13:14.049		0.78129			4
2026.05.04	03:13:14.649		0.78130			4
