<DATE>	<TIME>	<BID>	<ASK>	<LAST>	<VOLUME>	<FLAGS>
2026.01.23	00:03:30.867	0.78852	0.79067			6
2026.01.23	00:04:00.795	0.78852				2
2026.01.23	00:04:02.264		0.79071			4
2026.01.23	00:04:48.334	0.78861				2
2026.01.23	00:04:57.268	0.78862	0.79075			6
2026.01.23	00:05:00.517	0.78879	0.79083			6
2026.01.23	00:05:01.201	0.78865	0.79061			6
2026.01.23	00:05:37.842	0.78879	0.79036			6
2026.01.23	00:06:01.357	0.78879				2
2026.01.23	00:06:38.344		0.79036			4
2026.01.23	00:07:00.347	0.78879				2
2026.01.23	00:07:06.424		0.79022			4
2026.01.23	00:07:27.777	0.78878				2
2026.01.23	00:08:00.022	0.78878				2
2026.01.23	00:08:07.071		0.79022			4
2026.01.23	00:08:51.883		0.79015			4
2026.01.23	00:09:00.469	0.78878				2
2026.01.23	00:09:47.560	0.78881				2
2026.01.23	00:09:52.642		0.79015			4
2026.01.23	00:10:00.378	0.78881				2
2026.01.23	00:10:07.491		0.79014			4
2026.01.23	00:10:07.814		0.79018			4
2026.01.23	00:10:08.930		0.79013			4
2026.01.23	00:10:11.801	0.78966	0.79117			6
2026.01.23	00:10:12.122	0.78979				2
2026.01.23	00:10:12.449	0.78980	0.79118			6
2026.01.23	00:10:13.077	0.78985	0.79117			6
2026.01.23	00:10:14.956	0.78984	0.79116			6
2026.01.23	00:10:19.950	0.78968	0.79100			6
2026.01.23	00:10:20.281	0.78962	0.79098			6
2026.01.23	00:10:30.590	0.78966	0.79097			6
2026.01.23	00:10:40.624	0.78930	0.79083			6
2026.01.23	00:10:40.927	0.78931	0.79084			6
2026.01.23	00:10:44.713	0.78941	0.79073			6
2026.01.23	00:10:45.341	0.78942	0.79074			6
2026.01.23	00:11:00.046	0.78942				2
2026.01.23	00:11:05.366	0.78881	0.79011			6
2026.01.23	00:11:06.833	0.78882				2
2026.01.23	00:11:09.599	0.78942	0.79074			6
2026.01.23	00:11:10.539	0.78882	0.79011			6
2026.01.23	00:11:22.078	0.78942	0.79074			6
2026.01.23	00:11:22.985	0.78882	0.79011			6
2026.01.23	00:11:28.453	0.78942	0.79074			6
2026.01.23	00:11:29.381	0.78882	0.79011			6
2026.01.23	00:11:34.724	0.78942	0.79074			6
2026.01.23	00:11:35.682	0.78882	0.79011			6
2026.01.23	00:11:44.820		0.79000			4
2026.01.23	00:11:45.327		0.79001			4
2026.01.23	00:12:01.225	0.78882				2
2026.01.23	00:12:02.645		0.79014			4
2026.01.23	00:12:03.527		0.78991			4
2026.01.23	00:12:03.943		0.78998			4
2026.01.23	00:12:19.594		0.79003			4
2026.01.23	00:12:23.527	0.78883	0.78999			6
2026.01.23	00:12:29.890	0.78882				2
2026.01.23	00:12:31.465	0.78883	0.79002			6
2026.01.23	00:12:34.825	0.78884				2
2026.01.23	00:12:35.139	0.78882				2
2026.01.23	00:12:38.527		0.79006			4
2026.01.23	00:12:46.343	0.78883	0.79008			6
2026.01.23	00:12:48.507	0.78882				2
2026.01.23	00:13:00.183	0.78884				2
2026.01.23	00:13:02.769		0.79009			4
2026.01.23	00:13:03.648	0.78885				2
2026.01.23	00:13:14.822		0.78993			4
2026.01.23	00:13:20.124	0.78886				2
2026.01.23	00:13:35.725	0.78887				2
2026.01.23	00:13:43.609	0.78888				2
2026.01.23	00:14:01.524	0.78889				2
2026.01.23	00:14:06.724		0.79003			4
2026.01.23	00:14:11.125	0.78890				2
2026.01.23	00:14:12.767		0.79004			4
2026.01.23	00:14:15.042		0.79009			4
2026.01.23	00:14:23.902	0.78888	0.79002			6
2026.01.23	00:14:32.675	0.78889				2
2026.01.23	00:14:38.632		0.79011			4
2026.01.23	00:14:42.330	0.78891				2
2026.01.23	00:14:44.652	0.78883				2
2026.01.23	00:14:58.828	0.78890				2
2026.01.23	00:15:00.379	0.78888	0.79012			6
2026.01.23	00:15:03.917	0.78891	0.79008			6
2026.01.23	00:15:04.492	0.78888				2
2026.01.23	00:15:07.996		0.78998			4
2026.01.23	00:15:11.678	0.78887	0.79003			6
2026.01.23	00:15:12.652		0.79000			4
2026.01.23	00:15:41.271	0.78888				2
2026.01.23	00:15:52.124		0.78995			4
2026.01.23	00:15:52.530	0.78886	0.79000			6
2026.01.23	00:15:53.041		0.78997			4
2026.01.23	00:15:53.530		0.79000			4
2026.01.23	00:15:54.033		0.78996			4
2026.01.23	00:15:54.531		0.79000			4
2026.01.23	00:15:54.976		0.78997			4
2026.01.23	00:16:00.152	0.78886	0.78994			6
2026.01.23	00:16:06.610	0.78878	0.79001			6
2026.01.23	00:16:07.110		0.78989			4
2026.01.23	00:16:07.611		0.79002			4
2026.01.23	00:16:08.430	0.78886				2
2026.01.23	00:16:15.504	0.78884	0.79003			6
2026.01.23	00:16:18.713		0.78999			4
2026.01.23	00:17:01.360	0.78884				2
2026.01.23	00:17:18.915	0.78885	0.78999			6
2026.01.23	00:17:20.283	0.78879				2
2026.01.23	00:17:35.820	0.78878				2
2026.01.23	00:17:46.127	0.78879				2
2026.01.23	00:18:11.356	0.78879				2
2026.01.23	00:18:19.080		0.79004			4
2026.01.23	00:18:19.922		0.79003			4
2026.01.23	00:18:30.499	0.78877				2
2026.01.23	00:18:44.992	0.78878				2
2026.01.23	00:19:00.477	0.78878				2
2026.01.23	00:19:22.965	0.78877	0.79003			6
2026.01.23	00:19:54.971	0.78875	0.78997			6
2026.01.23	00:20:09.409	0.78878				2
2026.01.23	00:20:56.356		0.78997			4
2026.01.23	00:21:04.410	0.78878				2
2026.01.23	00:21:56.479		0.78997			4
2026.01.23	00:21:57.335		0.78989			4
2026.01.23	00:22:09.876	0.78878				2
2026.01.23	00:22:35.902		0.78985			4
2026.01.23	00:22:38.317		0.78977			4
2026.01.23	00:22:44.152		0.78965			4
2026.01.23	00:22:55.608		0.78960			4
2026.01.23	00:23:00.116	0.78878	0.78954			6
2026.01.23	00:24:00.118	0.78878	0.78954			6
2026.01.23	00:24:38.728	0.78879				2
2026.01.23	00:24:47.676	0.78880				2
2026.01.23	00:25:00.477	0.78880	0.78954			6
2026.01.23	00:25:04.411	0.78882				2
2026.01.23	00:25:09.027	0.78883				2
2026.01.23	00:25:15.083		0.78953			4
2026.01.23	00:25:47.677	0.78884				2
2026.01.23	00:26:03.487	0.78885	0.78955			6
2026.01.23	00:26:03.851	0.78883	0.78969			6
2026.01.23	00:26:09.326	0.78882				2
2026.01.23	00:26:10.984		0.78953			4
2026.01.23	00:26:19.418	0.78883				2
2026.01.23	00:27:00.125	0.78883				2
2026.01.23	00:27:11.809		0.78953			4
2026.01.23	00:27:19.393	0.78884				2
2026.01.23	00:27:30.548	0.78886				2
2026.01.23	00:27:31.089	0.78885				2
2026.01.23	00:27:39.889	0.78886				2
2026.01.23	00:27:42.348	0.78893	0.78951			6
2026.01.23	00:27:43.374	0.78885	0.78953			6
2026.01.23	00:27:43.726	0.78886				2
2026.01.23	00:28:02.186	0.78886				2
2026.01.23	00:28:44.125		0.78953			4
2026.01.23	00:28:56.125	0.78887				2
2026.01.23	00:29:00.625	0.78887				2
2026.01.23	00:29:23.161	0.78888				2
2026.01.23	00:29:25.036	0.78889				2
2026.01.23	00:29:25.525	0.78888				2
2026.01.23	00:29:30.809	0.78887				2
2026.01.23	00:29:32.319	0.78888				2
2026.01.23	00:29:42.625	0.78889				2
2026.01.23	00:29:43.475	0.78888				2
2026.01.23	00:29:47.125		0.78953			4
2026.01.23	00:30:00.307	0.78894	0.78983			6
2026.01.23	00:30:00.666	0.78893				2
2026.01.23	00:30:01.127	0.78894				2
2026.01.23	00:30:01.931	0.78897				2
2026.01.23	00:30:02.352	0.78898				2
2026.01.23	00:30:04.818	0.78897	0.78971			6
2026.01.23	00:30:05.135	0.78898	0.78969			6
2026.01.23	00:30:15.534	0.78899				2
2026.01.23	00:30:20.133	0.78900	0.78972			6
2026.01.23	00:30:28.105	0.78899				2
2026.01.23	00:30:28.604	0.78901				2
2026.01.23	00:30:33.025	0.78902				2
2026.01.23	00:30:35.132	0.78900	0.78964			6
2026.01.23	00:30:43.376		0.78965			4
2026.01.23	00:30:46.224	0.78901				2
2026.01.23	00:30:48.928	0.78900				2
2026.01.23	00:30:50.135		0.78977			4
2026.01.23	00:30:50.445	0.78899	0.78961			6
2026.01.23	00:31:00.364	0.78899				2
2026.01.23	00:31:00.927	0.78900				2
2026.01.23	00:31:04.066	0.78901				2
2026.01.23	00:31:15.533	0.78902				2
2026.01.23	00:31:22.526	0.78901				2
2026.01.23	00:31:22.850	0.78904				2
2026.01.23	00:31:24.925	0.78905				2
2026.01.23	00:31:30.390	0.78904				2
2026.01.23	00:31:36.009		0.78962			4
2026.01.23	00:31:39.774		0.78961			4
2026.01.23	00:31:50.137	0.78905				2
2026.01.23	00:31:52.350	0.78903				2
2026.01.23	00:31:52.793	0.78904				2
2026.01.23	00:31:53.356	0.78905				2
2026.01.23	00:32:00.326	0.78905				2
2026.01.23	00:32:06.574	0.78903	0.78960			6
2026.01.23	00:32:06.996	0.78902	0.78963			6
2026.01.23	00:32:07.445	0.78904				2
2026.01.23	00:32:07.873	0.78903				2
2026.01.23	00:32:08.712	0.78902	0.78975			6
2026.01.23	00:32:09.790	0.78903				2
2026.01.23	00:32:10.293	0.78904				2
2026.01.23	00:32:14.764		0.78963			4
2026.01.23	00:32:15.532	0.78905				2
2026.01.23	00:32:21.005	0.78904				2
2026.01.23	00:32:21.625	0.78905				2
2026.01.23	00:32:22.001		0.78960			4
2026.01.23	00:32:43.526	0.78906				2
2026.01.23	00:32:45.532	0.78905				2
2026.01.23	00:32:55.828	0.78906				2
2026.01.23	00:33:00.325	0.78906				2
2026.01.23	00:33:08.794	0.78907	0.78968			6
2026.01.23	00:33:09.104		0.78959			4
2026.01.23	00:33:09.925	0.78906				2
2026.01.23	00:33:15.328	0.78907				2
2026.01.23	00:33:20.720		0.78960			4
2026.01.23	00:33:30.475		0.78959			4
2026.01.23	00:33:34.826	0.78908				2
2026.01.23	00:33:44.820	0.78907				2
2026.01.23	00:33:45.313	0.78904	0.78960			6
2026.01.23	00:33:51.561	0.78903				2
2026.01.23	00:33:57.328	0.78904				2
2026.01.23	00:34:00.025	0.78904				2
2026.01.23	00:34:04.226	0.78905				2
2026.01.23	00:34:06.065	0.78904				2
2026.01.23	00:34:07.670	0.78903	0.78962			6
2026.01.23	00:34:09.124		0.78971			4
2026.01.23	00:34:12.386	0.78904				2
2026.01.23	00:34:12.928	0.78903				2
2026.01.23	00:34:17.005		0.78962			4
2026.01.23	00:34:21.059	0.78902				2
2026.01.23	00:34:22.117	0.78903				2
2026.01.23	00:34:22.616	0.78902				2
2026.01.23	00:34:29.296	0.78907				2
2026.01.23	00:34:32.040	0.78908				2
2026.01.23	00:34:33.927	0.78909				2
2026.01.23	00:34:44.329	0.78906				2
2026.01.23	00:34:44.637	0.78905				2
2026.01.23	00:34:45.325	0.78906				2
2026.01.23	00:34:52.001	0.78907	0.78966			6
2026.01.23	00:34:59.068		0.78967			4
2026.01.23	00:34:59.646	0.78906				2
2026.01.23	00:35:00.312	0.78906				2
2026.01.23	00:35:06.925	0.78905	0.78963			6
2026.01.23	00:35:14.725	0.78906				2
2026.01.23	00:35:17.125	0.78911	0.78962			6
2026.01.23	00:35:17.726	0.78910	0.78961			6
2026.01.23	00:35:18.098	0.78911				2
2026.01.23	00:35:18.451	0.78912				2
2026.01.23	00:35:21.026	0.78911				2
2026.01.23	00:35:26.402	0.78912				2
2026.01.23	00:35:30.325	0.78911				2
2026.01.23	00:35:35.683	0.78912				2
2026.01.23	00:35:36.253	0.78911				2
2026.01.23	00:35:36.926	0.78912				2
2026.01.23	00:35:41.148	0.78911				2
2026.01.23	00:35:42.054	0.78912				2
2026.01.23	00:35:43.999	0.78911				2
2026.01.23	00:35:49.455	0.78912				2
2026.01.23	00:36:00.072	0.78912				2
2026.01.23	00:36:03.027	0.78913				2
2026.01.23	00:36:19.225		0.78961			4
2026.01.23	00:36:20.424	0.78912				2
2026.01.23	00:36:25.526	0.78911				2
2026.01.23	00:36:27.736	0.78912				2
2026.01.23	00:36:33.924	0.78910				2
2026.01.23	00:36:35.001	0.78909				2
2026.01.23	00:36:37.357	0.78910				2
2026.01.23	00:36:52.172	0.78902				2
2026.01.23	00:36:56.128	0.78901				2
2026.01.23	00:37:00.325	0.78901				2
2026.01.23	00:37:11.726		0.78958			4
2026.01.23	00:37:14.818		0.78960			4
2026.01.23	00:37:15.925	0.78900				2
2026.01.23	00:37:17.124	0.78901				2
2026.01.23	00:37:20.085		0.78957			4
2026.01.23	00:37:21.753	0.78902	0.78955			6
2026.01.23	00:37:25.159		0.78952			4
2026.01.23	00:37:31.207		0.78955			4
2026.01.23	00:37:39.927		0.78954			4
2026.01.23	00:37:44.489		0.78957			4
2026.01.23	00:38:00.314	0.78902				2
2026.01.23	00:38:11.027	0.78906	0.78956			6
2026.01.23	00:38:16.069	0.78903	0.78961			6
2026.01.23	00:38:16.824	0.78902				2
2026.01.23	00:38:21.354		0.78958			4
2026.01.23	00:38:32.292	0.78903				2
2026.01.23	00:38:32.720	0.78902	0.78957			6
2026.01.23	00:38:33.085	0.78904	0.78959			6
2026.01.23	00:38:34.225	0.78905				2
2026.01.23	00:38:35.150		0.78957			4
2026.01.23	00:38:36.424		0.78958			4
2026.01.23	00:38:37.352	0.78906	0.78960			6
2026.01.23	00:38:37.824	0.78905	0.78963			6
2026.01.23	00:38:38.460	0.78906				2
2026.01.23	00:38:41.240		0.78962			4
2026.01.23	00:38:53.126	0.78907				2
2026.01.23	00:38:54.325	0.78906				2
2026.01.23	00:38:56.440		0.78963			4
2026.01.23	00:38:59.763	0.78905	0.78962			6
2026.01.23	00:39:00.263	0.78905				2
2026.01.23	00:39:01.329		0.78960			4
2026.01.23	00:39:02.796	0.78903				2
2026.01.23	00:39:03.290		0.78957			4
2026.01.23	00:39:05.000	0.78902				2
2026.01.23	00:39:08.721		0.78956			4
2026.01.23	00:39:09.219	0.78901				2
2026.01.23	00:39:10.225	0.78902				2
2026.01.23	00:39:29.337		0.78960			4
2026.01.23	00:39:42.288	0.78903				2
2026.01.23	00:39:48.917	0.78904				2
2026.01.23	00:39:49.497	0.78903				2
2026.01.23	00:39:49.825	0.78904				2
2026.01.23	00:39:58.621	0.78907	0.78961			6
2026.01.23	00:39:59.125	0.78904	0.78962			6
2026.01.23	00:39:59.621	0.78906				2
2026.01.23	00:40:00.126	0.78905	0.78964			6
2026.01.23	00:40:00.476		0.78959			4
2026.01.23	00:40:01.227	0.78906				2
2026.01.23	00:40:03.354	0.78910	0.78966			6
2026.01.23	00:40:04.526	0.78909				2
2026.01.23	00:40:04.851	0.78918				2
2026.01.23	00:40:06.327	0.78907				2
2026.01.23	00:40:06.925	0.78910				2
2026.01.23	00:40:07.391	0.78908				2
2026.01.23	00:40:13.526	0.78909				2
2026.01.23	00:40:19.825	0.78908				2
2026.01.23	00:40:21.525	0.78909				2
2026.01.23	00:40:21.977	0.78908				2
2026.01.23	00:40:22.483	0.78907				2
2026.01.23	00:40:24.884	0.78905	0.78967			6
2026.01.23	00:40:29.492		0.78964			4
2026.01.23	00:40:34.825	0.78906				2
2026.01.23	00:40:38.424	0.78905				2
2026.01.23	00:40:39.698		0.78963			4
2026.01.23	00:40:42.027	0.78906				2
2026.01.23	00:41:01.226	0.78906				2
2026.01.23	00:41:02.727		0.78964			4
2026.01.23	00:42:00.924	0.78906				2
2026.01.23	00:42:04.825	0.78907	0.78964			6
2026.01.23	00:42:12.326	0.78906				2
2026.01.23	00:42:26.427	0.78907				2
2026.01.23	00:43:01.525	0.78907				2
2026.01.23	00:43:09.875		0.78964			4
2026.01.23	00:43:14.388		0.78965			4
2026.01.23	00:43:16.146		0.78964			4
2026.01.23	00:43:29.867	0.78906				2
2026.01.23	00:44:00.315	0.78906				2
2026.01.23	00:44:12.670		0.78963			4
2026.01.23	00:44:14.275	0.78905				2
2026.01.23	00:44:34.519		0.78964			4
2026.01.23	00:44:36.876	0.78904				2
2026.01.23	00:44:43.056	0.78909	0.78963			6
2026.01.23	00:44:43.525	0.78907				2
2026.01.23	00:44:47.821	0.78905				2
2026.01.23	00:44:48.202	0.78906				2
2026.01.23	00:44:49.827	0.78909				2
2026.01.23	00:44:58.062	0.78910				2
2026.01.23	00:45:00.499	0.78910				2
2026.01.23	00:45:03.307	0.78914	0.79034			6
2026.01.23	00:45:03.618		0.79033			4
2026.01.23	00:45:03.925	0.78911	0.79035			6
2026.01.23	00:45:04.243	0.78912				2
2026.01.23	00:45:04.547	0.78910				2
2026.01.23	00:45:06.752	0.78904	0.78961			6
2026.01.23	00:45:07.060	0.78903				2
2026.01.23	00:45:13.918	0.78910	0.78954			6
2026.01.23	00:45:14.756		0.78957			4
2026.01.23	00:46:05.674	0.78910				2
2026.01.23	00:46:09.025	0.78909				2
2026.01.23	00:46:11.820	0.78910				2
2026.01.23	00:46:17.376	0.78912	0.78957			6
2026.01.23	00:46:18.628		0.78956			4
2026.01.23	00:46:18.941	0.78914				2
2026.01.23	00:46:20.460		0.78955			4
2026.01.23	00:46:20.895	0.78922				2
2026.01.23	00:46:21.357	0.78914	0.78957			6
2026.01.23	00:46:21.885		0.78956			4
2026.01.23	00:46:29.492	0.78910	0.78967			6
2026.01.23	00:46:29.883		0.78966			4
2026.01.23	00:46:30.971		0.78965			4
2026.01.23	00:46:36.453		0.78964			4
2026.01.23	00:46:37.227	0.78911				2
2026.01.23	00:46:39.633	0.78913	0.78957			6
2026.01.23	00:46:44.128	0.78914				2
2026.01.23	00:46:46.161		0.78956			4
2026.01.23	00:46:50.741		0.78957			4
2026.01.23	00:46:51.059	0.78913				2
2026.01.23	00:46:51.678	0.78912				2
2026.01.23	00:46:56.128	0.78913				2
2026.01.23	00:47:01.364	0.78913				2
2026.01.23	00:47:03.259	0.78923	0.79027			6
2026.01.23	00:47:06.706	0.78912	0.78957			6
2026.01.23	00:47:09.028	0.78913				2
2026.01.23	00:47:19.525	0.78912				2
2026.01.23	00:47:21.676	0.78913				2
2026.01.23	00:47:29.498		0.78959			4
2026.01.23	00:47:36.589		0.78957			4
2026.01.23	00:47:53.125	0.78912				2
2026.01.23	00:47:54.053	0.78909				2
2026.01.23	00:47:58.895	0.78890	0.78973			6
2026.01.23	00:48:00.927	0.78890				2
2026.01.23	00:48:01.688		0.78975			4
2026.01.23	00:48:01.998	0.78888				2
2026.01.23	00:48:02.383	0.78886				2
2026.01.23	00:48:03.302	0.78895				2
2026.01.23	00:48:06.036	0.78901	0.78964			6
2026.01.23	00:48:06.678		0.78962			4
2026.01.23	00:48:09.025		0.78961			4
2026.01.23	00:48:11.119	0.78896	0.78962			6
2026.01.23	00:48:11.425	0.78897				2
2026.01.23	00:48:13.227	0.78899				2
2026.01.23	00:48:13.933	0.78904	0.78975			6
2026.01.23	00:48:16.528	0.78891				2
2026.01.23	00:48:17.890	0.78899				2
2026.01.23	00:48:20.281	0.78898				2
2026.01.23	00:48:21.024	0.78900				2
2026.01.23	00:48:21.386	0.78895				2
2026.01.23	00:48:26.941	0.78896				2
2026.01.23	00:48:36.388	0.78899				2
2026.01.23	00:48:36.701	0.78898				2
2026.01.23	00:48:37.184	0.78897				2
2026.01.23	00:48:43.059	0.78900				2
2026.01.23	00:48:51.061	0.78899				2
2026.01.23	00:48:56.690		0.78970			4
2026.01.23	00:49:03.508	0.78898				2
2026.01.23	00:49:06.060	0.78897				2
2026.01.23	00:49:11.664	0.78891				2
2026.01.23	00:49:17.206	0.78892				2
2026.01.23	00:49:21.066	0.78894				2
2026.01.23	00:49:22.219	0.78887				2
2026.01.23	00:49:26.850	0.78891				2
2026.01.23	00:49:30.327	0.78892				2
2026.01.23	00:49:31.542	0.78894				2
2026.01.23	00:49:32.769	0.78895				2
2026.01.23	00:49:34.640	0.78894				2
2026.01.23	00:49:35.686	0.78893				2
2026.01.23	00:49:36.683	0.78905	0.78979			6
2026.01.23	00:49:37.193	0.78899	0.78980			6
2026.01.23	00:49:37.916	0.78910				2
2026.01.23	00:49:38.413	0.78892	0.78971			6
2026.01.23	00:49:43.057	0.78894				2
2026.01.23	00:49:43.992	0.78896				2
2026.01.23	00:49:46.650	0.78900				2
2026.01.23	00:49:47.895	0.78896				2
2026.01.23	00:49:48.901	0.78900				2
2026.01.23	00:49:51.561	0.78896				2
2026.01.23	00:49:55.777	0.78899				2
2026.01.23	00:50:00.026	0.78898				2
2026.01.23	00:50:22.284	0.78893				2
2026.01.23	00:50:26.527	0.78892				2
2026.01.23	00:50:26.834	0.78891				2
2026.01.23	00:50:27.642	0.78892				2
2026.01.23	00:50:28.385	0.78891				2
2026.01.23	00:50:28.902	0.78892				2
2026.01.23	00:50:31.059	0.78895				2
2026.01.23	00:50:31.746	0.78897				2
2026.01.23	00:50:32.594	0.78903				2
2026.01.23	00:50:33.306	0.78901				2
2026.01.23	00:50:34.808	0.78902				2
2026.01.23	00:50:35.605	0.78901	0.78966			6
2026.01.23	00:50:40.660	0.78899	0.78968			6
2026.01.23	00:50:41.894	0.78893	0.78971			6
2026.01.23	00:50:42.653	0.78892				2
2026.01.23	00:50:42.958	0.78896				2
2026.01.23	00:50:43.969	0.78892				2
2026.01.23	00:50:45.001	0.78900				2
2026.01.23	00:50:46.267	0.78898				2
2026.01.23	00:50:47.077	0.78899				2
2026.01.23	00:50:50.961	0.78894				2
2026.01.23	00:50:54.260	0.78895				2
2026.01.23	00:50:55.902	0.78894				2
2026.01.23	00:51:00.028	0.78893				2
2026.01.23	00:51:06.571	0.78894				2
2026.01.23	00:51:07.902	0.78893				2
2026.01.23	00:51:09.333	0.78887				2
2026.01.23	00:51:09.778	0.78886				2
2026.01.23	00:51:10.576	0.78893				2
2026.01.23	00:51:20.055	0.78892				2
2026.01.23	00:51:27.652	0.78890				2
2026.01.23	00:51:28.686		0.78968			4
2026.01.23	00:51:29.880	0.78891				2
2026.01.23	00:51:31.900	0.78890				2
2026.01.23	00:51:32.905	0.78892				2
2026.01.23	00:51:33.905	0.78895				2
2026.01.23	00:51:34.906	0.78894				2
2026.01.23	00:51:38.425	0.78893				2
2026.01.23	00:51:48.108	0.78891				2
2026.01.23	00:51:49.055	0.78888				2
2026.01.23	00:51:50.066	0.78890				2
2026.01.23	00:51:51.303	0.78892				2
2026.01.23	00:52:01.574	0.78892				2
2026.01.23	00:52:05.055	0.78893				2
2026.01.23	00:52:05.647	0.78892				2
2026.01.23	00:52:08.143	0.78893				2
2026.01.23	00:52:09.184	0.78894				2
2026.01.23	00:52:09.738	0.78893				2
2026.01.23	00:52:10.753	0.78892				2
2026.01.23	00:52:11.124	0.78891				2
2026.01.23	00:52:19.949	0.78892				2
2026.01.23	00:52:20.828	0.78895				2
2026.01.23	00:52:23.687		0.78971			4
2026.01.23	00:52:24.740	0.78893				2
2026.01.23	00:52:28.058	0.78894				2
2026.01.23	00:52:30.325	0.78895				2
2026.01.23	00:52:38.901	0.78898				2
2026.01.23	00:52:39.402	0.78896				2
2026.01.23	00:52:42.028	0.78897				2
2026.01.23	00:52:42.557	0.78896				2
2026.01.23	00:52:46.107	0.78895				2
2026.01.23	00:52:46.842	0.78896				2
2026.01.23	00:52:48.625	0.78895				2
2026.01.23	00:53:01.061	0.78890				2
2026.01.23	00:53:01.442	0.78888				2
2026.01.23	00:53:02.426	0.78889				2
2026.01.23	00:53:03.914	0.78895				2
2026.01.23	00:53:09.137	0.78896				2
2026.01.23	00:53:22.775	0.78897				2
2026.01.23	00:53:23.790		0.78971			4
2026.01.23	00:53:46.390	0.78899				2
2026.01.23	00:53:51.723		0.78969			4
2026.01.23	00:54:00.025	0.78899				2
2026.01.23	00:54:08.426	0.78900				2
2026.01.23	00:54:13.695	0.78893	0.78968			6
2026.01.23	00:54:18.025	0.78892				2
2026.01.23	00:54:20.831	0.78895	0.78967			6
2026.01.23	00:54:21.356	0.78900	0.78966			6
2026.01.23	00:54:23.495	0.78898				2
2026.01.23	00:54:24.742	0.78893	0.78970			6
2026.01.23	00:54:25.098	0.78897				2
2026.01.23	00:54:25.793	0.78895				2
2026.01.23	00:54:27.997	0.78896				2
2026.01.23	00:54:39.740		0.78969			4
2026.01.23	00:54:40.382	0.78897				2
2026.01.23	00:54:40.875		0.78970			4
2026.01.23	00:54:48.846	0.78899				2
2026.01.23	00:54:49.961		0.78969			4
2026.01.23	00:54:50.446		0.78967			4
2026.01.23	00:54:51.802	0.78897	0.78970			6
2026.01.23	00:54:53.256	0.78891	0.78965			6
2026.01.23	00:54:53.619	0.78896	0.78970			6
2026.01.23	00:54:57.824	0.78898				2
2026.01.23	00:54:58.145	0.78897				2
2026.01.23	00:55:00.537	0.78889	0.78977			6
2026.01.23	00:55:00.842	0.78894	0.78978			6
2026.01.23	00:55:01.175		0.78974			4
2026.01.23	00:55:01.919	0.78895	0.78972			6
2026.01.23	00:55:05.915	0.78894				2
2026.01.23	00:55:08.198		0.78974			4
2026.01.23	00:55:09.272	0.78891	0.78975			6
2026.01.23	00:55:10.914	0.78895	0.78973			6
2026.01.23	00:55:13.239	0.78896	0.78971			6
2026.01.23	00:55:13.913		0.78972			4
2026.01.23	00:55:15.917		0.78973			4
2026.01.23	00:55:18.320	0.78899	0.78975			6
2026.01.23	00:55:23.726	0.78897				2
2026.01.23	00:55:26.384	0.78896				2
2026.01.23	00:55:27.921		0.78972			4
2026.01.23	00:55:30.396	0.78897				2
2026.01.23	00:55:34.916	0.78895	0.78975			6
2026.01.23	00:55:36.556	0.78896				2
2026.01.23	00:55:39.255	0.78895				2
2026.01.23	00:55:40.915	0.78896				2
2026.01.23	00:55:41.728	0.78895				2
2026.01.23	00:55:42.252	0.78896				2
2026.01.23	00:55:43.450	0.78894				2
2026.01.23	00:55:43.916		0.78974			4
2026.01.23	00:55:47.926	0.78895				2
2026.01.23	00:55:52.960	0.78897				2
2026.01.23	00:55:58.228	0.78896				2
2026.01.23	00:55:58.927	0.78895	0.78976			6
2026.01.23	00:55:59.459	0.78893				2
2026.01.23	00:56:00.004	0.78895				2
2026.01.23	00:56:00.379	0.78894	0.78975			6
2026.01.23	00:56:03.035	0.78895				2
2026.01.23	00:56:13.241	0.78894	0.78980			6
2026.01.23	00:56:13.669	0.78895				2
2026.01.23	00:56:15.229	0.78894	0.78977			6
2026.01.23	00:56:17.921		0.78978			4
2026.01.23	00:56:18.990	0.78896				2
2026.01.23	00:56:19.546		0.78980			4
2026.01.23	00:56:22.375	0.78895				2
2026.01.23	00:56:23.388	0.78894				2
2026.01.23	00:56:23.875	0.78893				2
2026.01.23	00:56:29.428	0.78894				2
2026.01.23	00:56:31.089	0.78893				2
2026.01.23	00:56:31.393	0.78894				2
2026.01.23	00:56:37.390	0.78895				2
2026.01.23	00:56:38.425	0.78896				2
2026.01.23	00:56:40.525	0.78895				2
2026.01.23	00:56:51.484		0.78979			4
2026.01.23	00:56:57.295	0.78896				2
2026.01.23	00:56:58.296	0.78895				2
2026.01.23	00:57:01.104	0.78895	0.78974			6
2026.01.23	00:57:10.393	0.78896				2
2026.01.23	00:57:14.393	0.78895				2
2026.01.23	00:57:15.922	0.78896				2
2026.01.23	00:57:18.928	0.78897				2
2026.01.23	00:57:20.945	0.78898				2
2026.01.23	00:57:28.769	0.78897				2
2026.01.23	00:57:41.581		0.78972			4
2026.01.23	00:57:53.208	0.78894	0.78974			6
2026.01.23	00:57:53.967		0.78972			4
2026.01.23	00:58:02.397	0.78895				2
2026.01.23	00:58:09.424	0.78892	0.78974			6
2026.01.23	00:58:10.827	0.78893	0.78972			6
2026.01.23	00:58:13.927		0.78973			4
2026.01.23	00:58:14.814	0.78894				2
2026.01.23	00:58:15.597	0.78893				2
2026.01.23	00:58:16.925		0.78974			4
2026.01.23	00:58:18.913	0.78894				2
2026.01.23	00:58:19.926		0.78972			4
2026.01.23	00:58:20.927		0.78971			4
2026.01.23	00:58:27.326	0.78895				2
2026.01.23	00:58:30.928	0.78896	0.78972			6
2026.01.23	00:58:31.263	0.78897				2
2026.01.23	00:58:31.717	0.78895	0.78974			6
2026.01.23	00:58:32.725	0.78894				2
2026.01.23	00:58:33.026	0.78895				2
2026.01.23	00:58:38.424	0.78896				2
2026.01.23	00:58:39.653	0.78895				2
2026.01.23	00:58:44.375	0.78893	0.78976			6
2026.01.23	00:58:53.745	0.78896				2
2026.01.23	00:58:54.625	0.78895				2
2026.01.23	00:58:55.526		0.78974			4
2026.01.23	00:58:55.946		0.78978			4
2026.01.23	00:59:00.025	0.78895				2
2026.01.23	00:59:00.773	0.78896				2
2026.01.23	00:59:07.609	0.78897	0.78972			6
2026.01.23	00:59:07.937	0.78896	0.78978			6
2026.01.23	00:59:08.371	0.78898	0.78979			6
2026.01.23	00:59:10.488	0.78895	0.78976			6
2026.01.23	00:59:11.605	0.78896				2
2026.01.23	00:59:12.928	0.78897				2
2026.01.23	00:59:13.693	0.78896				2
2026.01.23	00:59:15.060	0.78895				2
2026.01.23	00:59:16.092	0.78896				2
2026.01.23	00:59:16.399	0.78895				2
2026.01.23	00:59:17.933	0.78894				2
2026.01.23	00:59:19.930	0.78893	0.78977			6
2026.01.23	00:59:20.284	0.78894				2
2026.01.23	00:59:23.425	0.78896	0.78974			6
2026.01.23	00:59:25.042	0.78895				2
2026.01.23	00:59:26.793	0.78897				2
2026.01.23	00:59:28.785		0.78973			4
2026.01.23	00:59:34.225	0.78898				2
2026.01.23	00:59:38.008	0.78897				2
2026.01.23	00:59:44.377	0.78896	0.78974			6
2026.01.23	00:59:50.815	0.78897				2
2026.01.23	00:59:51.931		0.78975			4
2026.01.23	01:00:00.307	0.78879	0.78921			6
2026.01.23	01:00:00.630	0.78884				2
2026.01.23	01:00:00.950	0.78885				2
2026.01.23	01:00:01.300	0.78884				2
2026.01.23	01:00:01.612		0.78928			4
2026.01.23	01:00:01.938	0.78882				2
2026.01.23	01:00:02.380	0.78884	0.78927			6
2026.01.23	01:00:02.728	0.78887				2
2026.01.23	01:00:03.040	0.78883				2
2026.01.23	01:00:03.432	0.78873	0.78973			6
2026.01.23	01:00:03.745	0.78879	0.78982			6
2026.01.23	01:00:04.048		0.78983			4
2026.01.23	01:00:04.388	0.78888	0.78964			6
2026.01.23	01:00:04.696	0.78883	0.78949			6
2026.01.23	01:00:05.923	0.78884	0.78950			6
2026.01.23	01:00:06.533	0.78875	0.78941			6
2026.01.23	01:00:06.852	0.78876	0.78942			6
2026.01.23	01:00:07.155	0.78886	0.78917			6
2026.01.23	01:00:09.586	0.78889				2
2026.01.23	01:00:14.896		0.78920			4
2026.01.23	01:00:19.591	0.78890	0.78917			6
2026.01.23	01:00:21.642		0.78921			4
2026.01.23	01:00:22.145		0.78920			4
2026.01.23	01:00:25.943		0.78924			4
2026.01.23	01:00:27.609		0.78921			4
2026.01.23	01:00:31.278		0.78924			4
2026.01.23	01:00:31.579	0.78891				2
2026.01.23	01:00:31.942	0.78890	0.78920			6
2026.01.23	01:00:32.261		0.78916			4
2026.01.23	01:00:39.575	0.78893	0.78919			6
2026.01.23	01:00:39.893	0.78894	0.78915			6
2026.01.23	01:00:43.963	0.78893				2
2026.01.23	01:00:45.231	0.78894				2
2026.01.23	01:00:47.850	0.78893				2
2026.01.23	01:00:50.936	0.78894				2
2026.01.23	01:00:58.842	0.78895				2
2026.01.23	01:01:00.028	0.78895				2
2026.01.23	01:01:00.330		0.78912			4
2026.01.23	01:01:01.012	0.78897				2
2026.01.23	01:01:04.385		0.78915			4
2026.01.23	01:01:05.321		0.78912			4
2026.01.23	01:01:07.370	0.78895				2
2026.01.23	01:01:10.826	0.78897				2
2026.01.23	01:01:12.943	0.78896				2
2026.01.23	01:01:15.943		0.78913			4
2026.01.23	01:01:16.560	0.78898				2
2026.01.23	01:01:17.579	0.78890	0.78902			6
2026.01.23	01:01:19.356	0.78889				2
2026.01.23	01:01:21.958	0.78891				2
2026.01.23	01:01:22.937	0.78892				2
2026.01.23	01:01:23.613	0.78891				2
2026.01.23	01:01:24.451	0.78889				2
2026.01.23	01:01:25.742	0.78891				2
2026.01.23	01:01:26.241	0.78890				2
2026.01.23	01:01:31.717	0.78891				2
2026.01.23	01:01:33.792		0.78903			4
2026.01.23	01:01:38.711	0.78892				2
2026.01.23	01:01:39.317	0.78891	0.78904			6
2026.01.23	01:01:39.632	0.78893				2
2026.01.23	01:01:41.960	0.78895				2
2026.01.23	01:01:43.794		0.78905			4
2026.01.23	01:01:45.490		0.78904			4
2026.01.23	01:01:45.982		0.78905			4
2026.01.23	01:01:49.235		0.78904			4
2026.01.23	01:01:49.568	0.78897				2
2026.01.23	01:01:50.139	0.78895	0.78905			6
2026.01.23	01:01:50.460	0.78897				2
2026.01.23	01:01:50.984	0.78896	0.78904			6
2026.01.23	01:01:51.315	0.78897				2
2026.01.23	01:01:51.793		0.78905			4
2026.01.23	01:01:52.142	0.78895				2
2026.01.23	01:01:52.466	0.78894				2
2026.01.23	01:01:53.083		0.78904			4
2026.01.23	01:01:53.519	0.78896				2
2026.01.23	01:01:53.828	0.78894				2
2026.01.23	01:01:54.256	0.78896				2
2026.01.23	01:01:56.082	0.78894				2
2026.01.23	01:01:56.498	0.78895				2
2026.01.23	01:01:56.883	0.78896				2
2026.01.23	01:01:57.813	0.78894				2
2026.01.23	01:01:58.115	0.78897				2
2026.01.23	01:01:58.424		0.78905			4
2026.01.23	01:01:58.743	0.78893				2
2026.01.23	01:02:00.131	0.78891	0.78903			6
2026.01.23	01:02:00.438	0.78893	0.78905			6
2026.01.23	01:02:01.263		0.78904			4
2026.01.23	01:02:01.896	0.78892				2
2026.01.23	01:02:02.217	0.78891				2
2026.01.23	01:02:03.843	0.78892	0.78905			6
2026.01.23	01:02:05.816	0.78891				2
2026.01.23	01:02:07.162	0.78892				2
2026.01.23	01:02:08.818	0.78891				2
2026.01.23	01:02:10.154	0.78892				2
2026.01.23	01:02:10.476	0.78891				2
2026.01.23	01:02:12.865	0.78892				2
2026.01.23	01:02:13.437	0.78891				2
2026.01.23	01:02:17.438	0.78898				2
2026.01.23	01:02:23.482	0.78897				2
2026.01.23	01:02:24.054	0.78898				2
2026.01.23	01:02:25.237		0.78906			4
2026.01.23	01:02:26.162	0.78897				2
2026.01.23	01:02:26.497	0.78896				2
2026.01.23	01:02:27.016	0.78897	0.78907			6
2026.01.23	01:02:27.718	0.78896				2
2026.01.23	01:02:31.202	0.78898				2
2026.01.23	01:02:31.958	0.78897	0.78906			6
2026.01.23	01:02:32.793		0.78907			4
2026.01.23	01:02:33.389	0.78895				2
2026.01.23	01:02:34.388	0.78897				2
2026.01.23	01:02:35.272	0.78896				2
2026.01.23	01:02:35.686	0.78894	0.78906			6
2026.01.23	01:02:36.299	0.78893				2
2026.01.23	01:02:36.803	0.78891	0.78905			6
2026.01.23	01:02:37.662	0.78890	0.78904			6
2026.01.23	01:02:38.057	0.78893				2
2026.01.23	01:02:38.373	0.78891				2
2026.01.23	01:02:40.778	0.78895				2
2026.01.23	01:02:41.665	0.78893				2
2026.01.23	01:02:42.276		0.78903			4
2026.01.23	01:02:43.556	0.78891				2
2026.01.23	01:02:43.892	0.78893				2
2026.01.23	01:02:44.683	0.78891				2
2026.01.23	01:02:45.444		0.78904			4
2026.01.23	01:02:45.779	0.78892				2
2026.01.23	01:02:46.091	0.78895				2
2026.01.23	01:02:47.092	0.78892				2
2026.01.23	01:02:48.151	0.78894	0.78903			6
2026.01.23	01:02:48.983		0.78904			4
2026.01.23	01:02:49.652	0.78891				2
2026.01.23	01:02:51.493	0.78893				2
2026.01.23	01:02:51.843	0.78890				2
2026.01.23	01:02:52.638	0.78894				2
2026.01.23	01:02:52.941	0.78890				2
2026.01.23	01:02:53.287	0.78893				2
2026.01.23	01:02:53.978	0.78890				2
2026.01.23	01:02:54.281	0.78893				2
2026.01.23	01:02:54.641	0.78890				2
2026.01.23	01:02:55.679	0.78894				2
2026.01.23	01:02:56.105	0.78891				2
2026.01.23	01:02:56.739	0.78892				2
2026.01.23	01:02:57.242	0.78891				2
2026.01.23	01:02:57.939	0.78894				2
2026.01.23	01:02:59.126	0.78895				2
2026.01.23	01:02:59.878	0.78894				2
2026.01.23	01:03:00.179	0.78898	0.78905			6
2026.01.23	01:03:00.484	0.78897				2
2026.01.23	01:03:00.818	0.78896				2
2026.01.23	01:03:01.197	0.78898				2
2026.01.23	01:03:01.851	0.78895	0.78907			6
2026.01.23	01:03:02.180		0.78908			4
2026.01.23	01:03:04.989	0.78899				2
2026.01.23	01:03:07.542	0.78900				2
2026.01.23	01:03:08.655	0.78897				2
2026.01.23	01:03:10.272	0.78898				2
2026.01.23	01:03:12.653	0.78899				2
2026.01.23	01:03:14.727	0.78898				2
2026.01.23	01:03:15.030	0.78895				2
2026.01.23	01:03:15.946	0.78897				2
2026.01.23	01:03:17.031	0.78898				2
2026.01.23	01:03:25.379	0.78896				2
2026.01.23	01:03:45.316		0.78907			4
2026.01.23	01:03:45.626		0.78906			4
2026.01.23	01:03:48.677	0.78900				2
2026.01.23	01:03:49.022	0.78895				2
2026.01.23	01:03:52.521	0.78897				2
2026.01.23	01:03:52.852	0.78898				2
2026.01.23	01:03:55.161	0.78897				2
2026.01.23	01:03:55.560	0.78900				2
2026.01.23	01:03:59.438		0.78907			4
2026.01.23	01:04:00.037	0.78899				2
2026.01.23	01:04:15.396	0.78896	0.78928			6
2026.01.23	01:04:16.974	0.78895	0.78930			6
2026.01.23	01:04:18.871	0.78900	0.78907			6
2026.01.23	01:04:26.089		0.78908			4
2026.01.23	01:04:30.855	0.78901				2
2026.01.23	01:04:38.673		0.78909			4
2026.01.23	01:04:43.029	0.78910	0.78913			6
2026.01.23	01:04:46.419	0.78901	0.78909			6
2026.01.23	01:04:48.387	0.78902				2
2026.01.23	01:04:48.925	0.78899	0.78911			6
2026.01.23	01:04:49.244	0.78898				2
2026.01.23	01:04:50.952	0.78899				2
2026.01.23	01:04:52.128	0.78902				2
2026.01.23	01:05:00.407	0.78902				2
2026.01.23	01:05:03.839	0.78903	0.78913			6
2026.01.23	01:05:05.608	0.78904				2
2026.01.23	01:05:12.145	0.78905	0.78915			6
2026.01.23	01:05:14.065	0.78906	0.78916			6
2026.01.23	01:05:19.412	0.78905				2
2026.01.23	01:05:21.806		0.78921			4
2026.01.23	01:05:22.594	0.78906				2
2026.01.23	01:05:26.782	0.78908				2
2026.01.23	01:05:27.459	0.78909	0.78922			6
2026.01.23	01:05:30.466		0.78921			4
2026.01.23	01:05:31.254	0.78908				2
2026.01.23	01:05:37.828	0.78909				2
2026.01.23	01:05:45.427		0.78924			4
2026.01.23	01:05:51.823		0.78925			4
2026.01.23	01:05:52.445		0.78926			4
2026.01.23	01:06:00.622	0.78909				2
2026.01.23	01:06:02.295	0.78910				2
2026.01.23	01:06:07.467		0.78925			4
2026.01.23	01:06:11.417	0.78904	0.78922			6
2026.01.23	01:06:27.620	0.78903				2
2026.01.23	01:06:45.534	0.78904	0.78921			6
2026.01.23	01:06:50.153	0.78903	0.78920			6
2026.01.23	01:06:53.323	0.78905				2
2026.01.23	01:06:56.425	0.78906				2
2026.01.23	01:06:57.983	0.78905				2
2026.01.23	01:07:00.281	0.78905	0.78919			6
2026.01.23	01:07:04.685	0.78903				2
2026.01.23	01:07:30.511	0.78901	0.78916			6
2026.01.23	01:07:31.185	0.78895	0.78907			6
2026.01.23	01:07:32.045	0.78894				2
2026.01.23	01:07:33.924	0.78895				2
2026.01.23	01:07:35.909	0.78894				2
2026.01.23	01:07:37.201	0.78892	0.78905			6
2026.01.23	01:07:37.521	0.78890				2
2026.01.23	01:07:41.282		0.78904			4
2026.01.23	01:08:00.477	0.78890				2
2026.01.23	01:08:03.953	0.78891				2
2026.01.23	01:08:09.896	0.78890	0.78903			6
2026.01.23	01:08:12.926	0.78889				2
2026.01.23	01:08:17.937	0.78887	0.78900			6
2026.01.23	01:08:27.551	0.78880	0.78894			6
2026.01.23	01:08:27.860	0.78881	0.78893			6
2026.01.23	01:08:28.184		0.78892			4
2026.01.23	01:08:28.499	0.78880				2
2026.01.23	01:08:29.368		0.78891			4
2026.01.23	01:08:32.346		0.78892			4
2026.01.23	01:08:33.565	0.78879				2
2026.01.23	01:08:35.006		0.78893			4
2026.01.23	01:08:35.697		0.78892			4
2026.01.23	01:08:36.222	0.78878	0.78891			6
2026.01.23	01:08:36.639	0.78879	0.78892			6
2026.01.23	01:08:39.667	0.78878	0.78890			6
2026.01.23	01:08:40.343	0.78876	0.78889			6
2026.01.23	01:08:40.682	0.78874	0.78887			6
2026.01.23	01:08:41.400	0.78875	0.78886			6
2026.01.23	01:08:41.937		0.78885			4
2026.01.23	01:08:43.990		0.78886			4
2026.01.23	01:08:44.726		0.78884			4
2026.01.23	01:08:45.625	0.78874				2
2026.01.23	01:09:00.229	0.78874	0.78885			6
2026.01.23	01:09:11.161		0.78886			4
2026.01.23	01:09:13.555	0.78878	0.78890			6
2026.01.23	01:09:14.269	0.78877	0.78888			6
2026.01.23	01:09:14.625		0.78889			4
2026.01.23	01:09:15.185	0.78876	0.78887			6
2026.01.23	01:09:15.643	0.78877				2
2026.01.23	01:09:16.772	0.78875	0.78885			6
2026.01.23	01:09:20.570		0.78884			4
2026.01.23	01:09:21.807		0.78885			4
2026.01.23	01:09:22.341	0.78874				2
2026.01.23	01:09:23.334	0.78868	0.78881			6
2026.01.23	01:09:23.671		0.78880			4
2026.01.23	01:09:24.321		0.78879			4
2026.01.23	01:09:25.637		0.78880			4
2026.01.23	01:09:27.224		0.78879			4
2026.01.23	01:09:30.318		0.78880			4
2026.01.23	01:09:32.725		0.78879			4
2026.01.23	01:09:46.161		0.78878			4
2026.01.23	01:09:49.649	0.78866				2
2026.01.23	01:09:50.220	0.78868				2
2026.01.23	01:09:58.630	0.78865				2
2026.01.23	01:10:00.629	0.78865				2
2026.01.23	01:10:01.585		0.78879			4
2026.01.23	01:10:09.490	0.78864	0.78878			6
2026.01.23	01:10:10.331	0.78867	0.78879			6
2026.01.23	01:10:11.126		0.78880			4
2026.01.23	01:10:11.712	0.78872	0.78883			6
2026.01.23	01:10:12.455	0.78873	0.78885			6
2026.01.23	01:10:13.464		0.78886			4
2026.01.23	01:10:18.529	0.78874	0.78885			6
2026.01.23	01:10:20.267	0.78869	0.78883			6
2026.01.23	01:10:21.394		0.78884			4
2026.01.23	01:10:21.830		0.78883			4
2026.01.23	01:10:24.576	0.78870				2
2026.01.23	01:10:25.026		0.78882			4
2026.01.23	01:10:26.426	0.78869				2
2026.01.23	01:10:27.625	0.78870				2
2026.01.23	01:10:28.006		0.78883			4
2026.01.23	01:10:29.402	0.78871				2
2026.01.23	01:10:29.725	0.78870				2
2026.01.23	01:10:32.126	0.78871				2
2026.01.23	01:10:50.427	0.78872				2
2026.01.23	01:10:52.826	0.78871				2
2026.01.23	01:10:56.474		0.78884			4
2026.01.23	01:10:58.854		0.78883			4
2026.01.23	01:11:01.826	0.78872				2
2026.01.23	01:11:03.025	0.78874				2
2026.01.23	01:11:05.426		0.78884			4
2026.01.23	01:11:09.170	0.78873				2
2026.01.23	01:11:10.826	0.78874				2
2026.01.23	01:11:15.185		0.78885			4
2026.01.23	01:11:17.125		0.78886			4
2026.01.23	01:11:19.825		0.78885			4
2026.01.23	01:11:29.936	0.78873				2
2026.01.23	01:11:33.024	0.78874				2
2026.01.23	01:11:38.424	0.78873				2
2026.01.23	01:11:48.251	0.78874				2
2026.01.23	01:11:49.526	0.78873				2
2026.01.23	01:11:57.492		0.78886			4
2026.01.23	01:12:00.026	0.78873				2
2026.01.23	01:12:00.790	0.78876				2
2026.01.23	01:12:02.725	0.78877				2
2026.01.23	01:12:16.225		0.78887			4
2026.01.23	01:12:18.328		0.78886			4
2026.01.23	01:12:22.526		0.78887			4
2026.01.23	01:12:26.126	0.78879	0.78889			6
2026.01.23	01:12:27.698	0.78880				2
2026.01.23	01:12:31.885	0.78878	0.78888			6
2026.01.23	01:12:32.725		0.78889			4
2026.01.23	01:12:45.360	0.78877	0.78888			6
2026.01.23	01:12:47.127		0.78887			4
2026.01.23	01:12:48.328		0.78888			4
2026.01.23	01:12:53.292	0.78878	0.78889			6
2026.01.23	01:13:00.926	0.78878				2
2026.01.23	01:13:25.503	0.78882	0.78892			6
2026.01.23	01:13:25.806	0.78881	0.78893			6
2026.01.23	01:13:28.753	0.78882				2
2026.01.23	01:13:32.233	0.78881	0.78891			6
2026.01.23	01:13:35.268	0.78880				2
2026.01.23	01:13:36.267		0.78890			4
2026.01.23	01:13:55.927		0.78891			4
2026.01.23	01:13:56.346		0.78890			4
2026.01.23	01:13:57.118		0.78889			4
2026.01.23	01:14:00.183	0.78882	0.78890			6
2026.01.23	01:14:19.115	0.78881				2
2026.01.23	01:14:21.625	0.78882				2
2026.01.23	01:14:26.732	0.78881				2
2026.01.23	01:14:29.493	0.78882				2
2026.01.23	01:14:30.952	0.78881				2
2026.01.23	01:14:31.525	0.78882				2
2026.01.23	01:14:34.321		0.78891			4
2026.01.23	01:14:34.664	0.78881				2
2026.01.23	01:14:42.236		0.78890			4
2026.01.23	01:14:44.318	0.78880				2
2026.01.23	01:14:44.732	0.78881				2
2026.01.23	01:14:50.600	0.78880				2
2026.01.23	01:14:57.654	0.78881				2
2026.01.23	01:15:00.307	0.78880	0.78891			6
2026.01.23	01:15:02.098	0.78881				2
2026.01.23	01:15:04.041	0.78883				2
2026.01.23	01:15:04.406	0.78882				2
2026.01.23	01:15:11.408	0.78881	0.78890			6
2026.01.23	01:15:12.456		0.78889			4
2026.01.23	01:15:18.543	0.78882	0.78890			6
2026.01.23	01:15:22.241	0.78886	0.78892			6
2026.01.23	01:15:30.563	0.78885				2
2026.01.23	01:15:30.975	0.78886				2
2026.01.23	01:15:32.011		0.78893			4
2026.01.23	01:15:33.605	0.78885				2
2026.01.23	01:15:38.845	0.78886				2
2026.01.23	01:15:40.262	0.78885				2
2026.01.23	01:15:44.381	0.78886				2
2026.01.23	01:15:48.537	0.78885				2
2026.01.23	01:15:49.721	0.78886				2
2026.01.23	01:15:54.775	0.78885				2
2026.01.23	01:15:55.789		0.78892			4
2026.01.23	01:15:57.881	0.78886				2
2026.01.23	01:15:59.953	0.78885				2
2026.01.23	01:16:00.718	0.78885				2
2026.01.23	01:16:11.084		0.78893			4
2026.01.23	01:16:15.007	0.78886				2
2026.01.23	01:16:16.041	0.78885				2
2026.01.23	01:16:17.056	0.78886				2
2026.01.23	01:16:18.413	0.78885				2
2026.01.23	01:16:21.220	0.78886				2
2026.01.23	01:16:22.255	0.78885				2
2026.01.23	01:16:23.907	0.78886				2
2026.01.23	01:16:28.047	0.78885				2
2026.01.23	01:16:43.532	0.78888	0.78896			6
2026.01.23	01:16:45.758		0.78895			4
2026.01.23	01:16:46.458		0.78896			4
2026.01.23	01:16:47.510		0.78895			4
2026.01.23	01:16:49.545		0.78896			4
2026.01.23	01:16:50.315	0.78887				2
2026.01.23	01:16:50.712	0.78888				2
2026.01.23	01:17:00.979	0.78888				2
2026.01.23	01:17:02.324	0.78889				2
2026.01.23	01:17:03.564	0.78888				2
2026.01.23	01:17:05.639	0.78889				2
2026.01.23	01:17:07.203		0.78897			4
2026.01.23	01:17:07.548	0.78888				2
2026.01.23	01:17:13.103		0.78898			4
2026.01.23	01:17:19.881		0.78897			4
2026.01.23	01:17:29.911	0.78890	0.78898			6
2026.01.23	01:17:44.426		0.78899			4
2026.01.23	01:17:45.716		0.78898			4
2026.01.23	01:17:51.232	0.78891	0.78900			6
2026.01.23	01:18:00.315	0.78891				2
2026.01.23	01:18:01.103	0.78890	0.78898			6
2026.01.23	01:18:01.753	0.78891				2
2026.01.23	01:18:04.035	0.78890				2
2026.01.23	01:18:05.540		0.78897			4
2026.01.23	01:18:10.486	0.78892	0.78898			6
2026.01.23	01:18:10.821	0.78891				2
2026.01.23	01:18:11.912	0.78890				2
2026.01.23	01:18:13.175		0.78897			4
2026.01.23	01:18:22.575	0.78891	0.78898			6
2026.01.23	01:18:22.929		0.78899			4
2026.01.23	01:18:24.077		0.78898			4
2026.01.23	01:18:35.626	0.78892				2
2026.01.23	01:18:43.256		0.78899			4
2026.01.23	01:18:45.999	0.78889	0.78897			6
2026.01.23	01:18:46.998		0.78896			4
2026.01.23	01:18:48.029		0.78895			4
2026.01.23	01:18:48.336		0.78896			4
2026.01.23	01:18:57.335		0.78895			4
2026.01.23	01:19:01.580	0.78889				2
2026.01.23	01:19:02.563	0.78888				2
2026.01.23	01:19:21.583	0.78887				2
2026.01.23	01:19:22.749	0.78888				2
2026.01.23	01:19:25.166	0.78889				2
2026.01.23	01:19:28.226	0.78888				2
2026.01.23	01:19:31.550	0.78891	0.78897			6
2026.01.23	01:19:36.100		0.78898			4
2026.01.23	01:19:41.136	0.78892				2
2026.01.23	01:19:54.641	0.78891				2
2026.01.23	01:19:58.914	0.78892				2
2026.01.23	01:19:59.391		0.78899			4
2026.01.23	01:20:00.314	0.78892				2
2026.01.23	01:20:01.500	0.78891				2
2026.01.23	01:20:06.014		0.78898			4
2026.01.23	01:20:18.527	0.78892				2
2026.01.23	01:20:19.563	0.78891				2
2026.01.23	01:20:21.668	0.78892				2
2026.01.23	01:20:34.810	0.78895	0.78900			6
2026.01.23	01:20:36.270	0.78894				2
2026.01.23	01:20:39.754		0.78899			4
2026.01.23	01:20:40.778		0.78898			4
2026.01.23	01:20:41.478		0.78902			4
2026.01.23	01:20:42.299	0.78893	0.78898			6
2026.01.23	01:20:42.678	0.78894				2
2026.01.23	01:20:45.627	0.78893				2
2026.01.23	01:20:48.730	0.78894				2
2026.01.23	01:20:51.026	0.78893				2
2026.01.23	01:20:55.642	0.78882	0.78891			6
2026.01.23	01:20:56.350	0.78884	0.78892			6
2026.01.23	01:20:57.609		0.78891			4
2026.01.23	01:21:00.025	0.78884				2
2026.01.23	01:21:02.344		0.78892			4
2026.01.23	01:21:04.707	0.78879	0.78888			6
2026.01.23	01:21:05.339	0.78880	0.78889			6
2026.01.23	01:21:05.657	0.78881				2
2026.01.23	01:21:06.373	0.78880				2
2026.01.23	01:21:07.394	0.78881				2
2026.01.23	01:21:09.482	0.78882				2
2026.01.23	01:21:09.827	0.78881				2
2026.01.23	01:21:10.517	0.78882				2
2026.01.23	01:21:10.917	0.78881				2
2026.01.23	01:21:11.415	0.78878	0.78885			6
2026.01.23	01:21:12.046	0.78879	0.78887			6
2026.01.23	01:21:12.614		0.78886			4
2026.01.23	01:21:29.427		0.78887			4
2026.01.23	01:21:30.615	0.78880				2
2026.01.23	01:21:33.369		0.78888			4
2026.01.23	01:21:51.129	0.78879	0.78887			6
2026.01.23	01:21:52.156	0.78880				2
2026.01.23	01:21:57.115	0.78881	0.78890			6
2026.01.23	01:21:58.299	0.78883				2
2026.01.23	01:21:58.672	0.78881				2
2026.01.23	01:21:59.460	0.78882				2
2026.01.23	01:21:59.773	0.78881				2
2026.01.23	01:22:00.551	0.78881				2
2026.01.23	01:22:01.847	0.78882				2
2026.01.23	01:22:03.740	0.78881				2
2026.01.23	01:22:04.775		0.78889			4
2026.01.23	01:22:05.596	0.78883				2
2026.01.23	01:22:05.942	0.78881				2
2026.01.23	01:22:06.684		0.78890			4
2026.01.23	01:22:09.869		0.78889			4
2026.01.23	01:22:10.827		0.78890			4
2026.01.23	01:22:25.337		0.78889			4
2026.01.23	01:22:28.803	0.78882	0.78891			6
2026.01.23	01:22:31.256		0.78890			4
2026.01.23	01:22:33.782	0.78881				2
2026.01.23	01:22:34.801		0.78889			4
2026.01.23	01:23:00.953	0.78881				2
2026.01.23	01:23:34.463		0.78890			4
2026.01.23	01:23:38.940	0.78882				2
2026.01.23	01:23:42.841		0.78889			4
2026.01.23	01:23:48.964	0.78881				2
2026.01.23	01:23:51.060		0.78890			4
2026.01.23	01:23:58.408	0.78882	0.78891			6
2026.01.23	01:23:58.756	0.78883				2
2026.01.23	01:23:59.818		0.78890			4
2026.01.23	01:24:00.450	0.78883				2
2026.01.23	01:24:04.227		0.78891			4
2026.01.23	01:24:30.007	0.78886	0.78892			6
2026.01.23	01:24:30.779		0.78891			4
2026.01.23	01:24:31.234	0.78885				2
2026.01.23	01:24:32.277	0.78886				2
2026.01.23	01:24:32.780	0.78883				2
2026.01.23	01:24:33.471		0.78890			4
2026.01.23	01:24:36.033		0.78891			4
2026.01.23	01:24:53.351	0.78885				2
2026.01.23	01:24:56.652	0.78889	0.78894			6
2026.01.23	01:24:56.959	0.78888				2
2026.01.23	01:24:59.989	0.78889				2
2026.01.23	01:25:00.615	0.78888				2
2026.01.23	01:25:01.012	0.78887				2
2026.01.23	01:25:02.075	0.78888				2
2026.01.23	01:25:06.540	0.78887				2
2026.01.23	01:25:07.681		0.78893			4
2026.01.23	01:25:15.368	0.78886				2
2026.01.23	01:25:16.360		0.78892			4
2026.01.23	01:25:27.327	0.78885				2
2026.01.23	01:25:28.125	0.78888	0.78894			6
2026.01.23	01:25:30.293	0.78887				2
2026.01.23	01:25:56.013		0.78895			4
2026.01.23	01:26:00.228	0.78888	0.78897			6
2026.01.23	01:26:00.550	0.78887				2
2026.01.23	01:26:00.852	0.78888				2
2026.01.23	01:26:01.630	0.78889				2
2026.01.23	01:26:15.370	0.78888	0.78894			6
2026.01.23	01:26:16.094	0.78885	0.78891			6
2026.01.23	01:26:26.173		0.78893			4
2026.01.23	01:26:28.171		0.78894			4
2026.01.23	01:26:29.365		0.78891			4
2026.01.23	01:26:51.025		0.78892			4
2026.01.23	01:26:52.441	0.78884				2
2026.01.23	01:26:54.328	0.78885	0.78891			6
2026.01.23	01:27:00.625	0.78885	0.78892			6
2026.01.23	01:27:24.049		0.78891			4
2026.01.23	01:27:26.839		0.78892			4
2026.01.23	01:27:30.477	0.78884				2
2026.01.23	01:27:38.279	0.78885	0.78891			6
2026.01.23	01:27:39.778		0.78892			4
2026.01.23	01:27:41.014		0.78891			4
2026.01.23	01:27:46.556		0.78892			4
2026.01.23	01:28:01.441	0.78886				2
2026.01.23	01:28:03.489		0.78893			4
2026.01.23	01:28:24.271	0.78885				2
2026.01.23	01:28:26.728	0.78886				2
2026.01.23	01:28:29.450	0.78885				2
2026.01.23	01:28:30.476	0.78886				2
2026.01.23	01:28:31.422		0.78894			4
2026.01.23	01:28:34.526		0.78893			4
2026.01.23	01:28:48.345		0.78892			4
2026.01.23	01:28:49.383		0.78893			4
2026.01.23	01:28:51.080		0.78892			4
2026.01.23	01:28:51.775	0.78887	0.78893			6
2026.01.23	01:28:52.602	0.78889	0.78895			6
2026.01.23	01:28:56.679		0.78896			4
2026.01.23	01:28:58.528		0.78895			4
2026.01.23	01:29:00.141	0.78889	0.78896			6
2026.01.23	01:29:00.595		0.78895			4
2026.01.23	01:29:01.511	0.78886	0.78892			6
2026.01.23	01:29:07.425	0.78885				2
2026.01.23	01:29:12.408		0.78893			4
2026.01.23	01:29:13.968	0.78887	0.78896			6
2026.01.23	01:29:21.415	0.78888				2
2026.01.23	01:29:25.394	0.78887				2
2026.01.23	01:29:29.374	0.78888				2
2026.01.23	01:29:30.025		0.78895			4
2026.01.23	01:29:30.411	0.78890	0.78896			6
2026.01.23	01:29:31.210	0.78888				2
2026.01.23	01:30:00.451	0.78888				2
2026.01.23	01:30:02.267	0.78889	0.78897			6
2026.01.23	01:30:03.322	0.78892	0.78893			6
2026.01.23	01:30:06.712	0.78889	0.78896			6
2026.01.23	01:30:15.367	0.78888	0.78895			6
2026.01.23	01:30:22.828	0.78887				2
2026.01.23	01:30:31.620		0.78894			4
2026.01.23	01:30:32.511	0.78891	0.78898			6
2026.01.23	01:30:36.476		0.78899			4
2026.01.23	01:31:00.215	0.78891				2
2026.01.23	01:31:18.863		0.78898			4
2026.01.23	01:31:40.916		0.78899			4
2026.01.23	01:31:41.262		0.78898			4
2026.01.23	01:31:52.527		0.78899			4
2026.01.23	01:31:52.915		0.78898			4
2026.01.23	01:31:56.017	0.78897				2
2026.01.23	01:31:56.332	0.78891				2
2026.01.23	01:31:57.433	0.78892				2
2026.01.23	01:31:57.884	0.78897				2
2026.01.23	01:31:58.192	0.78892				2
2026.01.23	01:31:59.125	0.78897				2
2026.01.23	01:31:59.472	0.78891	0.78899			6
2026.01.23	01:31:59.777		0.78898			4
2026.01.23	01:32:00.684	0.78891				2
2026.01.23	01:32:07.409		0.78899			4
2026.01.23	01:32:12.999	0.78896	0.78902			6
2026.01.23	01:32:17.010		0.78903			4
2026.01.23	01:32:20.270		0.78904			4
2026.01.23	01:32:21.521	0.78897				2
2026.01.23	01:32:43.636	0.78902	0.78909			6
2026.01.23	01:32:44.183		0.78908			4
2026.01.23	01:32:46.850	0.78901				2
2026.01.23	01:33:00.594	0.78901				2
2026.01.23	01:33:00.940		0.78907			4
2026.01.23	01:33:03.771		0.78906			4
2026.01.23	01:33:15.702		0.78908			4
2026.01.23	01:33:16.450		0.78906			4
2026.01.23	01:33:21.983		0.78907			4
2026.01.23	01:33:36.624		0.78908			4
2026.01.23	01:33:37.449	0.78902				2
2026.01.23	01:33:38.021	0.78901				2
2026.01.23	01:33:53.237		0.78907			4
2026.01.23	01:34:01.695	0.78901	0.78909			6
2026.01.23	01:34:02.372		0.78908			4
2026.01.23	01:34:03.372		0.78906			4
2026.01.23	01:34:04.717	0.78902	0.78910			6
2026.01.23	01:34:06.281		0.78909			4
2026.01.23	01:34:07.280		0.78908			4
2026.01.23	01:34:11.693		0.78909			4
2026.01.23	01:34:13.821	0.78903				2
2026.01.23	01:34:16.871		0.78910			4
2026.01.23	01:34:27.292	0.78902				2
2026.01.23	01:34:32.474	0.78903				2
2026.01.23	01:34:33.510	0.78905	0.78912			6
2026.01.23	01:34:36.508		0.78911			4
2026.01.23	01:34:44.139		0.78912			4
2026.01.23	01:34:48.306		0.78911			4
2026.01.23	01:35:01.358	0.78905				2
2026.01.23	01:35:02.926	0.78904				2
2026.01.23	01:35:05.202		0.78910			4
2026.01.23	01:35:20.117		0.78912			4
2026.01.23	01:35:28.147	0.78905				2
2026.01.23	01:35:42.597		0.78913			4
2026.01.23	01:35:43.992	0.78907	0.78914			6
2026.01.23	01:35:47.425	0.78906				2
2026.01.23	01:35:59.719		0.78913			4
2026.01.23	01:36:00.503	0.78906				2
2026.01.23	01:36:03.984		0.78912			4
2026.01.23	01:36:17.727		0.78913			4
2026.01.23	01:36:26.128		0.78912			4
2026.01.23	01:36:34.225		0.78913			4
2026.01.23	01:36:38.425		0.78912			4
2026.01.23	01:37:00.876	0.78906				2
2026.01.23	01:37:14.427		0.78913			4
2026.01.23	01:37:16.459	0.78907	0.78912			6
2026.01.23	01:37:21.798	0.78906				2
2026.01.23	01:37:25.712		0.78911			4
2026.01.23	01:37:32.881		0.78912			4
2026.01.23	01:37:34.407		0.78911			4
2026.01.23	01:37:39.240		0.78912			4
2026.01.23	01:37:47.777		0.78911			4
2026.01.23	01:37:52.552		0.78912			4
2026.01.23	01:37:56.427		0.78911			4
2026.01.23	01:38:00.325	0.78906	0.78912			6
2026.01.23	01:38:08.106		0.78911			4
2026.01.23	01:38:10.525		0.78912			4
2026.01.23	01:38:13.793		0.78911			4
2026.01.23	01:38:23.613		0.78912			4
2026.01.23	01:38:24.027		0.78911			4
2026.01.23	01:38:24.988		0.78912			4
2026.01.23	01:38:26.039		0.78911			4
2026.01.23	01:38:31.756	0.78904	0.78910			6
2026.01.23	01:38:32.975	0.78903	0.78909			6
2026.01.23	01:38:43.707	0.78905	0.78910			6
2026.01.23	01:38:44.406	0.78904				2
2026.01.23	01:38:45.594		0.78909			4
2026.01.23	01:38:51.005		0.78910			4
2026.01.23	01:39:00.477	0.78904				2
2026.01.23	01:39:00.831		0.78909			4
2026.01.23	01:39:03.326		0.78910			4
2026.01.23	01:39:05.426		0.78909			4
2026.01.23	01:39:06.611		0.78910			4
2026.01.23	01:39:23.183		0.78909			4
2026.01.23	01:39:28.123		0.78910			4
2026.01.23	01:39:30.025		0.78909			4
2026.01.23	01:40:00.479	0.78904				2
2026.01.23	01:40:06.283	0.78903				2
2026.01.23	01:40:09.510	0.78906	0.78912			6
2026.01.23	01:40:11.362	0.78905	0.78913			6
2026.01.23	01:40:13.393	0.78906				2
2026.01.23	01:40:15.308	0.78908	0.78914			6
2026.01.23	01:40:19.412	0.78906				2
2026.01.23	01:40:19.906	0.78908	0.78913			6
2026.01.23	01:40:20.352	0.78907				2
2026.01.23	01:40:20.715	0.78908				2
2026.01.23	01:40:23.882	0.78907	0.78914			6
2026.01.23	01:40:26.726	0.78908	0.78913			6
2026.01.23	01:40:29.752	0.78906				2
2026.01.23	01:40:30.095	0.78907	0.78914			6
2026.01.23	01:40:31.004	0.78906	0.78913			6
2026.01.23	01:40:32.125	0.78907	0.78914			6
2026.01.23	01:40:33.135	0.78908	0.78913			6
2026.01.23	01:40:34.093	0.78907				2
2026.01.23	01:40:37.559	0.78908				2
2026.01.23	01:40:38.983	0.78906				2
2026.01.23	01:40:39.290	0.78908				2
2026.01.23	01:40:39.949	0.78906				2
2026.01.23	01:40:40.515	0.78908				2
2026.01.23	01:40:41.663	0.78906				2
2026.01.23	01:40:42.307	0.78908				2
2026.01.23	01:40:42.623	0.78907				2
2026.01.23	01:40:44.726	0.78906				2
2026.01.23	01:40:45.114	0.78908				2
2026.01.23	01:40:45.765	0.78907				2
2026.01.23	01:40:46.420	0.78908				2
2026.01.23	01:40:46.974	0.78906				2
2026.01.23	01:40:47.317	0.78908				2
2026.01.23	01:40:48.174	0.78906				2
2026.01.23	01:40:48.968	0.78907				2
2026.01.23	01:40:49.689	0.78906	0.78912			6
2026.01.23	01:40:54.741	0.78907	0.78914			6
2026.01.23	01:41:01.534	0.78907				2
2026.01.23	01:41:05.823	0.78908	0.78915			6
2026.01.23	01:41:06.130	0.78909				2
2026.01.23	01:41:22.826	0.78910				2
2026.01.23	01:41:25.325	0.78913	0.78919			6
2026.01.23	01:41:32.725		0.78918			4
2026.01.23	01:41:55.783	0.78912				2
2026.01.23	01:41:59.123	0.78913				2
2026.01.23	01:42:00.519	0.78911	0.78917			6
2026.01.23	01:42:16.511		0.78916			4
2026.01.23	01:42:21.826	0.78910				2
2026.01.23	01:42:25.991		0.78917			4
2026.01.23	01:42:31.138	0.78911				2
2026.01.23	01:42:33.617	0.78910				2
2026.01.23	01:42:40.361	0.78905	0.78911			6
2026.01.23	01:42:40.666	0.78907	0.78914			6
2026.01.23	01:42:41.044	0.78906				2
2026.01.23	01:42:41.792	0.78907				2
2026.01.23	01:42:44.728	0.78906				2
2026.01.23	01:42:45.505	0.78907	0.78913			6
2026.01.23	01:42:49.228		0.78914			4
2026.01.23	01:42:53.930	0.78906				2
2026.01.23	01:42:56.421	0.78910	0.78915			6
2026.01.23	01:43:01.488	0.78911	0.78917			6
2026.01.23	01:43:06.368	0.78910				2
2026.01.23	01:43:39.617	0.78911				2
2026.01.23	01:44:03.823	0.78911	0.78917			6
2026.01.23	01:44:35.537	0.78912				2
2026.01.23	01:44:47.425	0.78911				2
2026.01.23	01:44:51.025	0.78912				2
2026.01.23	01:44:53.190	0.78911				2
2026.01.23	01:45:00.389	0.78911				2
2026.01.23	01:45:01.162	0.78910				2
2026.01.23	01:45:01.574		0.78916			4
2026.01.23	01:45:04.487		0.78917			4
2026.01.23	01:45:05.990	0.78911				2
2026.01.23	01:45:11.390		0.78916			4
2026.01.23	01:45:16.367		0.78917			4
2026.01.23	01:45:17.120		0.78916			4
2026.01.23	01:45:22.166	0.78909	0.78914			6
2026.01.23	01:45:22.641	0.78908				2
2026.01.23	01:45:23.937	0.78907	0.78913			6
2026.01.23	01:45:30.152		0.78912			4
2026.01.23	01:45:31.687		0.78913			4
2026.01.23	01:45:35.484		0.78912			4
2026.01.23	01:45:35.815		0.78913			4
2026.01.23	01:45:39.716	0.78906	0.78912			6
2026.01.23	01:45:57.528		0.78913			4
2026.01.23	01:46:00.517	0.78907				2
2026.01.23	01:46:07.776	0.78906				2
2026.01.23	01:46:11.123	0.78907				2
2026.01.23	01:46:18.533	0.78908				2
2026.01.23	01:46:21.698	0.78907				2
2026.01.23	01:46:22.508	0.78908				2
2026.01.23	01:46:23.623	0.78907				2
2026.01.23	01:46:28.320	0.78908				2
2026.01.23	01:46:29.261	0.78907	0.78914			6
2026.01.23	01:46:30.777	0.78908				2
2026.01.23	01:46:33.441	0.78907				2
2026.01.23	01:46:35.876	0.78908	0.78913			6
2026.01.23	01:46:42.027		0.78914			4
2026.01.23	01:46:49.182		0.78913			4
2026.01.23	01:47:00.021	0.78908				2
2026.01.23	01:47:01.502		0.78914			4
2026.01.23	01:47:02.118	0.78911	0.78915			6
2026.01.23	01:47:02.439		0.78916			4
2026.01.23	01:47:04.042		0.78917			4
2026.01.23	01:47:05.895	0.78912	0.78919			6
2026.01.23	01:47:06.462	0.78913	0.78918			6
2026.01.23	01:47:11.279		0.78919			4
2026.01.23	01:47:12.631		0.78918			4
2026.01.23	01:47:23.714		0.78919			4
2026.01.23	01:47:25.020	0.78912	0.78918			6
2026.01.23	01:47:32.620	0.78913				2
2026.01.23	01:47:33.101		0.78919			4
2026.01.23	01:47:33.415	0.78915	0.78922			6
2026.01.23	01:47:33.740		0.78921			4
2026.01.23	01:47:34.052	0.78916				2
2026.01.23	01:47:36.252		0.78922			4
2026.01.23	01:47:40.450		0.78921			4
2026.01.23	01:47:42.034	0.78913	0.78919			6
2026.01.23	01:47:44.243		0.78918			4
2026.01.23	01:47:48.202	0.78912				2
2026.01.23	01:47:52.105	0.78913				2
2026.01.23	01:47:55.428	0.78912	0.78917			6
2026.01.23	01:47:56.455		0.78916			4
2026.01.23	01:47:57.647	0.78911				2
2026.01.23	01:48:01.396	0.78911				2
2026.01.23	01:48:04.782		0.78917			4
2026.01.23	01:48:05.410		0.78916			4
2026.01.23	01:48:05.720	0.78912	0.78917			6
2026.01.23	01:48:13.055	0.78911				2
2026.01.23	01:48:16.320	0.78908	0.78914			6
2026.01.23	01:48:16.625	0.78906	0.78912			6
2026.01.23	01:48:16.978	0.78904	0.78910			6
2026.01.23	01:48:17.494	0.78903	0.78909			6
2026.01.23	01:48:17.854		0.78910			4
2026.01.23	01:48:18.188	0.78906	0.78911			6
2026.01.23	01:48:21.065	0.78903	0.78909			6
2026.01.23	01:48:24.275	0.78904				2
2026.01.23	01:48:30.114	0.78902				2
2026.01.23	01:48:31.106	0.78903				2
2026.01.23	01:48:31.417		0.78908			4
2026.01.23	01:48:32.453		0.78909			4
2026.01.23	01:48:36.398	0.78904	0.78910			6
2026.01.23	01:48:39.980	0.78903	0.78909			6
2026.01.23	01:48:48.218	0.78904				2
2026.01.23	01:48:49.253		0.78910			4
2026.01.23	01:48:55.360	0.78906	0.78912			6
2026.01.23	01:48:56.619		0.78911			4
2026.01.23	01:49:01.431	0.78906				2
2026.01.23	01:49:02.560		0.78912			4
2026.01.23	01:49:04.860		0.78913			4
2026.01.23	01:49:06.024	0.78907				2
2026.01.23	01:49:09.009	0.78906	0.78912			6
2026.01.23	01:49:10.000	0.78907				2
2026.01.23	01:49:11.419	0.78906				2
2026.01.23	01:49:20.271	0.78907				2
2026.01.23	01:49:27.612	0.78906				2
2026.01.23	01:49:29.693	0.78907				2
2026.01.23	01:49:30.810	0.78912	0.78917			6
2026.01.23	01:49:31.158	0.78910				2
2026.01.23	01:49:33.045		0.78916			4
2026.01.23	01:49:37.058	0.78911				2
2026.01.23	01:49:38.317		0.78915			4
2026.01.23	01:49:51.900		0.78916			4
2026.01.23	01:49:57.909		0.78917			4
2026.01.23	01:50:02.099	0.78911				2
2026.01.23	01:50:05.089		0.78918			4
2026.01.23	01:50:09.747	0.78912				2
2026.01.23	01:50:10.751		0.78917			4
2026.01.23	01:50:15.659		0.78918			4
2026.01.23	01:50:17.406	0.78913	0.78919			6
2026.01.23	01:50:18.750		0.78918			4
2026.01.23	01:50:20.175		0.78919			4
2026.01.23	01:50:20.687	0.78914				2
2026.01.23	01:50:21.950	0.78915	0.78921			6
2026.01.23	01:50:33.522	0.78917				2
2026.01.23	01:50:39.624	0.78916				2
2026.01.23	01:50:50.475	0.78915				2
2026.01.23	01:50:57.885	0.78913				2
2026.01.23	01:50:58.197		0.78920			4
2026.01.23	01:50:58.667	0.78914				2
2026.01.23	01:51:00.586	0.78914	0.78919			6
2026.01.23	01:51:03.345		0.78920			4
2026.01.23	01:51:06.402	0.78913	0.78922			6
2026.01.23	01:51:07.508	0.78914	0.78921			6
2026.01.23	01:51:10.046		0.78920			4
2026.01.23	01:51:15.796	0.78912	0.78919			6
2026.01.23	01:51:21.161	0.78913	0.78918			6
2026.01.23	01:51:22.364	0.78912				2
2026.01.23	01:51:30.148	0.78913	0.78919			6
2026.01.23	01:51:32.039		0.78918			4
2026.01.23	01:51:32.580		0.78919			4
2026.01.23	01:51:34.172		0.78918			4
2026.01.23	01:51:36.123		0.78917			4
2026.01.23	01:51:43.297		0.78918			4
2026.01.23	01:51:47.145	0.78912				2
2026.01.23	01:51:56.249		0.78917			4
2026.01.23	01:52:00.540	0.78912	0.78918			6
2026.01.23	01:52:01.358	0.78913				2
2026.01.23	01:52:03.348	0.78914				2
2026.01.23	01:52:03.847	0.78913	0.78919			6
2026.01.23	01:52:13.225	0.78912	0.78918			6
2026.01.23	01:52:14.046		0.78920			4
2026.01.23	01:52:14.393	0.78913	0.78919			6
2026.01.23	01:52:16.445		0.78918			4
2026.01.23	01:52:24.652		0.78919			4
2026.01.23	01:52:27.737		0.78918			4
2026.01.23	01:52:30.612		0.78917			4
2026.01.23	01:52:32.501		0.78918			4
2026.01.23	01:52:32.810		0.78919			4
2026.01.23	01:52:34.152	0.78914	0.78918			6
2026.01.23	01:52:36.223	0.78912				2
2026.01.23	01:52:37.943	0.78913				2
2026.01.23	01:52:43.186		0.78921			4
2026.01.23	01:52:43.808		0.78920			4
2026.01.23	01:52:44.202		0.78918			4
2026.01.23	01:52:45.311		0.78917			4
2026.01.23	01:52:50.477	0.78914				2
2026.01.23	01:52:51.005		0.78918			4
2026.01.23	01:52:52.157		0.78917			4
2026.01.23	01:52:53.622		0.78920			4
2026.01.23	01:52:54.055		0.78919			4
2026.01.23	01:52:54.457		0.78918			4
2026.01.23	01:52:54.879		0.78917			4
2026.01.23	01:52:56.054	0.78913				2
2026.01.23	01:53:01.508	0.78913	0.78918			6
2026.01.23	01:53:02.116		0.78919			4
2026.01.23	01:53:03.909		0.78920			4
2026.01.23	01:53:04.802		0.78919			4
2026.01.23	01:53:36.146	0.78910	0.78918			6
2026.01.23	01:53:37.453		0.78917			4
2026.01.23	01:53:40.752	0.78912	0.78918			6
2026.01.23	01:53:45.083	0.78913				2
2026.01.23	01:53:47.783	0.78912				2
2026.01.23	01:53:52.012	0.78911	0.78917			6
2026.01.23	01:53:53.471		0.78916			4
2026.01.23	01:53:55.224		0.78917			4
2026.01.23	01:54:00.558	0.78911				2
2026.01.23	01:54:01.837		0.78918			4
2026.01.23	01:54:05.642	0.78912				2
2026.01.23	01:54:18.786	0.78911				2
2026.01.23	01:54:26.438	0.78912				2
2026.01.23	01:54:27.271		0.78917			4
2026.01.23	01:54:29.597		0.78918			4
2026.01.23	01:54:30.007		0.78919			4
2026.01.23	01:54:30.825		0.78918			4
2026.01.23	01:54:31.377		0.78917			4
2026.01.23	01:54:41.513		0.78918			4
2026.01.23	01:55:01.103	0.78912				2
2026.01.23	01:55:03.271		0.78919			4
2026.01.23	01:55:10.856		0.78918			4
2026.01.23	01:55:14.439	0.78911	0.78917			6
2026.01.23	01:55:18.732		0.78916			4
2026.01.23	01:55:32.912		0.78918			4
2026.01.23	01:55:45.470		0.78917			4
2026.01.23	01:55:55.614		0.78918			4
2026.01.23	01:55:56.954		0.78917			4
2026.01.23	01:56:01.679	0.78911	0.78918			6
2026.01.23	01:56:04.955	0.78907	0.78914			6
2026.01.23	01:56:13.060	0.78906	0.78912			6
2026.01.23	01:56:13.409		0.78913			4
2026.01.23	01:56:23.696		0.78912			4
2026.01.23	01:56:27.542		0.78913			4
2026.01.23	01:56:30.363		0.78912			4
2026.01.23	01:56:32.366		0.78913			4
2026.01.23	01:56:34.362		0.78912			4
2026.01.23	01:56:48.401		0.78911			4
2026.01.23	01:56:53.593		0.78912			4
2026.01.23	01:56:56.454		0.78911			4
2026.01.23	01:57:00.085	0.78906				2
2026.01.23	01:57:02.032		0.78912			4
2026.01.23	01:57:02.862	0.78904	0.78911			6
2026.01.23	01:57:03.204		0.78912			4
2026.01.23	01:57:04.491		0.78911			4
2026.01.23	01:57:17.727	0.78905				2
2026.01.23	01:57:18.116	0.78904				2
2026.01.23	01:57:18.991	0.78905	0.78913			6
2026.01.23	01:58:02.232	0.78905				2
2026.01.23	01:58:19.574		0.78913			4
2026.01.23	01:58:21.688	0.78907	0.78915			6
2026.01.23	01:58:27.026	0.78908				2
2026.01.23	01:58:30.025	0.78907				2
2026.01.23	01:58:32.341		0.78914			4
2026.01.23	01:58:35.238		0.78915			4
2026.01.23	01:58:39.831	0.78906	0.78914			6
2026.01.23	01:58:41.091		0.78913			4
2026.01.23	01:59:00.316	0.78906				2
2026.01.23	01:59:04.938	0.78907	0.78915			6
2026.01.23	01:59:14.464	0.78908				2
2026.01.23	01:59:17.500		0.78916			4
2026.01.23	01:59:18.471	0.78907	0.78915			6
2026.01.23	01:59:19.958		0.78914			4
2026.01.23	01:59:24.198		0.78913			4
2026.01.23	01:59:28.983		0.78912			4
2026.01.23	01:59:30.783	0.78906				2
2026.01.23	01:59:32.887		0.78911			4
2026.01.23	01:59:35.149	0.78905				2
2026.01.23	01:59:48.370		0.78912			4
2026.01.23	01:59:49.281		0.78913			4
2026.01.23	01:59:50.922		0.78912			4
2026.01.23	02:00:00.320	0.78905				2
2026.01.23	02:00:01.817	0.78908	0.78914			6
2026.01.23	02:00:04.680	0.78907				2
2026.01.23	02:00:07.050	0.78906				2
2026.01.23	02:00:10.053	0.78909	0.78917			6
2026.01.23	02:00:11.087	0.78910				2
2026.01.23	02:00:12.548	0.78911				2
2026.01.23	02:00:15.377		0.78916			4
2026.01.23	02:00:15.810		0.78917			4
2026.01.23	02:00:16.902		0.78916			4
2026.01.23	02:00:20.844		0.78917			4
2026.01.23	02:00:26.770		0.78916			4
2026.01.23	02:00:27.894	0.78914				2
2026.01.23	02:00:28.228	0.78911				2
2026.01.23	02:00:29.906	0.78913				2
2026.01.23	02:00:30.237	0.78911				2
2026.01.23	02:00:30.629		0.78917			4
2026.01.23	02:00:34.441		0.78916			4
2026.01.23	02:00:35.618		0.78917			4
2026.01.23	02:00:39.262		0.78916			4
2026.01.23	02:00:41.417	0.78910				2
2026.01.23	02:00:42.072	0.78911				2
2026.01.23	02:00:52.367	0.78920	0.78927			6
2026.01.23	02:00:53.610	0.78923	0.78929			6
2026.01.23	02:00:53.954		0.78928			4
2026.01.23	02:00:55.529		0.78927			4
2026.01.23	02:00:59.580	0.78922				2
2026.01.23	02:01:00.314	0.78922				2
2026.01.23	02:01:04.787		0.78926			4
2026.01.23	02:01:05.934	0.78921				2
2026.01.23	02:01:07.663		0.78925			4
2026.01.23	02:01:10.011		0.78926			4
2026.01.23	02:01:12.090		0.78928			4
2026.01.23	02:01:12.839		0.78926			4
2026.01.23	02:01:14.669	0.78920				2
2026.01.23	02:01:16.489		0.78925			4
2026.01.23	02:01:18.572		0.78926			4
2026.01.23	02:01:25.953		0.78925			4
2026.01.23	02:01:34.320		0.78926			4
2026.01.23	02:01:34.632	0.78921				2
2026.01.23	02:01:34.938	0.78920				2
2026.01.23	02:01:35.292	0.78923	0.78928			6
2026.01.23	02:01:35.600	0.78921				2
2026.01.23	02:01:36.021	0.78922				2
2026.01.23	02:01:38.397	0.78921	0.78927			6
2026.01.23	02:01:42.292		0.78928			4
2026.01.23	02:01:43.251		0.78927			4
2026.01.23	02:01:54.344	0.78926	0.78932			6
2026.01.23	02:01:55.730		0.78931			4
2026.01.23	02:02:00.317	0.78926				2
2026.01.23	02:02:01.394	0.78922	0.78929			6
2026.01.23	02:02:03.269		0.78928			4
2026.01.23	02:02:07.016	0.78923	0.78929			6
2026.01.23	02:02:07.883	0.78922				2
2026.01.23	02:02:13.429	0.78923				2
2026.01.23	02:02:15.555	0.78922				2
2026.01.23	02:02:17.180		0.78928			4
2026.01.23	02:02:23.698	0.78921	0.78927			6
2026.01.23	02:02:27.042		0.78926			4
2026.01.23	02:02:29.476		0.78927			4
2026.01.23	02:02:33.102	0.78922				2
2026.01.23	02:02:34.208	0.78921				2
2026.01.23	02:02:34.688	0.78922				2
2026.01.23	02:02:35.252	0.78921				2
2026.01.23	02:02:36.112	0.78922				2
2026.01.23	02:02:37.419	0.78921				2
2026.01.23	02:02:40.199	0.78919	0.78925			6
2026.01.23	02:02:41.865	0.78918				2
2026.01.23	02:02:42.730	0.78919				2
2026.01.23	02:02:43.879	0.78924	0.78930			6
2026.01.23	02:02:44.724		0.78929			4
2026.01.23	02:02:47.186	0.78923				2
2026.01.23	02:02:49.771		0.78928			4
2026.01.23	02:02:50.460		0.78927			4
2026.01.23	02:02:51.080	0.78922				2
2026.01.23	02:02:51.919	0.78923	0.78928			6
2026.01.23	02:02:52.545		0.78927			4
2026.01.23	02:02:53.598	0.78922				2
2026.01.23	02:02:54.698	0.78923	0.78928			6
2026.01.23	02:02:55.310		0.78929			4
2026.01.23	02:02:56.058		0.78928			4
2026.01.23	02:02:57.440	0.78924	0.78929			6
2026.01.23	02:02:59.173	0.78925	0.78930			6
2026.01.23	02:02:59.476	0.78924	0.78929			6
2026.01.23	02:03:00.512	0.78924				2
2026.01.23	02:03:01.708	0.78926	0.78931			6
2026.01.23	02:03:02.207	0.78925				2
2026.01.23	02:03:04.683	0.78924				2
2026.01.23	02:03:05.566	0.78925	0.78930			6
2026.01.23	02:03:10.062	0.78926				2
2026.01.23	02:03:10.851	0.78923	0.78929			6
2026.01.23	02:03:11.623	0.78921	0.78927			6
2026.01.23	02:03:13.396	0.78922	0.78928			6
2026.01.23	02:03:17.857	0.78923				2
2026.01.23	02:03:22.054		0.78929			4
2026.01.23	02:03:23.841	0.78924				2
2026.01.23	02:03:25.357	0.78923				2
2026.01.23	02:03:28.526	0.78924				2
2026.01.23	02:03:34.418		0.78928			4
2026.01.23	02:03:39.601	0.78922				2
2026.01.23	02:03:40.499	0.78921	0.78927			6
2026.01.23	02:03:41.891	0.78923				2
2026.01.23	02:03:42.199		0.78928			4
2026.01.23	02:03:42.921	0.78921	0.78927			6
2026.01.23	02:03:43.781	0.78922				2
2026.01.23	02:03:44.689		0.78928			4
2026.01.23	02:03:51.226	0.78921	0.78927			6
2026.01.23	02:03:52.610	0.78922	0.78928			6
2026.01.23	02:03:53.619	0.78923				2
2026.01.23	02:03:56.696	0.78924				2
2026.01.23	02:03:57.373	0.78923				2
2026.01.23	02:03:59.074	0.78926	0.78931			6
2026.01.23	02:04:00.673	0.78927	0.78932			6
2026.01.23	02:04:01.879	0.78926	0.78931			6
2026.01.23	02:04:03.474	0.78925				2
2026.01.23	02:04:07.558	0.78928	0.78934			6
2026.01.23	02:04:08.230		0.78933			4
2026.01.23	02:04:08.909	0.78926	0.78932			6
2026.01.23	02:04:09.744		0.78931			4
2026.01.23	02:04:19.882		0.78932			4
2026.01.23	02:04:20.670	0.78930	0.78934			6
2026.01.23	02:04:20.979	0.78928				2
2026.01.23	02:04:22.411		0.78933			4
2026.01.23	02:04:26.778		0.78934			4
2026.01.23	02:04:28.123	0.78929	0.78935			6
2026.01.23	02:04:28.835		0.78934			4
2026.01.23	02:04:30.112	0.78930	0.78936			6
2026.01.23	02:04:33.089	0.78931				2
2026.01.23	02:04:36.852		0.78935			4
2026.01.23	02:04:37.194	0.78930				2
2026.01.23	02:04:38.679	0.78929	0.78934			6
2026.01.23	02:04:40.324	0.78930				2
2026.01.23	02:04:41.675	0.78929				2
2026.01.23	02:04:42.632	0.78930				2
2026.01.23	02:04:45.156	0.78928				2
2026.01.23	02:04:45.467	0.78930				2
2026.01.23	02:04:46.107	0.78929				2
2026.01.23	02:04:50.200		0.78933			4
2026.01.23	02:04:50.525	0.78928	0.78934			6
2026.01.23	02:04:52.410	0.78929				2
2026.01.23	02:04:52.764		0.78935			4
2026.01.23	02:04:59.282		0.78936			4
2026.01.23	02:05:00.542	0.78930				2
2026.01.23	02:05:01.716	0.78932	0.78938			6
2026.01.23	02:05:03.564		0.78937			4
2026.01.23	02:05:03.978		0.78938			4
2026.01.23	02:05:08.438		0.78937			4
2026.01.23	02:05:11.637		0.78938			4
2026.01.23	02:05:12.711		0.78937			4
2026.01.23	02:05:13.058		0.78938			4
2026.01.23	02:05:15.137		0.78937			4
2026.01.23	02:05:22.122	0.78931	0.78936			6
2026.01.23	02:05:25.438	0.78932				2
2026.01.23	02:05:26.227		0.78937			4
2026.01.23	02:05:26.817	0.78931				2
2026.01.23	02:05:31.424	0.78930				2
2026.01.23	02:05:35.491	0.78931				2
2026.01.23	02:05:36.920	0.78932				2
2026.01.23	02:05:41.986		0.78936			4
2026.01.23	02:05:44.345		0.78937			4
2026.01.23	02:05:45.825		0.78938			4
2026.01.23	02:05:46.943		0.78939			4
2026.01.23	02:05:48.215	0.78934				2
2026.01.23	02:05:51.412		0.78940			4
2026.01.23	02:05:56.781	0.78933				2
2026.01.23	02:06:00.672	0.78936	0.78942			6
2026.01.23	02:06:02.169	0.78937				2
2026.01.23	02:06:03.341	0.78939	0.78945			6
2026.01.23	02:06:09.319	0.78935	0.78940			6
2026.01.23	02:06:09.703		0.78941			4
2026.01.23	02:06:10.988		0.78940			4
2026.01.23	02:06:17.986	0.78933				2
2026.01.23	02:06:19.142		0.78939			4
2026.01.23	02:06:20.274	0.78936	0.78941			6
2026.01.23	02:06:23.710		0.78942			4
2026.01.23	02:06:24.509	0.78938	0.78944			6
2026.01.23	02:06:24.843	0.78937				2
2026.01.23	02:06:26.108		0.78943			4
2026.01.23	02:06:27.533		0.78944			4
2026.01.23	02:06:31.442	0.78938	0.78945			6
2026.01.23	02:06:32.725		0.78944			4
2026.01.23	02:06:33.482		0.78945			4
2026.01.23	02:06:35.192	0.78937	0.78944			6
2026.01.23	02:06:39.075	0.78941	0.78947			6
2026.01.23	02:06:40.258	0.78940	0.78946			6
2026.01.23	02:06:44.792	0.78941	0.78947			6
2026.01.23	02:06:46.024		0.78946			4
2026.01.23	02:06:48.550	0.78942	0.78947			6
2026.01.23	02:06:48.867	0.78941				2
2026.01.23	02:06:50.030	0.78943	0.78948			6
2026.01.23	02:06:55.368		0.78949			4
2026.01.23	02:06:59.950	0.78944	0.78950			6
2026.01.23	02:07:00.356	0.78943	0.78949			6
2026.01.23	02:07:03.473	0.78944	0.78950			6
2026.01.23	02:07:06.123		0.78949			4
2026.01.23	02:07:06.483	0.78943				2
2026.01.23	02:07:08.361		0.78950			4
2026.01.23	02:07:12.060		0.78949			4
2026.01.23	02:07:17.579		0.78948			4
2026.01.23	02:07:18.192		0.78949			4
2026.01.23	02:07:20.906	0.78944	0.78950			6
2026.01.23	02:07:21.624		0.78949			4
2026.01.23	02:07:22.541	0.78945				2
2026.01.23	02:07:26.752	0.78944				2
2026.01.23	02:07:33.810	0.78943				2
2026.01.23	02:07:37.508	0.78944				2
2026.01.23	02:07:38.511	0.78943				2
2026.01.23	02:07:40.066	0.78944				2
2026.01.23	02:07:51.623	0.78945				2
2026.01.23	02:07:57.851	0.78944				2
2026.01.23	02:08:00.259	0.78944				2
2026.01.23	02:08:02.851	0.78945				2
2026.01.23	02:08:08.116	0.78944				2
2026.01.23	02:08:11.491		0.78948			4
2026.01.23	02:08:14.581	0.78945				2
2026.01.23	02:08:15.319	0.78944				2
2026.01.23	02:08:20.362		0.78950			4
2026.01.23	02:08:23.452	0.78946				2
2026.01.23	02:08:28.762		0.78951			4
2026.01.23	02:08:30.608		0.78950			4
2026.01.23	02:08:31.823		0.78951			4
2026.01.23	02:08:32.658	0.78945				2
2026.01.23	02:08:35.295	0.78941	0.78947			6
2026.01.23	02:08:36.577		0.78946			4
2026.01.23	02:08:37.463	0.78942				2
2026.01.23	02:08:44.815		0.78947			4
2026.01.23	02:08:45.828		0.78946			4
2026.01.23	02:08:49.552	0.78941				2
2026.01.23	02:08:54.523	0.78942				2
2026.01.23	02:08:56.391	0.78941				2
2026.01.23	02:09:00.477	0.78941				2
2026.01.23	02:09:07.436		0.78945			4
2026.01.23	02:09:08.862	0.78940				2
2026.01.23	02:09:22.890		0.78944			4
2026.01.23	02:09:40.463	0.78941	0.78945			6
2026.01.23	02:09:42.909		0.78946			4
2026.01.23	02:09:43.337		0.78947			4
2026.01.23	02:09:54.330		0.78946			4
2026.01.23	02:10:00.678	0.78941				2
2026.01.23	02:10:00.980	0.78938	0.78944			6
2026.01.23	02:10:01.993	0.78937				2
2026.01.23	02:10:05.578		0.78943			4
2026.01.23	02:10:07.970	0.78935	0.78942			6
2026.01.23	02:10:09.430		0.78941			4
2026.01.23	02:10:14.064	0.78936				2
2026.01.23	02:10:22.809		0.78942			4
2026.01.23	02:10:27.196	0.78935				2
2026.01.23	02:10:27.793		0.78941			4
2026.01.23	02:10:32.372		0.78942			4
2026.01.23	02:10:34.431		0.78941			4
2026.01.23	02:10:41.602	0.78934				2
2026.01.23	02:11:03.019	0.78938	0.78944			6
2026.01.23	02:11:03.334		0.78945			4
2026.01.23	02:11:04.041	0.78937				2
2026.01.23	02:11:05.373	0.78938				2
2026.01.23	02:11:10.957	0.78942	0.78949			6
2026.01.23	02:11:18.189	0.78943				2
2026.01.23	02:11:20.061	0.78942	0.78950			6
2026.01.23	02:11:44.559		0.78949			4
2026.01.23	02:11:45.679		0.78948			4
2026.01.23	02:11:48.975		0.78947			4
2026.01.23	02:11:51.226	0.78941				2
2026.01.23	02:12:01.831	0.78941				2
2026.01.23	02:12:07.783	0.78942	0.78949			6
2026.01.23	02:12:12.280	0.78943				2
2026.01.23	02:12:17.809	0.78942				2
2026.01.23	02:12:30.016	0.78940	0.78947			6
2026.01.23	02:12:31.056		0.78946			4
2026.01.23	02:12:43.397	0.78941	0.78947			6
2026.01.23	02:12:49.786		0.78946			4
2026.01.23	02:13:05.312	0.78941	0.78948			6
2026.01.23	02:13:33.524		0.78947			4
2026.01.23	02:13:35.479		0.78946			4
2026.01.23	02:13:42.052		0.78947			4
2026.01.23	02:13:44.171		0.78948			4
2026.01.23	02:13:46.100		0.78947			4
2026.01.23	02:13:58.151		0.78948			4
2026.01.23	02:13:58.476	0.78942	0.78949			6
2026.01.23	02:14:00.127	0.78942				2
2026.01.23	02:14:01.217	0.78945	0.78951			6
2026.01.23	02:14:06.025		0.78952			4
2026.01.23	02:14:10.890		0.78951			4
2026.01.23	02:14:20.729		0.78952			4
2026.01.23	02:14:22.952		0.78951			4
2026.01.23	02:14:27.870	0.78946	0.78952			6
2026.01.23	02:14:28.839		0.78953			4
2026.01.23	02:14:32.601		0.78952			4
2026.01.23	02:14:33.396	0.78948	0.78953			6
2026.01.23	02:14:34.638		0.78952			4
2026.01.23	02:14:38.626		0.78954			4
2026.01.23	02:14:39.818		0.78953			4
2026.01.23	02:14:43.774		0.78952			4
2026.01.23	02:14:44.640		0.78953			4
2026.01.23	02:14:49.111		0.78952			4
2026.01.23	02:14:49.542	0.78946	0.78951			6
2026.01.23	02:14:51.323	0.78947				2
2026.01.23	02:14:53.861		0.78952			4
2026.01.23	02:15:00.310	0.78950	0.78954			6
2026.01.23	02:15:03.573		0.78953			4
2026.01.23	02:15:08.798	0.78949				2
2026.01.23	02:15:10.278	0.78950	0.78954			6
2026.01.23	02:15:17.214		0.78953			4
2026.01.23	02:15:18.522		0.78954			4
2026.01.23	02:15:20.233	0.78949				2
2026.01.23	02:15:20.767	0.78953	0.78956			6
2026.01.23	02:15:25.429		0.78958			4
2026.01.23	02:15:27.063		0.78957			4
2026.01.23	02:15:28.019		0.78956			4
2026.01.23	02:15:28.414		0.78957			4
2026.01.23	02:15:29.731		0.78956			4
2026.01.23	02:15:30.883		0.78955			4
2026.01.23	02:15:33.972	0.78952				2
2026.01.23	02:15:42.660	0.78951				2
2026.01.23	02:15:43.134	0.78949				2
2026.01.23	02:15:43.439		0.78954			4
2026.01.23	02:15:43.746	0.78948				2
2026.01.23	02:15:44.383		0.78953			4
2026.01.23	02:15:48.550		0.78952			4
2026.01.23	02:15:49.966	0.78949	0.78953			6
2026.01.23	02:15:54.885	0.78948	0.78952			6
2026.01.23	02:15:57.457		0.78953			4
2026.01.23	02:15:59.761	0.78947	0.78952			6
2026.01.23	02:16:00.782	0.78947	0.78951			6
2026.01.23	02:16:01.529	0.78946				2
2026.01.23	02:16:03.655	0.78945	0.78950			6
2026.01.23	02:16:09.024	0.78946				2
2026.01.23	02:16:11.886	0.78944	0.78949			6
2026.01.23	02:16:12.852		0.78948			4
2026.01.23	02:16:13.318	0.78946	0.78950			6
2026.01.23	02:16:14.451		0.78951			4
2026.01.23	02:16:20.629		0.78950			4
2026.01.23	02:16:27.553	0.78945	0.78948			6
2026.01.23	02:16:27.975	0.78944				2
2026.01.23	02:16:28.796	0.78945	0.78949			6
2026.01.23	02:16:31.248	0.78941	0.78946			6
2026.01.23	02:16:31.578	0.78942	0.78947			6
2026.01.23	02:16:38.856	0.78941				2
2026.01.23	02:16:39.925	0.78942				2
2026.01.23	02:16:43.423	0.78941				2
2026.01.23	02:16:46.067		0.78946			4
2026.01.23	02:16:46.781	0.78938	0.78943			6
2026.01.23	02:16:47.087	0.78939				2
2026.01.23	02:16:47.487	0.78938				2
2026.01.23	02:16:52.712		0.78942			4
2026.01.23	02:16:57.928	0.78935	0.78941			6
2026.01.23	02:16:58.581		0.78940			4
2026.01.23	02:17:00.154	0.78936				2
2026.01.23	02:17:05.919	0.78935				2
2026.01.23	02:17:07.040		0.78939			4
2026.01.23	02:17:08.079		0.78940			4
2026.01.23	02:17:08.763	0.78936				2
2026.01.23	02:17:13.049		0.78939			4
2026.01.23	02:17:16.326		0.78940			4
2026.01.23	02:17:16.770	0.78935				2
2026.01.23	02:17:17.532	0.78936				2
2026.01.23	02:17:18.902	0.78935				2
2026.01.23	02:17:19.829	0.78936				2
2026.01.23	02:17:29.026		0.78941			4
2026.01.23	02:17:30.059	0.78938	0.78943			6
2026.01.23	02:17:30.471	0.78936	0.78941			6
2026.01.23	02:17:30.830		0.78942			4
2026.01.23	02:17:31.496		0.78941			4
2026.01.23	02:17:32.496		0.78940			4
2026.01.23	02:17:44.027		0.78939			4
2026.01.23	02:17:47.413	0.78934	0.78938			6
2026.01.23	02:17:48.551		0.78937			4
2026.01.23	02:17:50.793	0.78932				2
2026.01.23	02:17:51.825	0.78933				2
2026.01.23	02:17:53.330	0.78932				2
2026.01.23	02:17:55.534	0.78935	0.78939			6
2026.01.23	02:17:55.855	0.78936	0.78940			6
2026.01.23	02:17:58.433	0.78931	0.78937			6
2026.01.23	02:18:01.262	0.78931	0.78936			6
2026.01.23	02:18:03.372	0.78926	0.78932			6
2026.01.23	02:18:05.019		0.78931			4
2026.01.23	02:18:06.037	0.78930	0.78936			6
2026.01.23	02:18:08.388		0.78935			4
2026.01.23	02:18:12.887	0.78929	0.78934			6
2026.01.23	02:18:20.399	0.78928	0.78933			6
2026.01.23	02:18:21.952		0.78932			4
2026.01.23	02:18:23.451		0.78934			4
2026.01.23	02:18:27.215	0.78929				2
2026.01.23	02:18:36.263	0.78933	0.78938			6
2026.01.23	02:18:36.675	0.78932				2
2026.01.23	02:18:37.162		0.78937			4
2026.01.23	02:18:39.774		0.78936			4
2026.01.23	02:18:40.312	0.78931				2
2026.01.23	02:18:59.359	0.78930	0.78935			6
2026.01.23	02:18:59.880	0.78931				2
2026.01.23	02:19:00.736	0.78930				2
2026.01.23	02:19:18.525	0.78932	0.78936			6
2026.01.23	02:19:20.360		0.78938			4
2026.01.23	02:19:21.366		0.78937			4
2026.01.23	02:19:32.200	0.78933	0.78938			6
2026.01.23	02:19:36.153	0.78936	0.78942			6
2026.01.23	02:19:36.969	0.78935	0.78941			6
2026.01.23	02:19:55.413	0.78934				2
2026.01.23	02:19:55.973		0.78940			4
2026.01.23	02:19:59.029	0.78935				2
2026.01.23	02:20:00.475	0.78935				2
2026.01.23	02:20:03.025	0.78934				2
2026.01.23	02:20:03.853		0.78941			4
2026.01.23	02:20:05.059	0.78937	0.78943			6
2026.01.23	02:20:15.944		0.78942			4
2026.01.23	02:20:17.586		0.78943			4
2026.01.23	02:20:19.397	0.78938				2
2026.01.23	02:20:21.216		0.78944			4
2026.01.23	02:20:41.720	0.78937				2
2026.01.23	02:20:42.026	0.78936	0.78943			6
2026.01.23	02:20:45.084		0.78944			4
2026.01.23	02:20:45.748		0.78943			4
2026.01.23	02:20:48.662	0.78937	0.78944			6
2026.01.23	02:20:51.913	0.78936	0.78943			6
2026.01.23	02:20:54.026	0.78937	0.78944			6
2026.01.23	02:21:01.776	0.78937				2
2026.01.23	02:21:02.437	0.78936	0.78942			6
2026.01.23	02:21:03.550		0.78941			4
2026.01.23	02:21:04.467	0.78935				2
2026.01.23	02:21:04.836	0.78934				2
2026.01.23	02:21:07.174	0.78935				2
2026.01.23	02:21:12.815	0.78936	0.78943			6
2026.01.23	02:21:13.881		0.78941			4
2026.01.23	02:21:15.885		0.78940			4
2026.01.23	02:21:17.164		0.78941			4
2026.01.23	02:21:17.870	0.78937	0.78942			6
2026.01.23	02:21:24.641	0.78938				2
2026.01.23	02:21:30.411		0.78943			4
2026.01.23	02:21:34.181	0.78937				2
2026.01.23	02:21:34.486	0.78938				2
2026.01.23	02:21:38.017	0.78937				2
2026.01.23	02:21:39.152	0.78935	0.78941			6
2026.01.23	02:21:40.551	0.78934	0.78940			6
2026.01.23	02:21:41.297		0.78939			4
2026.01.23	02:21:43.142	0.78927	0.78934			6
2026.01.23	02:21:43.453	0.78928				2
2026.01.23	02:21:45.162	0.78927				2
2026.01.23	02:21:46.163		0.78933			4
2026.01.23	02:21:46.939	0.78924	0.78932			6
2026.01.23	02:21:47.550		0.78931			4
2026.01.23	02:21:48.550		0.78930			4
2026.01.23	02:21:53.275	0.78925				2
2026.01.23	02:21:54.456		0.78931			4
2026.01.23	02:21:54.826	0.78926				2
2026.01.23	02:21:55.538	0.78927	0.78932			6
2026.01.23	02:21:55.842	0.78926				2
2026.01.23	02:21:59.711		0.78931			4
2026.01.23	02:22:01.718	0.78925				2
2026.01.23	02:22:02.831		0.78930			4
2026.01.23	02:22:11.173	0.78926	0.78931			6
2026.01.23	02:22:11.865	0.78927				2
2026.01.23	02:22:14.300	0.78925				2
2026.01.23	02:22:19.675	0.78926				2
2026.01.23	02:22:21.305	0.78925				2
2026.01.23	02:22:22.897	0.78924	0.78930			6
2026.01.23	02:22:23.319	0.78925				2
2026.01.23	02:22:24.840	0.78924	0.78929			6
2026.01.23	02:22:25.159	0.78925				2
2026.01.23	02:22:25.903		0.78928			4
2026.01.23	02:22:27.566		0.78927			4
2026.01.23	02:22:41.230		0.78930			4
2026.01.23	02:22:42.812	0.78924				2
2026.01.23	02:22:45.158		0.78932			4
2026.01.23	02:22:49.684	0.78925	0.78931			6
2026.01.23	02:22:51.650	0.78923	0.78927			6
2026.01.23	02:22:52.943		0.78926			4
2026.01.23	02:22:53.942		0.78925			4
2026.01.23	02:22:56.351	0.78919				2
2026.01.23	02:22:56.675	0.78918	0.78924			6
2026.01.23	02:23:02.835	0.78918				2
2026.01.23	02:23:11.771	0.78919				2
2026.01.23	02:23:14.668	0.78918				2
2026.01.23	02:23:20.470		0.78925			4
2026.01.23	02:23:21.153	0.78919				2
2026.01.23	02:23:21.963	0.78918				2
2026.01.23	02:23:25.321	0.78919	0.78926			6
2026.01.23	02:23:25.629	0.78920				2
2026.01.23	02:23:25.984	0.78919				2
2026.01.23	02:23:33.580		0.78924			4
2026.01.23	02:23:34.152	0.78920				2
2026.01.23	02:23:36.384		0.78925			4
2026.01.23	02:23:42.520	0.78919				2
2026.01.23	02:23:44.520		0.78924			4
2026.01.23	02:23:45.993	0.78918	0.78925			6
2026.01.23	02:23:47.999		0.78924			4
2026.01.23	02:23:58.750	0.78919	0.78923			6
2026.01.23	02:23:59.679	0.78922	0.78929			6
2026.01.23	02:24:01.553	0.78922	0.78927			6
2026.01.23	02:24:02.319		0.78926			4
2026.01.23	02:24:04.611	0.78924	0.78928			6
2026.01.23	02:24:05.581		0.78929			4
2026.01.23	02:24:15.190		0.78928			4
2026.01.23	02:24:17.663	0.78923	0.78927			6
2026.01.23	02:24:19.359	0.78925	0.78928			6
2026.01.23	02:24:19.876		0.78929			4
2026.01.23	02:24:20.415		0.78930			4
2026.01.23	02:24:21.488	0.78922	0.78929			6
2026.01.23	02:24:39.643	0.78923				2
2026.01.23	02:24:52.628	0.78922				2
2026.01.23	02:24:59.879	0.78925	0.78930			6
2026.01.23	02:25:00.880	0.78925				2
2026.01.23	02:25:16.247	0.78928	0.78932			6
2026.01.23	02:25:16.562	0.78925	0.78931			6
2026.01.23	02:25:17.662	0.78926				2
2026.01.23	02:25:20.077	0.78925				2
2026.01.23	02:25:24.373	0.78926				2
2026.01.23	02:25:26.481	0.78928	0.78934			6
2026.01.23	02:25:29.197	0.78929				2
2026.01.23	02:25:29.747	0.78928				2
2026.01.23	02:25:32.546		0.78935			4
2026.01.23	02:25:33.350	0.78924	0.78929			6
2026.01.23	02:25:33.663	0.78926				2
2026.01.23	02:25:34.208	0.78925				2
2026.01.23	02:25:34.520	0.78922				2
2026.01.23	02:25:34.904		0.78928			4
2026.01.23	02:25:35.274	0.78921				2
2026.01.23	02:25:39.026	0.78922				2
2026.01.23	02:25:41.892	0.78926				2
2026.01.23	02:25:45.126	0.78922				2
2026.01.23	02:25:45.441	0.78918	0.78924			6
2026.01.23	02:25:46.500	0.78920				2
2026.01.23	02:25:50.430	0.78912	0.78917			6
2026.01.23	02:25:51.453	0.78914				2
2026.01.23	02:25:54.359		0.78916			4
2026.01.23	02:25:55.961	0.78911				2
2026.01.23	02:25:56.303	0.78912				2
2026.01.23	02:25:58.121	0.78911				2
2026.01.23	02:25:58.440	0.78912	0.78915			6
2026.01.23	02:25:59.116	0.78910				2
2026.01.23	02:25:59.645	0.78912	0.78916			6
2026.01.23	02:26:00.314	0.78912				2
2026.01.23	02:26:00.619	0.78914	0.78918			6
2026.01.23	02:26:00.926	0.78917	0.78919			6
2026.01.23	02:26:01.351	0.78916				2
2026.01.23	02:26:01.782	0.78918	0.78922			6
2026.01.23	02:26:02.436	0.78917				2
2026.01.23	02:26:03.285	0.78919	0.78924			6
2026.01.23	02:26:05.016	0.78920				2
2026.01.23	02:26:05.825		0.78925			4
2026.01.23	02:26:07.762		0.78924			4
2026.01.23	02:26:09.455		0.78925			4
2026.01.23	02:26:10.657		0.78926			4
2026.01.23	02:26:10.997		0.78925			4
2026.01.23	02:26:12.014		0.78924			4
2026.01.23	02:26:15.495		0.78925			4
2026.01.23	02:26:16.540	0.78919	0.78924			6
2026.01.23	02:26:16.859	0.78920				2
2026.01.23	02:26:28.930	0.78919				2
2026.01.23	02:26:29.675		0.78923			4
2026.01.23	02:26:30.451	0.78920				2
2026.01.23	02:26:30.851	0.78919	0.78924			6
2026.01.23	02:26:32.250		0.78923			4
2026.01.23	02:26:35.851	0.78920	0.78924			6
2026.01.23	02:26:38.199	0.78921	0.78925			6
2026.01.23	02:26:40.647	0.78922	0.78928			6
2026.01.23	02:26:41.248	0.78923				2
2026.01.23	02:26:42.449		0.78927			4
2026.01.23	02:26:46.490	0.78922				2
2026.01.23	02:26:48.364	0.78921				2
2026.01.23	02:26:49.862	0.78919	0.78924			6
2026.01.23	02:26:50.171	0.78920				2
2026.01.23	02:26:52.369		0.78923			4
2026.01.23	02:27:00.358	0.78920				2
2026.01.23	02:27:01.668		0.78926			4
2026.01.23	02:27:02.253		0.78923			4
2026.01.23	02:27:05.140		0.78924			4
2026.01.23	02:27:08.851	0.78921	0.78925			6
2026.01.23	02:27:12.135		0.78926			4
2026.01.23	02:27:17.016		0.78925			4
2026.01.23	02:27:22.140	0.78920				2
2026.01.23	02:27:25.991	0.78921				2
2026.01.23	02:27:27.325		0.78926			4
2026.01.23	02:27:28.322	0.78920	0.78925			6
2026.01.23	02:27:33.954		0.78926			4
2026.01.23	02:27:38.070		0.78925			4
2026.01.23	02:27:41.998	0.78919				2
2026.01.23	02:27:45.024	0.78920	0.78926			6
2026.01.23	02:27:46.647	0.78919				2
2026.01.23	02:27:47.188	0.78920				2
2026.01.23	02:27:47.549	0.78919				2
2026.01.23	02:27:48.203	0.78920				2
2026.01.23	02:27:49.264	0.78919				2
2026.01.23	02:27:51.078	0.78918				2
2026.01.23	02:27:59.329	0.78919	0.78925			6
2026.01.23	02:28:00.059	0.78918				2
2026.01.23	02:28:15.937		0.78924			4
2026.01.23	02:28:22.070	0.78920				2
2026.01.23	02:28:24.660	0.78919	0.78925			6
2026.01.23	02:28:26.062	0.78920				2
2026.01.23	02:28:28.273	0.78921	0.78928			6
2026.01.23	02:28:29.675	0.78919	0.78926			6
2026.01.23	02:28:30.470		0.78925			4
2026.01.23	02:28:31.170		0.78924			4
2026.01.23	02:28:32.596	0.78920				2
2026.01.23	02:28:35.732	0.78919				2
2026.01.23	02:28:40.720	0.78920	0.78925			6
2026.01.23	02:29:01.102	0.78920				2
2026.01.23	02:29:01.627	0.78921				2
2026.01.23	02:29:05.221	0.78920				2
2026.01.23	02:29:06.161	0.78919				2
2026.01.23	02:29:14.342		0.78924			4
2026.01.23	02:29:16.710	0.78920				2
2026.01.23	02:29:17.021	0.78919				2
2026.01.23	02:29:21.040	0.78920				2
2026.01.23	02:29:30.568	0.78921	0.78925			6
2026.01.23	02:29:40.775	0.78922				2
2026.01.23	02:29:42.750	0.78921				2
2026.01.23	02:29:43.853	0.78922	0.78926			6
2026.01.23	02:29:45.749	0.78921	0.78925			6
2026.01.23	02:30:00.442	0.78921				2
2026.01.23	02:30:10.549	0.78917	0.78923			6
2026.01.23	02:30:11.436	0.78916	0.78922			6
2026.01.23	02:30:11.757	0.78917	0.78921			6
2026.01.23	02:30:12.868		0.78920			4
2026.01.23	02:30:14.381	0.78916				2
2026.01.23	02:30:14.726	0.78917				2
2026.01.23	02:30:16.644		0.78921			4
2026.01.23	02:30:18.195	0.78916				2
2026.01.23	02:30:20.880	0.78918	0.78922			6
2026.01.23	02:30:29.451	0.78916	0.78921			6
2026.01.23	02:30:34.036		0.78920			4
2026.01.23	02:30:35.115	0.78914				2
2026.01.23	02:30:35.908		0.78919			4
2026.01.23	02:30:36.796		0.78918			4
2026.01.23	02:30:39.788	0.78915	0.78919			6
2026.01.23	02:30:40.131	0.78914				2
2026.01.23	02:30:40.506	0.78915				2
2026.01.23	02:30:41.939	0.78914	0.78918			6
2026.01.23	02:30:42.595	0.78913				2
2026.01.23	02:30:43.725	0.78914				2
2026.01.23	02:30:47.584	0.78913	0.78917			6
2026.01.23	02:30:48.396	0.78912				2
2026.01.23	02:30:49.085		0.78916			4
2026.01.23	02:30:50.906	0.78907	0.78913			6
2026.01.23	02:30:52.015		0.78911			4
2026.01.23	02:30:53.329	0.78906				2
2026.01.23	02:31:00.258	0.78906	0.78912			6
2026.01.23	02:31:01.701	0.78907	0.78913			6
2026.01.23	02:31:02.003	0.78906				2
2026.01.23	02:31:02.385	0.78907				2
2026.01.23	02:31:02.950		0.78912			4
2026.01.23	02:31:04.573	0.78906				2
2026.01.23	02:31:06.475	0.78907				2
2026.01.23	02:31:10.154	0.78911	0.78916			6
2026.01.23	02:31:11.511		0.78915			4
2026.01.23	02:31:13.423		0.78916			4
2026.01.23	02:31:15.445	0.78912				2
2026.01.23	02:31:17.904		0.78917			4
2026.01.23	02:31:18.447	0.78911				2
2026.01.23	02:31:18.844	0.78912				2
2026.01.23	02:31:19.948	0.78911	0.78916			6
2026.01.23	02:31:31.225		0.78917			4
2026.01.23	02:31:32.621	0.78914	0.78919			6
2026.01.23	02:31:32.942	0.78916				2
2026.01.23	02:31:34.301	0.78914				2
2026.01.23	02:31:40.345	0.78915				2
2026.01.23	02:31:42.369	0.78914				2
2026.01.23	02:31:48.992	0.78916				2
2026.01.23	02:31:50.436		0.78918			4
2026.01.23	02:31:59.224		0.78922			4
2026.01.23	02:32:00.573	0.78923	0.78924			6
2026.01.23	02:32:01.166		0.78925			4
2026.01.23	02:32:09.107	0.78919				2
2026.01.23	02:32:11.289	0.78923				2
2026.01.23	02:32:13.795	0.78920				2
2026.01.23	02:32:17.204	0.78916	0.78923			6
2026.01.23	02:32:17.982		0.78922			4
2026.01.23	02:32:19.561		0.78921			4
2026.01.23	02:32:26.879		0.78922			4
2026.01.23	02:32:31.934		0.78920			4
2026.01.23	02:32:37.162	0.78915				2
2026.01.23	02:32:39.170	0.78916	0.78921			6
2026.01.23	02:32:40.623	0.78913	0.78917			6
2026.01.23	02:32:42.330		0.78918			4
2026.01.23	02:32:44.404		0.78919			4
2026.01.23	02:32:47.899	0.78914				2
2026.01.23	02:32:49.199	0.78913				2
2026.01.23	02:33:01.208	0.78913				2
2026.01.23	02:33:01.830	0.78917	0.78921			6
2026.01.23	02:33:02.136	0.78916	0.78920			6
2026.01.23	02:33:09.116		0.78921			4
2026.01.23	02:33:09.538		0.78920			4
2026.01.23	02:33:10.127		0.78921			4
2026.01.23	02:33:12.098	0.78919	0.78925			6
2026.01.23	02:33:13.760	0.78918	0.78924			6
2026.01.23	02:33:18.117	0.78919				2
2026.01.23	02:33:18.700		0.78923			4
2026.01.23	02:33:25.751		0.78924			4
2026.01.23	02:33:29.775		0.78923			4
2026.01.23	02:33:32.424		0.78924			4
2026.01.23	02:33:45.376	0.78920				2
2026.01.23	02:33:45.706		0.78925			4
2026.01.23	02:33:46.474	0.78919				2
2026.01.23	02:33:49.151	0.78920				2
2026.01.23	02:33:49.549	0.78919				2
2026.01.23	02:33:54.851	0.78915	0.78922			6
2026.01.23	02:33:55.265	0.78917				2
2026.01.23	02:33:59.348	0.78919	0.78925			6
2026.01.23	02:34:00.454	0.78918	0.78924			6
2026.01.23	02:34:00.971	0.78919				2
2026.01.23	02:34:04.470		0.78925			4
2026.01.23	02:34:05.155	0.78918				2
2026.01.23	02:34:05.557		0.78924			4
2026.01.23	02:34:06.174	0.78922				2
2026.01.23	02:34:06.621	0.78919				2
2026.01.23	02:34:06.960	0.78922				2
2026.01.23	02:34:07.321	0.78919				2
2026.01.23	02:34:07.670	0.78920				2
2026.01.23	02:34:08.203	0.78922				2
2026.01.23	02:34:08.601	0.78919	0.78923			6
2026.01.23	02:34:08.907	0.78922	0.78924			6
2026.01.23	02:34:09.236	0.78919	0.78923			6
2026.01.23	02:34:09.567	0.78922	0.78924			6
2026.01.23	02:34:09.871	0.78919	0.78923			6
2026.01.23	02:34:10.191		0.78924			4
2026.01.23	02:34:12.395	0.78920	0.78923			6
2026.01.23	02:34:13.779	0.78919	0.78924			6
2026.01.23	02:34:14.822	0.78920				2
2026.01.23	02:34:17.224		0.78925			4
2026.01.23	02:34:18.377	0.78921				2
2026.01.23	02:34:22.428		0.78924			4
2026.01.23	02:34:27.025	0.78920				2
2026.01.23	02:34:29.483	0.78921				2
2026.01.23	02:34:30.139	0.78919	0.78922			6
2026.01.23	02:34:30.890	0.78914	0.78918			6
2026.01.23	02:34:31.524		0.78920			4
2026.01.23	02:34:34.490		0.78919			4
2026.01.23	02:34:35.390	0.78921	0.78925			6
2026.01.23	02:34:35.699		0.78924			4
2026.01.23	02:34:37.110	0.78922	0.78925			6
2026.01.23	02:34:39.003	0.78921	0.78924			6
2026.01.23	02:34:40.273	0.78920				2
2026.01.23	02:34:42.363	0.78922	0.78926			6
2026.01.23	02:34:44.173	0.78923				2
2026.01.23	02:34:44.514	0.78922				2
2026.01.23	02:34:46.423	0.78923				2
2026.01.23	02:34:49.712	0.78920	0.78924			6
2026.01.23	02:34:57.582	0.78919				2
2026.01.23	02:34:59.038	0.78921	0.78925			6
2026.01.23	02:35:00.477	0.78921				2
2026.01.23	02:35:02.262	0.78924	0.78928			6
2026.01.23	02:35:02.581		0.78927			4
2026.01.23	02:35:02.992	0.78926	0.78929			6
2026.01.23	02:35:03.624		0.78928			4
2026.01.23	02:35:05.860		0.78929			4
2026.01.23	02:35:07.243	0.78924				2
2026.01.23	02:35:09.277	0.78926	0.78928			6
2026.01.23	02:35:09.618	0.78923				2
2026.01.23	02:35:11.081		0.78926			4
2026.01.23	02:35:13.302		0.78927			4
2026.01.23	02:35:14.970		0.78926			4
2026.01.23	02:35:16.838	0.78924	0.78928			6
2026.01.23	02:35:19.427	0.78923				2
2026.01.23	02:35:23.132	0.78925	0.78929			6
2026.01.23	02:35:24.441	0.78926	0.78930			6
2026.01.23	02:35:25.633	0.78925	0.78929			6
2026.01.23	02:35:29.413		0.78928			4
2026.01.23	02:35:38.301		0.78929			4
2026.01.23	02:35:43.431		0.78928			4
2026.01.23	02:35:44.324		0.78929			4
2026.01.23	02:35:57.611	0.78923	0.78926			6
2026.01.23	02:35:57.923	0.78922	0.78928			6
2026.01.23	02:35:59.210		0.78927			4
2026.01.23	02:36:01.207	0.78922				2
2026.01.23	02:36:04.934		0.78926			4
2026.01.23	02:36:19.787	0.78920				2
2026.01.23	02:36:20.695		0.78925			4
2026.01.23	02:36:21.189	0.78921				2
2026.01.23	02:36:31.676	0.78920				2
2026.01.23	02:36:33.411	0.78921				2
2026.01.23	02:36:42.892	0.78920	0.78926			6
2026.01.23	02:36:44.071		0.78925			4
2026.01.23	02:36:44.473		0.78926			4
2026.01.23	02:36:45.006	0.78921				2
2026.01.23	02:36:48.055	0.78920				2
2026.01.23	02:36:50.336	0.78921	0.78925			6
2026.01.23	02:37:00.540	0.78921				2
2026.01.23	02:37:02.371	0.78920				2
2026.01.23	02:37:04.082	0.78921				2
2026.01.23	02:37:06.351		0.78926			4
2026.01.23	02:37:09.223	0.78922	0.78928			6
2026.01.23	02:37:15.657	0.78927	0.78932			6
2026.01.23	02:37:17.209		0.78931			4
2026.01.23	02:37:18.580	0.78926				2
2026.01.23	02:37:18.980		0.78930			4
2026.01.23	02:37:21.673	0.78925	0.78929			6
2026.01.23	02:37:22.374	0.78926	0.78930			6
2026.01.23	02:37:23.025	0.78925				2
2026.01.23	02:37:28.338	0.78926				2
2026.01.23	02:37:32.151		0.78931			4
2026.01.23	02:37:42.280	0.78925				2
2026.01.23	02:37:52.103	0.78924	0.78928			6
2026.01.23	02:37:55.198		0.78930			4
2026.01.23	02:37:57.588		0.78929			4
2026.01.23	02:38:00.547	0.78924				2
2026.01.23	02:38:02.161	0.78925				2
2026.01.23	02:38:06.023	0.78924				2
2026.01.23	02:38:06.338		0.78928			4
2026.01.23	02:38:06.638	0.78925				2
2026.01.23	02:38:10.128	0.78924				2
2026.01.23	02:38:10.751	0.78925				2
2026.01.23	02:38:14.024	0.78924				2
2026.01.23	02:38:25.637	0.78925				2
2026.01.23	02:38:26.077	0.78924				2
2026.01.23	02:38:33.043		0.78927			4
2026.01.23	02:38:37.125	0.78923				2
2026.01.23	02:38:38.125		0.78926			4
2026.01.23	02:38:41.565	0.78924				2
2026.01.23	02:38:42.570		0.78927			4
2026.01.23	02:38:42.960	0.78922				2
2026.01.23	02:38:44.483		0.78926			4
2026.01.23	02:38:52.946		0.78927			4
2026.01.23	02:39:01.142	0.78922				2
2026.01.23	02:39:07.111	0.78923				2
2026.01.23	02:39:07.424	0.78922	0.78928			6
2026.01.23	02:39:07.752	0.78923				2
2026.01.23	02:39:12.303		0.78929			4
2026.01.23	02:39:12.621	0.78924				2
2026.01.23	02:39:13.686	0.78923	0.78928			6
2026.01.23	02:39:14.470	0.78924				2
2026.01.23	02:39:14.794	0.78923	0.78929			6
2026.01.23	02:39:15.459		0.78928			4
2026.01.23	02:39:15.786		0.78929			4
2026.01.23	02:39:16.475	0.78924				2
2026.01.23	02:39:17.724	0.78923				2
2026.01.23	02:39:19.155	0.78926				2
2026.01.23	02:39:20.063		0.78932			4
2026.01.23	02:39:20.519	0.78927				2
2026.01.23	02:39:20.888		0.78931			4
2026.01.23	02:39:21.216	0.78926				2
2026.01.23	02:39:23.992	0.78925				2
2026.01.23	02:39:26.546	0.78926				2
2026.01.23	02:39:26.898	0.78925				2
2026.01.23	02:39:27.929	0.78926				2
2026.01.23	02:39:28.709	0.78925				2
2026.01.23	02:39:32.654	0.78927	0.78932			6
2026.01.23	02:39:39.509	0.78926				2
2026.01.23	02:39:47.523	0.78925				2
2026.01.23	02:39:49.412	0.78926				2
2026.01.23	02:39:55.450		0.78931			4
2026.01.23	02:39:56.330	0.78924	0.78927			6
2026.01.23	02:39:56.671	0.78925	0.78928			6
2026.01.23	02:39:58.546	0.78926	0.78931			6
2026.01.23	02:39:58.880	0.78932	0.78935			6
2026.01.23	02:39:59.595	0.78933	0.78936			6
2026.01.23	02:40:00.706	0.78932	0.78935			6
2026.01.23	02:40:01.103	0.78931	0.78934			6
2026.01.23	02:40:10.242	0.78929				2
2026.01.23	02:40:14.735	0.78928				2
2026.01.23	02:40:21.203	0.78931	0.78935			6
2026.01.23	02:40:24.296	0.78932				2
2026.01.23	02:40:25.521	0.78931				2
2026.01.23	02:40:25.999		0.78937			4
2026.01.23	02:40:33.895		0.78936			4
2026.01.23	02:40:35.928		0.78937			4
2026.01.23	02:40:36.554	0.78930	0.78936			6
2026.01.23	02:40:36.919	0.78932				2
2026.01.23	02:40:38.383	0.78930				2
2026.01.23	02:40:39.882		0.78935			4
2026.01.23	02:40:41.742	0.78929				2
2026.01.23	02:40:55.841	0.78931				2
2026.01.23	02:40:57.955	0.78924	0.78929			6
2026.01.23	02:40:58.260	0.78926				2
2026.01.23	02:40:58.653		0.78930			4
2026.01.23	02:40:59.974	0.78925				2
2026.01.23	02:41:01.928	0.78925				2
2026.01.23	02:41:02.662	0.78926	0.78931			6
2026.01.23	02:41:12.026	0.78925				2
2026.01.23	02:41:13.577	0.78927				2
2026.01.23	02:41:15.460	0.78926				2
2026.01.23	02:41:15.963		0.78930			4
2026.01.23	02:41:19.181		0.78931			4
2026.01.23	02:41:22.347	0.78927				2
2026.01.23	02:41:26.654	0.78926				2
2026.01.23	02:41:28.945		0.78930			4
2026.01.23	02:41:35.949	0.78924	0.78928			6
2026.01.23	02:41:37.019	0.78925				2
2026.01.23	02:41:38.914	0.78924				2
2026.01.23	02:41:55.996	0.78923				2
2026.01.23	02:42:01.257	0.78924				2
2026.01.23	02:42:02.557	0.78923				2
2026.01.23	02:42:09.616	0.78924				2
2026.01.23	02:42:09.924		0.78929			4
2026.01.23	02:42:12.107	0.78923				2
2026.01.23	02:42:13.330		0.78928			4
2026.01.23	02:42:17.132		0.78929			4
2026.01.23	02:42:19.470	0.78924				2
2026.01.23	02:42:20.034	0.78922				2
2026.01.23	02:42:20.486		0.78928			4
2026.01.23	02:42:21.751	0.78923				2
2026.01.23	02:42:22.132	0.78924				2
2026.01.23	02:42:34.748		0.78929			4
2026.01.23	02:42:35.074	0.78923				2
2026.01.23	02:42:35.382	0.78924	0.78928			6
2026.01.23	02:42:35.733	0.78925				2
2026.01.23	02:42:39.800	0.78926	0.78932			6
2026.01.23	02:42:40.406	0.78927				2
2026.01.23	02:42:41.182		0.78931			4
2026.01.23	02:42:43.714	0.78922	0.78928			6
2026.01.23	02:42:59.314	0.78927	0.78932			6
2026.01.23	02:43:00.264	0.78927				2
2026.01.23	02:43:00.725	0.78926	0.78931			6
2026.01.23	02:43:08.700	0.78930	0.78934			6
2026.01.23	02:43:09.003	0.78929	0.78932			6
2026.01.23	02:43:09.401	0.78930				2
2026.01.23	02:43:09.909	0.78931				2
2026.01.23	02:43:12.292	0.78930				2
2026.01.23	02:43:13.358	0.78928	0.78931			6
2026.01.23	02:43:14.440		0.78932			4
2026.01.23	02:43:15.083	0.78929	0.78933			6
2026.01.23	02:43:15.403	0.78932				2
2026.01.23	02:43:16.357		0.78934			4
2026.01.23	02:43:18.557	0.78931	0.78932			6
2026.01.23	02:43:18.859	0.78928				2
2026.01.23	02:43:21.894	0.78929				2
2026.01.23	02:43:23.465	0.78930	0.78933			6
