<DATE>	<TIME>	<BID>	<ASK>	<LAST>	<VOLUME>	<FLAGS>
2026.02.03	00:03:30.968	0.77910	0.78141			6
2026.02.03	00:04:12.724	0.77910				2
2026.02.03	00:04:34.476		0.78141			4
2026.02.03	00:05:00.466	0.77910				2
2026.02.03	00:05:40.351		0.78141			4
2026.02.03	00:06:00.476	0.77910				2
2026.02.03	00:06:41.798		0.78141			4
2026.02.03	00:06:57.728		0.78107			4
2026.02.03	00:07:00.476	0.77910				2
2026.02.03	00:07:29.317	0.77921	0.78100			6
2026.02.03	00:07:38.088		0.78061			4
2026.02.03	00:07:48.345	0.77922				2
2026.02.03	00:07:48.846	0.77921				2
2026.02.03	00:07:49.848	0.77922				2
2026.02.03	00:07:50.348	0.77921				2
2026.02.03	00:07:52.503	0.77908				2
2026.02.03	00:08:03.231	0.77908				2
2026.02.03	00:08:33.007		0.78062			4
2026.02.03	00:09:00.373	0.77908				2
2026.02.03	00:09:29.307		0.78066			4
2026.02.03	00:09:54.493		0.78063			4
2026.02.03	00:10:00.378	0.77908				2
2026.02.03	00:10:00.687	0.77933				2
2026.02.03	00:10:05.383	0.77934				2
2026.02.03	00:10:11.803	0.77959	0.78070			6
2026.02.03	00:10:27.175	0.77970	0.78081			6
2026.02.03	00:10:27.477	0.77972	0.78083			6
2026.02.03	00:11:00.276	0.77972				2
2026.02.03	00:11:27.489	0.77973	0.78084			6
2026.02.03	00:11:29.723	0.77935	0.78043			6
2026.02.03	00:11:34.905	0.77973	0.78084			6
2026.02.03	00:11:35.852	0.77935	0.78043			6
2026.02.03	00:11:38.693	0.77933				2
2026.02.03	00:11:41.036	0.77973	0.78084			6
2026.02.03	00:11:42.274	0.77933	0.78043			6
2026.02.03	00:12:00.477	0.77933				2
2026.02.03	00:12:02.391	0.77934				2
2026.02.03	00:12:07.229	0.77935	0.78062			6
2026.02.03	00:12:09.591	0.77936				2
2026.02.03	00:13:02.991	0.77936				2
2026.02.03	00:13:07.791		0.78062			4
2026.02.03	00:13:08.388	0.77937				2
2026.02.03	00:13:11.875	0.77939				2
2026.02.03	00:13:25.707	0.77938				2
2026.02.03	00:13:27.291	0.77939				2
2026.02.03	00:13:28.927		0.78053			4
2026.02.03	00:13:41.430		0.78047			4
2026.02.03	00:13:45.986		0.78056			4
2026.02.03	00:13:58.193	0.77940				2
2026.02.03	00:14:01.357	0.77940				2
2026.02.03	00:14:07.138	0.77941				2
2026.02.03	00:14:10.491	0.77940				2
2026.02.03	00:14:12.139	0.77941				2
2026.02.03	00:14:13.440	0.77940				2
2026.02.03	00:14:25.792	0.77939				2
2026.02.03	00:14:29.436	0.77941				2
2026.02.03	00:14:48.292		0.78056			4
2026.02.03	00:15:00.307	0.77943	0.78043			6
2026.02.03	00:15:02.178	0.77944				2
2026.02.03	00:15:02.939	0.77946				2
2026.02.03	00:15:05.395		0.78035			4
2026.02.03	00:15:06.217		0.78041			4
2026.02.03	00:15:10.493	0.77945				2
2026.02.03	00:15:12.945		0.78039			4
2026.02.03	00:15:17.452	0.77946				2
2026.02.03	00:15:32.858	0.77948				2
2026.02.03	00:15:34.984	0.77952	0.78038			6
2026.02.03	00:16:00.166	0.77952				2
2026.02.03	00:16:02.940	0.77954				2
2026.02.03	00:16:03.426	0.77956				2
2026.02.03	00:16:05.499	0.77952				2
2026.02.03	00:16:08.357	0.77953	0.78036			6
2026.02.03	00:16:09.846		0.78038			4
2026.02.03	00:16:32.993	0.77954				2
2026.02.03	00:16:45.677	0.77962	0.78037			6
2026.02.03	00:16:50.354	0.77964				2
2026.02.03	00:16:50.986	0.77962				2
2026.02.03	00:16:54.313		0.78041			4
2026.02.03	00:17:00.350	0.77962				2
2026.02.03	00:17:10.206		0.78044			4
2026.02.03	00:17:13.249	0.77957	0.78046			6
2026.02.03	00:17:14.349		0.78044			4
2026.02.03	00:17:19.495	0.77956				2
2026.02.03	00:17:22.322	0.77955	0.78042			6
2026.02.03	00:17:23.660		0.78041			4
2026.02.03	00:17:24.189		0.78037			4
2026.02.03	00:17:26.494	0.77954				2
2026.02.03	00:17:38.092	0.77955				2
2026.02.03	00:18:05.393	0.77954				2
2026.02.03	00:18:20.092	0.77955				2
2026.02.03	00:18:24.417		0.78037			4
2026.02.03	00:19:11.357	0.77955				2
2026.02.03	00:19:27.777	0.77954	0.78040			6
2026.02.03	00:19:57.653	0.77956				2
2026.02.03	00:20:00.354	0.77957				2
2026.02.03	00:20:02.460	0.77955				2
2026.02.03	00:20:06.715	0.77957				2
2026.02.03	00:20:27.779	0.77956	0.78040			6
2026.02.03	00:20:30.430		0.78036			4
2026.02.03	00:20:32.490	0.77957				2
2026.02.03	00:20:34.291		0.78038			4
2026.02.03	00:20:40.573	0.77958	0.78026			6
2026.02.03	00:20:45.746	0.77955	0.78028			6
2026.02.03	00:20:52.967	0.77941	0.78021			6
2026.02.03	00:20:54.342	0.77943				2
2026.02.03	00:20:56.944		0.78023			4
2026.02.03	00:21:00.245	0.77943				2
2026.02.03	00:21:25.093	0.77939				2
2026.02.03	00:21:35.569		0.78022			4
2026.02.03	00:21:57.592		0.78021			4
2026.02.03	00:21:57.992	0.77940				2
2026.02.03	00:22:00.350	0.77940				2
2026.02.03	00:22:16.554	0.77939				2
2026.02.03	00:22:48.531	0.77940				2
2026.02.03	00:22:58.491		0.78020			4
2026.02.03	00:23:00.891	0.77940				2
2026.02.03	00:23:16.635	0.77941				2
2026.02.03	00:23:18.242	0.77940				2
2026.02.03	00:23:19.159		0.78021			4
2026.02.03	00:23:20.394		0.78020			4
2026.02.03	00:23:24.496	0.77941				2
2026.02.03	00:23:27.550	0.77940				2
2026.02.03	00:23:31.290	0.77941				2
2026.02.03	00:23:44.424	0.77940				2
2026.02.03	00:23:46.193		0.78019			4
2026.02.03	00:23:49.480		0.78017			4
2026.02.03	00:23:52.975	0.77941				2
2026.02.03	00:23:54.244	0.77940				2
2026.02.03	00:23:56.994		0.78018			4
2026.02.03	00:24:02.316	0.77940				2
2026.02.03	00:24:24.890		0.78017			4
2026.02.03	00:24:28.748		0.78015			4
2026.02.03	00:24:36.344	0.77941				2
2026.02.03	00:24:37.592		0.78016			4
2026.02.03	00:24:42.595		0.78015			4
2026.02.03	00:25:01.358	0.77941				2
2026.02.03	00:25:02.829		0.78017			4
2026.02.03	00:25:03.892		0.78015			4
2026.02.03	00:25:17.884	0.77944				2
2026.02.03	00:25:28.753	0.77943	0.78017			6
2026.02.03	00:25:32.457	0.77944				2
2026.02.03	00:25:36.592		0.78018			4
2026.02.03	00:25:41.662	0.77943				2
2026.02.03	00:25:48.242	0.77944				2
2026.02.03	00:25:48.920	0.77928				2
2026.02.03	00:25:53.460		0.78021			4
2026.02.03	00:25:56.422	0.77921	0.78023			6
2026.02.03	00:25:59.973	0.77927				2
2026.02.03	00:26:01.496	0.77928				2
2026.02.03	00:26:06.351	0.77929	0.78021			6
2026.02.03	00:26:09.976	0.77924				2
2026.02.03	00:26:14.991		0.78022			4
2026.02.03	00:26:15.311	0.77929	0.78021			6
2026.02.03	00:26:18.622		0.78020			4
2026.02.03	00:26:19.975	0.77928	0.78021			6
2026.02.03	00:26:24.892		0.78020			4
2026.02.03	00:26:32.239	0.77922	0.78019			6
2026.02.03	00:26:32.536	0.77928				2
2026.02.03	00:26:39.987	0.77927	0.78020			6
2026.02.03	00:26:49.261		0.78021			4
2026.02.03	00:26:49.984	0.77924	0.78022			6
2026.02.03	00:26:53.965	0.77928	0.78021			6
2026.02.03	00:26:59.984	0.77926	0.78022			6
2026.02.03	00:27:00.360	0.77926				2
2026.02.03	00:27:02.276		0.78021			4
2026.02.03	00:27:07.492		0.78022			4
2026.02.03	00:27:09.608	0.77928	0.78021			6
2026.02.03	00:27:14.273	0.77925	0.78022			6
2026.02.03	00:27:19.985	0.77926	0.78021			6
2026.02.03	00:27:29.499	0.77925	0.78022			6
2026.02.03	00:27:31.193	0.77928				2
2026.02.03	00:27:32.428		0.78021			4
2026.02.03	00:27:33.509	0.77932				2
2026.02.03	00:27:35.960	0.77928				2
2026.02.03	00:27:39.706		0.78022			4
2026.02.03	00:27:41.291		0.78021			4
2026.02.03	00:27:49.337	0.77932				2
2026.02.03	00:27:49.890	0.77929				2
2026.02.03	00:27:56.971	0.77928	0.78017			6
2026.02.03	00:27:57.278		0.78018			4
2026.02.03	00:27:59.991		0.78017			4
2026.02.03	00:28:00.548	0.77928				2
2026.02.03	00:28:06.016	0.77929	0.78011			6
2026.02.03	00:28:07.098		0.78008			4
2026.02.03	00:28:09.994	0.77930	0.78006			6
2026.02.03	00:28:14.406	0.77933				2
2026.02.03	00:28:14.731	0.77930				2
2026.02.03	00:28:19.994	0.77921				2
2026.02.03	00:28:23.498	0.77923				2
2026.02.03	00:28:26.694		0.78005			4
2026.02.03	00:28:29.998	0.77930	0.78003			6
2026.02.03	00:28:31.686		0.78005			4
2026.02.03	00:28:33.968		0.78004			4
2026.02.03	00:28:35.419		0.78000			4
2026.02.03	00:28:36.908	0.77943	0.78002			6
2026.02.03	00:28:37.276	0.77933	0.77991			6
2026.02.03	00:28:38.968	0.77929	0.77992			6
2026.02.03	00:28:42.346	0.77931				2
2026.02.03	00:28:57.666	0.77929				2
2026.02.03	00:29:00.002	0.77931				2
2026.02.03	00:29:05.764	0.77929				2
2026.02.03	00:29:08.932	0.77934	0.77991			6
2026.02.03	00:29:11.503		0.77989			4
2026.02.03	00:29:12.505		0.77990			4
2026.02.03	00:29:18.231	0.77932				2
2026.02.03	00:29:18.595	0.77941	0.77989			6
2026.02.03	00:29:19.493		0.77990			4
2026.02.03	00:29:19.823	0.77936	0.77989			6
2026.02.03	00:29:20.169	0.77931				2
2026.02.03	00:29:22.496	0.77929				2
2026.02.03	00:29:23.944	0.77934	0.77988			6
2026.02.03	00:29:24.462	0.77930	0.77991			6
2026.02.03	00:29:25.301	0.77932				2
2026.02.03	00:29:29.274	0.77927	0.77990			6
2026.02.03	00:29:30.009	0.77929				2
2026.02.03	00:29:32.214	0.77928	0.77988			6
2026.02.03	00:29:35.341	0.77925	0.77990			6
2026.02.03	00:29:40.006	0.77933	0.77989			6
2026.02.03	00:29:44.045	0.77930	0.77988			6
2026.02.03	00:29:44.942	0.77921	0.77987			6
2026.02.03	00:29:51.429	0.77937	0.77988			6
2026.02.03	00:29:56.282		0.77991			4
2026.02.03	00:30:00.216	0.77941	0.77990			6
2026.02.03	00:30:01.794	0.77930	0.77993			6
2026.02.03	00:30:02.144	0.77932				2
2026.02.03	00:30:02.493	0.77934	0.77994			6
2026.02.03	00:30:04.493	0.77936	0.77993			6
2026.02.03	00:30:05.428	0.77934				2
2026.02.03	00:30:06.500	0.77936				2
2026.02.03	00:30:08.367	0.77931				2
2026.02.03	00:30:09.428	0.77930				2
2026.02.03	00:30:10.708		0.77992			4
2026.02.03	00:30:11.818	0.77929	0.77993			6
2026.02.03	00:30:12.342	0.77928	0.77994			6
2026.02.03	00:30:12.977	0.77932				2
2026.02.03	00:30:16.685	0.77933	0.77997			6
2026.02.03	00:30:18.894		0.77996			4
2026.02.03	00:30:19.429	0.77936	0.77998			6
2026.02.03	00:30:19.754	0.77933				2
2026.02.03	00:30:25.441	0.77923	0.77999			6
2026.02.03	00:30:25.810	0.77924	0.77998			6
2026.02.03	00:30:26.894	0.77933				2
2026.02.03	00:30:28.489	0.77926	0.77994			6
2026.02.03	00:30:30.595		0.77993			4
2026.02.03	00:30:30.932	0.77932				2
2026.02.03	00:30:32.658		0.77992			4
2026.02.03	00:30:33.891		0.77991			4
2026.02.03	00:30:51.307	0.77936	0.78001			6
2026.02.03	00:30:55.431	0.77933	0.77990			6
2026.02.03	00:30:57.266	0.77938	0.78020			6
2026.02.03	00:30:57.664	0.77936	0.78021			6
2026.02.03	00:30:58.345	0.77932	0.78035			6
2026.02.03	00:31:00.394	0.77932				2
2026.02.03	00:31:00.872	0.77933	0.78021			6
2026.02.03	00:31:13.655	0.77928	0.78038			6
2026.02.03	00:31:14.094	0.77927				2
2026.02.03	00:31:14.539	0.77932				2
2026.02.03	00:31:23.386	0.77930				2
2026.02.03	00:31:24.435	0.77927				2
2026.02.03	00:31:28.192	0.77932				2
2026.02.03	00:31:31.463	0.77931				2
2026.02.03	00:31:32.260	0.77933				2
2026.02.03	00:31:37.979	0.77929				2
2026.02.03	00:31:38.992	0.77928				2
2026.02.03	00:31:43.317	0.77926				2
2026.02.03	00:31:45.384	0.77930	0.78034			6
2026.02.03	00:31:45.867	0.77928				2
2026.02.03	00:31:47.430	0.77929	0.78022			6
2026.02.03	00:31:47.738	0.77927	0.78023			6
2026.02.03	00:31:48.061	0.77929	0.78020			6
2026.02.03	00:31:49.092	0.77931	0.78010			6
2026.02.03	00:31:49.398		0.78011			4
2026.02.03	00:31:49.717	0.77933	0.78038			6
2026.02.03	00:31:50.336	0.77936				2
2026.02.03	00:31:50.844	0.77931	0.78014			6
2026.02.03	00:31:51.160	0.77930	0.78030			6
2026.02.03	00:31:53.429	0.77934	0.78022			6
2026.02.03	00:31:53.738	0.77933	0.78018			6
2026.02.03	00:31:54.044	0.77931	0.78031			6
2026.02.03	00:31:55.164	0.77915	0.77993			6
2026.02.03	00:31:58.225	0.77934	0.78015			6
2026.02.03	00:31:58.537	0.77936	0.78025			6
2026.02.03	00:31:58.858		0.78032			4
2026.02.03	00:31:59.177	0.77933	0.78023			6
2026.02.03	00:31:59.498	0.77935				2
2026.02.03	00:31:59.818		0.78036			4
2026.02.03	00:32:00.138	0.77935				2
2026.02.03	00:32:00.458		0.78024			4
2026.02.03	00:32:00.778	0.77933	0.78021			6
2026.02.03	00:32:01.097		0.78025			4
2026.02.03	00:32:02.412		0.78023			4
2026.02.03	00:32:02.717	0.77932				2
2026.02.03	00:32:03.038	0.77936	0.78019			6
2026.02.03	00:32:03.358	0.77939	0.78037			6
2026.02.03	00:32:03.659		0.78020			4
2026.02.03	00:32:03.963	0.77932	0.78033			6
2026.02.03	00:32:04.278	0.77936	0.78016			6
2026.02.03	00:32:04.587	0.77935				2
2026.02.03	00:32:05.051		0.78022			4
2026.02.03	00:32:06.348		0.78024			4
2026.02.03	00:32:14.304	0.77928	0.78013			6
2026.02.03	00:32:17.973		0.78003			4
2026.02.03	00:32:18.985	0.77917	0.78000			6
2026.02.03	00:32:20.315		0.77998			4
2026.02.03	00:32:29.000	0.77912	0.77996			6
2026.02.03	00:32:30.047		0.77995			4
2026.02.03	00:32:31.445	0.77913				2
2026.02.03	00:32:32.183	0.77911	0.77996			6
2026.02.03	00:32:32.496	0.77910				2
2026.02.03	00:32:33.748	0.77911	0.77994			6
2026.02.03	00:32:34.059	0.77918	0.77992			6
2026.02.03	00:32:35.403	0.77912	0.77993			6
2026.02.03	00:32:36.249	0.77914				2
2026.02.03	00:32:37.284	0.77912				2
2026.02.03	00:32:38.509		0.77992			4
2026.02.03	00:32:39.890		0.77993			4
2026.02.03	00:32:42.140		0.77992			4
2026.02.03	00:32:42.592		0.77993			4
2026.02.03	00:32:43.413	0.77913				2
2026.02.03	00:32:45.484	0.77911	0.77992			6
2026.02.03	00:32:48.760		0.77993			4
2026.02.03	00:32:49.191		0.77992			4
2026.02.03	00:32:49.626	0.77912	0.77990			6
2026.02.03	00:32:50.038		0.77992			4
2026.02.03	00:32:50.341		0.77991			4
2026.02.03	00:32:51.622		0.77985			4
2026.02.03	00:32:52.702		0.77984			4
2026.02.03	00:32:57.594	0.77925	0.77989			6
2026.02.03	00:32:57.936	0.77926	0.77988			6
2026.02.03	00:32:58.740		0.77989			4
2026.02.03	00:32:59.390	0.77925				2
2026.02.03	00:33:00.466	0.77925				2
2026.02.03	00:33:01.056		0.77988			4
2026.02.03	00:33:01.744		0.77990			4
2026.02.03	00:33:04.716	0.77934	0.78021			6
2026.02.03	00:33:05.819	0.77933				2
2026.02.03	00:33:07.166	0.77932				2
2026.02.03	00:33:14.785	0.77931				2
2026.02.03	00:33:16.488	0.77932				2
2026.02.03	00:33:17.092	0.77933				2
2026.02.03	00:33:21.825	0.77932				2
2026.02.03	00:33:32.881	0.77931				2
2026.02.03	00:33:35.394	0.77932				2
2026.02.03	00:33:36.376	0.77935	0.78020			6
2026.02.03	00:33:52.890	0.77932				2
2026.02.03	00:33:53.467	0.77935	0.78016			6
2026.02.03	00:33:58.888	0.77934				2
2026.02.03	00:34:01.825	0.77933				2
2026.02.03	00:34:04.738	0.77935				2
2026.02.03	00:34:08.435	0.77934				2
2026.02.03	00:34:09.376	0.77932				2
2026.02.03	00:34:10.295	0.77934				2
2026.02.03	00:34:10.992	0.77935				2
2026.02.03	00:34:12.130	0.77934				2
2026.02.03	00:34:13.435	0.77936				2
2026.02.03	00:34:19.575	0.77935				2
2026.02.03	00:34:22.434	0.77936				2
2026.02.03	00:34:26.500	0.77937				2
2026.02.03	00:34:32.889		0.78017			4
2026.02.03	00:34:34.434	0.77936				2
2026.02.03	00:34:40.443	0.77934				2
2026.02.03	00:34:41.822	0.77935	0.78016			6
2026.02.03	00:34:54.954	0.77934	0.78022			6
2026.02.03	00:34:57.242		0.78006			4
2026.02.03	00:34:57.551	0.77935	0.78015			6
2026.02.03	00:35:01.430	0.77935				2
2026.02.03	00:35:03.432	0.77934	0.78016			6
2026.02.03	00:35:04.740	0.77935				2
2026.02.03	00:35:06.375	0.77934				2
2026.02.03	00:35:10.305	0.77936				2
2026.02.03	00:35:18.460	0.77937	0.78017			6
2026.02.03	00:35:20.262	0.77935				2
2026.02.03	00:35:21.264	0.77936				2
2026.02.03	00:35:21.826	0.77935				2
2026.02.03	00:35:23.968	0.77936	0.78003			6
2026.02.03	00:35:25.432	0.77937	0.78017			6
2026.02.03	00:35:35.508	0.77930				2
2026.02.03	00:35:36.584	0.77928				2
2026.02.03	00:35:37.071		0.77997			4
2026.02.03	00:35:38.431		0.78012			4
2026.02.03	00:35:39.741	0.77933				2
2026.02.03	00:35:40.453	0.77929				2
2026.02.03	00:35:41.495	0.77935	0.77995			6
2026.02.03	00:35:41.804		0.78011			4
2026.02.03	00:35:42.436	0.77930				2
2026.02.03	00:35:43.223	0.77931				2
2026.02.03	00:35:44.977	0.77934	0.78018			6
2026.02.03	00:35:45.503	0.77930	0.78014			6
2026.02.03	00:35:48.510	0.77929	0.78009			6
2026.02.03	00:35:50.460	0.77930	0.78011			6
2026.02.03	00:35:52.428		0.78008			4
2026.02.03	00:35:53.289		0.78010			4
2026.02.03	00:35:54.436		0.78011			4
2026.02.03	00:35:55.497		0.78014			4
2026.02.03	00:35:57.901	0.77935	0.78016			6
2026.02.03	00:35:58.279	0.77933				2
2026.02.03	00:35:58.598	0.77931				2
2026.02.03	00:36:00.314	0.77931				2
2026.02.03	00:36:04.515	0.77934	0.78015			6
2026.02.03	00:36:04.818	0.77936				2
2026.02.03	00:36:05.162	0.77933				2
2026.02.03	00:36:05.556	0.77930	0.77998			6
2026.02.03	00:36:05.940		0.77996			4
2026.02.03	00:36:06.375	0.77936	0.78013			6
2026.02.03	00:36:07.659	0.77934	0.78001			6
2026.02.03	00:36:08.168	0.77930	0.78014			6
2026.02.03	00:36:09.292	0.77931				2
2026.02.03	00:36:09.672		0.77997			4
2026.02.03	00:36:10.446	0.77934	0.78018			6
2026.02.03	00:36:10.896	0.77931	0.77995			6
2026.02.03	00:36:11.482	0.77927	0.78009			6
2026.02.03	00:36:13.026	0.77931	0.78014			6
2026.02.03	00:36:13.796		0.77999			4
2026.02.03	00:36:14.495	0.77932	0.78015			6
2026.02.03	00:36:14.850	0.77937	0.78018			6
2026.02.03	00:36:15.262	0.77930	0.78010			6
2026.02.03	00:36:15.564		0.78001			4
2026.02.03	00:36:15.881		0.78012			4
2026.02.03	00:36:17.155	0.77931	0.77997			6
2026.02.03	00:36:18.496	0.77935	0.78001			6
2026.02.03	00:36:18.954	0.77932	0.78013			6
2026.02.03	00:36:19.659	0.77931	0.77997			6
2026.02.03	00:36:20.496		0.78013			4
2026.02.03	00:36:21.147	0.77930	0.77996			6
2026.02.03	00:36:21.820	0.77934	0.78015			6
2026.02.03	00:36:23.135	0.77932				2
2026.02.03	00:36:23.505	0.77931	0.78000			6
2026.02.03	00:36:23.974	0.77929	0.77997			6
2026.02.03	00:36:24.523	0.77932	0.78008			6
2026.02.03	00:36:25.013	0.77931				2
2026.02.03	00:36:26.890	0.77930				2
2026.02.03	00:36:27.210	0.77931	0.77993			6
2026.02.03	00:36:27.519	0.77933	0.78009			6
2026.02.03	00:36:27.822	0.77934	0.78017			6
2026.02.03	00:36:28.178	0.77931	0.77996			6
2026.02.03	00:36:28.497		0.78015			4
2026.02.03	00:36:29.504	0.77930				2
2026.02.03	00:36:30.482		0.78009			4
2026.02.03	00:36:31.821	0.77931	0.78011			6
2026.02.03	00:36:32.437	0.77932	0.78015			6
2026.02.03	00:36:32.923	0.77931				2
2026.02.03	00:36:33.798	0.77932				2
2026.02.03	00:36:35.477	0.77931	0.78002			6
2026.02.03	00:36:38.321	0.77932				2
2026.02.03	00:36:38.731	0.77933				2
2026.02.03	00:36:39.040	0.77931				2
2026.02.03	00:36:39.753	0.77934	0.78008			6
2026.02.03	00:36:40.061	0.77931	0.78014			6
2026.02.03	00:36:40.878	0.77935	0.78018			6
2026.02.03	00:36:41.189	0.77934				2
2026.02.03	00:36:41.554	0.77928	0.78015			6
2026.02.03	00:36:41.860	0.77929				2
2026.02.03	00:36:44.966	0.77928	0.78010			6
2026.02.03	00:36:45.477	0.77930	0.78001			6
2026.02.03	00:36:47.506	0.77936				2
2026.02.03	00:36:47.828	0.77931				2
2026.02.03	00:36:51.732	0.77932	0.78013			6
2026.02.03	00:36:52.558	0.77933				2
2026.02.03	00:36:52.989	0.77931				2
2026.02.03	00:36:53.384	0.77930				2
2026.02.03	00:36:53.725	0.77931				2
2026.02.03	00:36:54.168	0.77930				2
2026.02.03	00:36:54.829		0.78011			4
2026.02.03	00:36:57.780	0.77931				2
2026.02.03	00:36:58.141	0.77932				2
2026.02.03	00:37:00.051	0.77932				2
2026.02.03	00:37:01.146		0.78002			4
2026.02.03	00:37:01.822	0.77933	0.78001			6
2026.02.03	00:37:02.295	0.77934	0.78015			6
2026.02.03	00:37:02.669	0.77931				2
2026.02.03	00:37:03.371	0.77936	0.77998			6
2026.02.03	00:37:03.707	0.77935	0.78013			6
2026.02.03	00:37:04.145	0.77933				2
2026.02.03	00:37:04.459	0.77931				2
2026.02.03	00:37:05.431	0.77930				2
2026.02.03	00:37:06.429	0.77935	0.78017			6
2026.02.03	00:37:06.844	0.77931				2
2026.02.03	00:37:08.436	0.77932				2
2026.02.03	00:37:09.431	0.77930	0.78016			6
2026.02.03	00:37:12.261	0.77934				2
2026.02.03	00:37:12.592	0.77930				2
2026.02.03	00:37:19.525	0.77931	0.77994			6
2026.02.03	00:37:19.826	0.77932				2
2026.02.03	00:37:21.522	0.77930				2
2026.02.03	00:37:21.839	0.77935	0.78014			6
2026.02.03	00:37:22.165	0.77931				2
2026.02.03	00:37:23.139	0.77932				2
2026.02.03	00:37:27.848	0.77933	0.78001			6
2026.02.03	00:37:28.159	0.77932	0.77996			6
2026.02.03	00:37:28.489	0.77931	0.78001			6
2026.02.03	00:37:30.431	0.77935	0.78016			6
2026.02.03	00:37:30.732	0.77931				2
2026.02.03	00:37:31.496	0.77933				2
2026.02.03	00:37:31.799	0.77932				2
2026.02.03	00:37:33.623	0.77931				2
2026.02.03	00:37:34.429	0.77932				2
2026.02.03	00:37:35.500	0.77928	0.77993			6
2026.02.03	00:37:36.441	0.77932	0.78017			6
2026.02.03	00:37:36.759	0.77929				2
2026.02.03	00:37:38.741		0.78014			4
2026.02.03	00:37:40.809	0.77936				2
2026.02.03	00:37:41.155	0.77940	0.78017			6
2026.02.03	00:37:41.492	0.77932	0.78014			6
2026.02.03	00:37:41.817	0.77935	0.78019			6
2026.02.03	00:37:42.435	0.77933				2
2026.02.03	00:37:43.054	0.77932	0.78015			6
2026.02.03	00:37:43.500	0.77935	0.78019			6
2026.02.03	00:37:46.430	0.77936	0.78016			6
2026.02.03	00:37:46.738	0.77933				2
2026.02.03	00:37:47.353	0.77932				2
2026.02.03	00:37:48.568	0.77933				2
2026.02.03	00:37:49.013	0.77932	0.78011			6
2026.02.03	00:37:50.696	0.77933				2
2026.02.03	00:37:53.152	0.77932				2
2026.02.03	00:37:56.838	0.77934	0.78017			6
2026.02.03	00:37:57.168	0.77933	0.78000			6
2026.02.03	00:37:57.942	0.77932	0.78014			6
2026.02.03	00:37:58.856	0.77933				2
2026.02.03	00:38:00.502	0.77933				2
2026.02.03	00:38:01.744	0.77932				2
2026.02.03	00:38:02.432	0.77931				2
2026.02.03	00:38:03.150	0.77933				2
2026.02.03	00:38:04.649	0.77932				2
2026.02.03	00:38:05.006	0.77934				2
2026.02.03	00:38:05.319	0.77935	0.78011			6
2026.02.03	00:38:06.110	0.77933				2
2026.02.03	00:38:06.740	0.77932				2
2026.02.03	00:38:13.162		0.78018			4
2026.02.03	00:38:13.491	0.77931				2
2026.02.03	00:38:15.429	0.77930	0.78015			6
2026.02.03	00:38:16.492	0.77931				2
2026.02.03	00:38:17.471	0.77932				2
2026.02.03	00:38:19.350	0.77931				2
2026.02.03	00:38:21.148	0.77933				2
2026.02.03	00:38:21.499	0.77936				2
2026.02.03	00:38:22.250	0.77931				2
2026.02.03	00:38:25.191	0.77932				2
2026.02.03	00:38:27.430	0.77933	0.78002			6
2026.02.03	00:38:27.739	0.77931	0.78016			6
2026.02.03	00:38:30.085	0.77933	0.77996			6
2026.02.03	00:38:31.152		0.77993			4
2026.02.03	00:38:31.528	0.77937	0.78018			6
2026.02.03	00:38:31.998	0.77931				2
2026.02.03	00:38:35.430	0.77932				2
2026.02.03	00:38:37.370	0.77933	0.78017			6
2026.02.03	00:38:37.740	0.77937	0.78016			6
2026.02.03	00:38:38.329	0.77932				2
2026.02.03	00:38:40.087	0.77937	0.78017			6
2026.02.03	00:38:40.465	0.77932				2
2026.02.03	00:38:42.186	0.77933				2
2026.02.03	00:38:44.899	0.77936				2
2026.02.03	00:38:45.219	0.77933				2
2026.02.03	00:38:49.996	0.77938	0.78015			6
2026.02.03	00:38:50.316	0.77933				2
2026.02.03	00:38:51.821	0.77935	0.78001			6
2026.02.03	00:38:52.493	0.77934				2
2026.02.03	00:38:53.431		0.77993			4
2026.02.03	00:38:55.194	0.77933				2
2026.02.03	00:38:56.619	0.77935	0.78017			6
2026.02.03	00:38:57.077	0.77934				2
2026.02.03	00:39:00.315	0.77934				2
2026.02.03	00:39:01.149		0.77997			4
2026.02.03	00:39:08.476		0.78016			4
2026.02.03	00:39:09.500	0.77942				2
2026.02.03	00:39:10.006	0.77941				2
2026.02.03	00:39:10.523	0.77936				2
2026.02.03	00:39:10.902	0.77934				2
2026.02.03	00:39:14.431	0.77938	0.77998			6
2026.02.03	00:39:14.816	0.77935				2
2026.02.03	00:39:15.209	0.77934				2
2026.02.03	00:39:15.580	0.77938				2
2026.02.03	00:39:16.338	0.77934				2
2026.02.03	00:39:16.931		0.78014			4
2026.02.03	00:39:18.083	0.77936				2
2026.02.03	00:39:18.585	0.77934				2
2026.02.03	00:39:20.086	0.77936				2
2026.02.03	00:39:20.589	0.77933				2
2026.02.03	00:39:21.184	0.77932	0.78011			6
2026.02.03	00:39:21.580		0.78009			4
2026.02.03	00:39:22.431	0.77933	0.78011			6
2026.02.03	00:39:22.744	0.77932	0.77993			6
2026.02.03	00:39:23.086	0.77936				2
2026.02.03	00:39:23.583	0.77931				2
2026.02.03	00:39:24.083	0.77934				2
2026.02.03	00:39:24.579	0.77939				2
2026.02.03	00:39:25.091	0.77935				2
2026.02.03	00:39:25.576	0.77937				2
2026.02.03	00:39:26.694	0.77936				2
2026.02.03	00:39:27.478		0.78015			4
2026.02.03	00:39:30.144	0.77935				2
2026.02.03	00:39:33.402	0.77941				2
2026.02.03	00:39:34.460	0.77938	0.77999			6
2026.02.03	00:39:37.495		0.78015			4
2026.02.03	00:39:39.683	0.77937				2
2026.02.03	00:39:41.432	0.77941	0.78017			6
2026.02.03	00:39:41.733		0.78013			4
2026.02.03	00:39:47.654	0.77937				2
2026.02.03	00:39:47.960	0.77938	0.78037			6
2026.02.03	00:39:49.430	0.77935	0.78021			6
2026.02.03	00:39:50.644	0.77932	0.78042			6
2026.02.03	00:39:51.546	0.77936	0.78045			6
2026.02.03	00:39:53.432	0.77939				2
2026.02.03	00:39:53.946	0.77942	0.78048			6
2026.02.03	00:39:55.497	0.77943	0.78031			6
2026.02.03	00:39:55.797	0.77942	0.78046			6
2026.02.03	00:39:57.432	0.77941				2
2026.02.03	00:39:58.178	0.77942	0.78047			6
2026.02.03	00:39:59.273		0.78044			4
2026.02.03	00:40:00.314	0.77942				2
2026.02.03	00:40:01.148	0.77943	0.78048			6
2026.02.03	00:40:01.826		0.78045			4
2026.02.03	00:40:02.619	0.77940	0.78042			6
2026.02.03	00:40:02.924		0.78036			4
2026.02.03	00:40:03.274		0.78042			4
2026.02.03	00:40:08.041	0.77939	0.78033			6
2026.02.03	00:40:10.314	0.77940				2
2026.02.03	00:40:10.775	0.77948	0.78042			6
2026.02.03	00:40:12.440		0.78029			4
2026.02.03	00:40:13.008		0.78033			4
2026.02.03	00:40:15.167		0.78032			4
2026.02.03	00:40:15.636	0.77943	0.78040			6
2026.02.03	00:40:15.958	0.77941				2
2026.02.03	00:40:18.318		0.78035			4
2026.02.03	00:40:19.114	0.77942	0.78048			6
2026.02.03	00:40:19.888	0.77943				2
2026.02.03	00:40:20.737	0.77944				2
2026.02.03	00:40:21.094	0.77943				2
2026.02.03	00:40:21.923	0.77944				2
2026.02.03	00:40:22.429	0.77942				2
2026.02.03	00:40:23.691	0.77943				2
2026.02.03	00:40:24.192	0.77950	0.78044			6
2026.02.03	00:40:24.524	0.77949	0.78049			6
2026.02.03	00:40:29.228	0.77943	0.78046			6
2026.02.03	00:40:31.196		0.78042			4
2026.02.03	00:40:31.503		0.78048			4
2026.02.03	00:40:38.000	0.77944	0.78041			6
2026.02.03	00:40:39.431	0.77945	0.78040			6
2026.02.03	00:40:48.194		0.78036			4
2026.02.03	00:40:52.678	0.77942				2
2026.02.03	00:41:00.740	0.77943				2
2026.02.03	00:41:08.609	0.77942				2
2026.02.03	00:41:13.492	0.77943				2
2026.02.03	00:41:15.055	0.77942				2
2026.02.03	00:41:24.283	0.77940				2
2026.02.03	00:41:30.314	0.77941				2
2026.02.03	00:41:30.828	0.77940				2
2026.02.03	00:41:35.675		0.78037			4
2026.02.03	00:41:45.290	0.77941				2
2026.02.03	00:41:57.454	0.77942	0.78023			6
2026.02.03	00:41:58.343		0.78022			4
2026.02.03	00:41:59.430		0.78020			4
2026.02.03	00:42:00.569	0.77942	0.78026			6
2026.02.03	00:42:03.027	0.77941	0.78023			6
2026.02.03	00:42:09.369	0.77942				2
2026.02.03	00:42:09.966	0.77941				2
2026.02.03	00:42:11.741	0.77942				2
2026.02.03	00:42:14.720	0.77941				2
2026.02.03	00:42:16.930		0.78020			4
2026.02.03	00:42:20.746	0.77940	0.78023			6
2026.02.03	00:42:35.717	0.77939	0.78019			6
2026.02.03	00:42:36.377	0.77940				2
2026.02.03	00:42:39.292	0.77939	0.78021			6
2026.02.03	00:42:39.630		0.78027			4
2026.02.03	00:42:41.149		0.78016			4
2026.02.03	00:42:46.193	0.77940				2
2026.02.03	00:42:48.970	0.77937				2
2026.02.03	00:42:55.503	0.77939	0.78014			6
2026.02.03	00:42:56.411	0.77936				2
2026.02.03	00:42:57.606	0.77937				2
2026.02.03	00:42:59.433		0.78016			4
2026.02.03	00:42:59.747	0.77936				2
2026.02.03	00:43:00.745	0.77936				2
2026.02.03	00:43:01.430	0.77940	0.78033			6
2026.02.03	00:43:02.744	0.77939				2
2026.02.03	00:43:04.223	0.77940	0.78036			6
2026.02.03	00:43:08.287		0.78015			4
2026.02.03	00:43:08.854		0.78011			4
2026.02.03	00:43:09.745	0.77939				2
2026.02.03	00:43:11.188	0.77938	0.78013			6
2026.02.03	00:43:12.367	0.77936				2
2026.02.03	00:43:13.747	0.77938				2
2026.02.03	00:43:14.435	0.77936				2
2026.02.03	00:43:18.747	0.77937				2
2026.02.03	00:43:21.590	0.77936				2
2026.02.03	00:43:22.506	0.77934				2
2026.02.03	00:43:24.576	0.77935				2
2026.02.03	00:43:25.408	0.77940	0.78017			6
2026.02.03	00:43:32.422	0.77938	0.78013			6
2026.02.03	00:43:35.436	0.77936				2
2026.02.03	00:43:37.193	0.77938				2
2026.02.03	00:43:38.141	0.77934				2
2026.02.03	00:43:42.433	0.77936				2
2026.02.03	00:43:42.927	0.77935				2
2026.02.03	00:43:44.893	0.77937				2
2026.02.03	00:43:46.015	0.77936				2
2026.02.03	00:43:49.443	0.77935	0.78012			6
2026.02.03	00:43:50.447	0.77934				2
2026.02.03	00:43:50.802	0.77935				2
2026.02.03	00:43:51.680	0.77934	0.78010			6
2026.02.03	00:43:53.642	0.77933				2
2026.02.03	00:43:56.207	0.77934				2
2026.02.03	00:44:00.474	0.77934				2
2026.02.03	00:44:02.762	0.77931				2
2026.02.03	00:44:07.435	0.77932				2
2026.02.03	00:44:08.437		0.78014			4
2026.02.03	00:44:09.072		0.78010			4
2026.02.03	00:44:10.497	0.77935				2
2026.02.03	00:44:11.184	0.77939	0.78038			6
2026.02.03	00:44:11.489		0.78029			4
2026.02.03	00:44:11.843		0.78041			4
2026.02.03	00:44:15.241	0.77938	0.78035			6
2026.02.03	00:44:15.546	0.77940	0.78028			6
2026.02.03	00:44:15.892	0.77938	0.78043			6
2026.02.03	00:44:16.237	0.77940				2
2026.02.03	00:44:16.577	0.77938				2
2026.02.03	00:44:16.923	0.77940				2
2026.02.03	00:44:17.265	0.77938				2
2026.02.03	00:44:17.604	0.77939				2
2026.02.03	00:44:17.909	0.77940				2
2026.02.03	00:44:18.234	0.77938				2
2026.02.03	00:44:18.576	0.77940				2
2026.02.03	00:44:18.920	0.77938				2
2026.02.03	00:44:19.266	0.77940				2
2026.02.03	00:44:19.608	0.77938				2
2026.02.03	00:44:19.948	0.77940				2
2026.02.03	00:44:20.293	0.77938				2
2026.02.03	00:44:20.634	0.77940				2
2026.02.03	00:44:20.976	0.77938				2
2026.02.03	00:44:21.320	0.77940				2
2026.02.03	00:44:21.662	0.77937	0.78030			6
2026.02.03	00:44:21.978	0.77940	0.78029			6
2026.02.03	00:44:22.324		0.78042			4
2026.02.03	00:44:22.762		0.78044			4
2026.02.03	00:44:23.076		0.78042			4
2026.02.03	00:45:00.295	0.77939				2
2026.02.03	00:45:03.218	0.77920	0.78052			6
2026.02.03	00:45:06.681	0.77937	0.78037			6
2026.02.03	00:45:07.002	0.77940	0.78042			6
2026.02.03	00:45:07.478		0.78038			4
2026.02.03	00:45:13.961	0.77947	0.78031			6
2026.02.03	00:45:16.075	0.77948	0.78005			6
2026.02.03	00:45:16.403	0.77949	0.78030			6
2026.02.03	00:45:16.758	0.77948				2
2026.02.03	00:45:20.509	0.77946	0.78025			6
2026.02.03	00:45:21.147		0.78029			4
2026.02.03	00:45:23.507		0.78030			4
2026.02.03	00:45:25.688	0.77945				2
2026.02.03	00:45:31.148	0.77943	0.78031			6
2026.02.03	00:45:33.125	0.77944				2
2026.02.03	00:45:45.688	0.77949	0.78007			6
2026.02.03	00:45:46.054	0.77948	0.78013			6
2026.02.03	00:45:46.395		0.78032			4
2026.02.03	00:45:51.103	0.77949	0.78030			6
2026.02.03	00:45:54.947	0.77950				2
2026.02.03	00:46:00.977	0.77949	0.78028			6
2026.02.03	00:46:02.435	0.77950				2
2026.02.03	00:46:03.762	0.77949				2
2026.02.03	00:46:11.053	0.77944	0.78029			6
2026.02.03	00:46:17.186	0.77946				2
2026.02.03	00:46:20.523	0.77947				2
2026.02.03	00:46:21.434	0.77945				2
2026.02.03	00:46:22.508		0.78031			4
2026.02.03	00:46:28.264	0.77949	0.78029			6
2026.02.03	00:46:28.615		0.78028			4
2026.02.03	00:46:35.786	0.77945	0.78019			6
2026.02.03	00:46:36.693	0.77944				2
2026.02.03	00:46:38.070	0.77946				2
2026.02.03	00:46:39.116	0.77943	0.78011			6
2026.02.03	00:46:41.503	0.77948				2
2026.02.03	00:46:43.499	0.77943	0.78010			6
2026.02.03	00:46:44.190		0.78007			4
2026.02.03	00:46:44.608		0.78005			4
2026.02.03	00:46:49.502		0.78002			4
2026.02.03	00:46:50.861		0.78004			4
2026.02.03	00:46:51.240		0.78006			4
2026.02.03	00:46:53.013	0.77950	0.78018			6
2026.02.03	00:46:54.497		0.78021			4
2026.02.03	00:46:55.426	0.77946	0.78011			6
2026.02.03	00:46:55.739	0.77948	0.78017			6
2026.02.03	00:46:58.426	0.77942	0.78005			6
2026.02.03	00:47:00.496	0.77942	0.78006			6
2026.02.03	00:47:01.824	0.77943	0.78001			6
2026.02.03	00:47:02.686	0.77949	0.78015			6
2026.02.03	00:47:03.193	0.77928	0.78045			6
2026.02.03	00:47:05.375	0.77929				2
2026.02.03	00:47:06.308	0.77924	0.78041			6
2026.02.03	00:47:06.635	0.77949	0.78010			6
2026.02.03	00:47:06.962		0.78009			4
2026.02.03	00:47:09.443		0.78030			4
2026.02.03	00:47:10.492		0.78019			4
2026.02.03	00:47:11.638	0.77947	0.78017			6
2026.02.03	00:47:13.443	0.77945	0.78010			6
2026.02.03	00:47:14.446	0.77942	0.78003			6
2026.02.03	00:47:16.419	0.77941	0.78006			6
2026.02.03	00:47:16.779		0.78004			4
2026.02.03	00:47:18.445	0.77947	0.78010			6
2026.02.03	00:47:20.072	0.77949	0.78028			6
2026.02.03	00:47:20.837		0.78008			4
2026.02.03	00:47:21.161		0.78018			4
2026.02.03	00:47:21.497	0.77951				2
2026.02.03	00:47:22.442		0.78017			4
2026.02.03	00:47:23.435	0.77950				2
2026.02.03	00:47:26.082		0.78011			4
2026.02.03	00:47:26.970		0.78017			4
2026.02.03	00:47:29.439	0.77951				2
2026.02.03	00:47:34.217	0.77950	0.78016			6
2026.02.03	00:47:34.923	0.77949	0.78017			6
2026.02.03	00:47:35.792	0.77950				2
2026.02.03	00:47:36.499		0.78014			4
2026.02.03	00:47:37.257		0.78017			4
2026.02.03	00:47:37.767		0.78014			4
2026.02.03	00:47:38.502	0.77951				2
2026.02.03	00:47:39.441	0.77942	0.78003			6
2026.02.03	00:47:39.761		0.78005			4
2026.02.03	00:47:41.230		0.78002			4
2026.02.03	00:47:42.288	0.77946	0.78007			6
2026.02.03	00:47:42.598	0.77949	0.78004			6
2026.02.03	00:47:43.152	0.77947	0.78008			6
2026.02.03	00:47:44.292	0.77946	0.78004			6
2026.02.03	00:47:44.786		0.78007			4
2026.02.03	00:47:45.499		0.78005			4
2026.02.03	00:47:46.507	0.77939	0.77999			6
2026.02.03	00:47:47.451	0.77948	0.78029			6
2026.02.03	00:47:49.416	0.77949	0.78018			6
2026.02.03	00:47:49.747	0.77946	0.78008			6
2026.02.03	00:47:50.737	0.77942	0.78005			6
2026.02.03	00:47:51.506	0.77943				2
2026.02.03	00:47:52.496		0.78003			4
2026.02.03	00:47:53.070	0.77941	0.78000			6
2026.02.03	00:47:55.443	0.77945	0.78008			6
2026.02.03	00:47:57.509	0.77947	0.78010			6
2026.02.03	00:47:57.815	0.77941	0.77998			6
2026.02.03	00:47:59.764	0.77940				2
2026.02.03	00:48:00.827	0.77950	0.78011			6
2026.02.03	00:48:01.337	0.77946	0.78007			6
2026.02.03	00:48:01.991	0.77948				2
2026.02.03	00:48:02.563	0.77949				2
2026.02.03	00:48:02.981	0.77948				2
2026.02.03	00:48:05.761		0.78002			4
2026.02.03	00:48:06.089	0.77949	0.78011			6
2026.02.03	00:48:06.742	0.77947	0.78003			6
2026.02.03	00:48:08.497	0.77943	0.77997			6
2026.02.03	00:48:09.029	0.77945				2
2026.02.03	00:48:09.516	0.77944				2
2026.02.03	00:48:10.999	0.77946	0.78025			6
2026.02.03	00:48:11.444		0.78017			4
2026.02.03	00:48:13.429	0.77948				2
2026.02.03	00:48:13.775	0.77950				2
2026.02.03	00:48:14.498		0.78015			4
2026.02.03	00:48:15.002	0.77948	0.78014			6
2026.02.03	00:48:16.497	0.77944	0.78007			6
2026.02.03	00:48:16.799	0.77948	0.78012			6
2026.02.03	00:48:17.554		0.78009			4
2026.02.03	00:48:19.498	0.77946	0.78006			6
2026.02.03	00:48:20.126	0.77945				2
2026.02.03	00:48:20.429	0.77946				2
2026.02.03	00:48:20.751	0.77944				2
2026.02.03	00:48:21.747	0.77941	0.77997			6
2026.02.03	00:48:22.547		0.77996			4
2026.02.03	00:48:24.622	0.77946	0.78001			6
2026.02.03	00:48:24.962	0.77950				2
2026.02.03	00:48:25.340	0.77951	0.78021			6
2026.02.03	00:48:26.185		0.78017			4
2026.02.03	00:48:27.497	0.77944	0.78007			6
2026.02.03	00:48:27.862		0.78004			4
2026.02.03	00:48:29.767	0.77941	0.77999			6
2026.02.03	00:48:31.219	0.77948	0.78009			6
2026.02.03	00:48:31.760	0.77949	0.78011			6
2026.02.03	00:48:32.087	0.77948	0.78028			6
2026.02.03	00:48:32.762	0.77941	0.78003			6
2026.02.03	00:48:33.764		0.78001			4
2026.02.03	00:48:34.433	0.77949	0.78010			6
2026.02.03	00:48:34.754		0.78009			4
2026.02.03	00:48:35.747	0.77945	0.78001			6
2026.02.03	00:48:36.115	0.77948	0.78007			6
2026.02.03	00:48:36.449	0.77946				2
2026.02.03	00:48:37.437	0.77942	0.77996			6
2026.02.03	00:48:38.015		0.77994			4
2026.02.03	00:48:38.423	0.77948	0.78004			6
2026.02.03	00:48:42.501	0.77946				2
2026.02.03	00:48:42.842	0.77947	0.78009			6
2026.02.03	00:48:43.395		0.78005			4
2026.02.03	00:48:44.431	0.77950	0.78007			6
2026.02.03	00:48:46.844		0.78005			4
2026.02.03	00:48:47.809	0.77949	0.78006			6
2026.02.03	00:48:48.488	0.77942	0.77997			6
2026.02.03	00:48:48.818	0.77950	0.78026			6
2026.02.03	00:48:49.119	0.77951	0.78027			6
2026.02.03	00:48:49.683	0.77949	0.78016			6
2026.02.03	00:48:50.048		0.78013			4
2026.02.03	00:48:50.563		0.78016			4
2026.02.03	00:48:50.878		0.78009			4
2026.02.03	00:48:51.438	0.77941	0.78004			6
2026.02.03	00:48:51.770	0.77942	0.78000			6
2026.02.03	00:48:52.277	0.77943	0.77999			6
2026.02.03	00:48:53.443	0.77948	0.78003			6
2026.02.03	00:48:53.875	0.77946				2
2026.02.03	00:48:54.179	0.77948	0.78006			6
2026.02.03	00:48:54.549		0.78005			4
2026.02.03	00:48:55.496	0.77942	0.77996			6
2026.02.03	00:48:56.696	0.77941	0.77994			6
2026.02.03	00:48:57.696		0.77995			4
2026.02.03	00:48:58.416	0.77945	0.77999			6
2026.02.03	00:48:59.929	0.77947	0.78014			6
2026.02.03	00:49:00.497	0.77947	0.78005			6
2026.02.03	00:49:00.799		0.78013			4
2026.02.03	00:49:01.499		0.78021			4
2026.02.03	00:49:03.498	0.77945	0.78013			6
2026.02.03	00:49:03.812		0.78012			4
2026.02.03	00:49:04.845	0.77941	0.78005			6
2026.02.03	00:49:06.445	0.77949	0.78012			6
2026.02.03	00:49:07.701	0.77950	0.78013			6
2026.02.03	00:49:08.049	0.77948				2
2026.02.03	00:49:08.784	0.77940	0.78000			6
2026.02.03	00:49:09.158		0.77998			4
2026.02.03	00:49:09.816	0.77948	0.78018			6
2026.02.03	00:49:10.569		0.78014			4
2026.02.03	00:49:11.152	0.77945	0.78009			6
2026.02.03	00:49:11.700	0.77940	0.77997			6
2026.02.03	00:49:13.711	0.77946	0.78002			6
2026.02.03	00:49:14.216	0.77945				2
2026.02.03	00:49:15.508	0.77941	0.77994			6
2026.02.03	00:49:16.499	0.77944	0.78006			6
2026.02.03	00:49:17.705		0.78001			4
2026.02.03	00:49:18.089	0.77945				2
2026.02.03	00:49:19.467	0.77948	0.78005			6
2026.02.03	00:49:19.808		0.78004			4
2026.02.03	00:49:20.429	0.77947				2
2026.02.03	00:49:20.777	0.77948	0.78000			6
2026.02.03	00:49:21.214	0.77945				2
2026.02.03	00:49:21.960		0.78001			4
2026.02.03	00:49:23.468	0.77942	0.77995			6
2026.02.03	00:49:26.221	0.77950	0.78018			6
2026.02.03	00:49:26.647		0.78016			4
2026.02.03	00:49:27.502	0.77949	0.78010			6
2026.02.03	00:49:27.819	0.77951	0.78009			6
2026.02.03	00:49:28.216		0.78010			4
2026.02.03	00:49:28.715		0.78012			4
2026.02.03	00:49:30.490	0.77945	0.78000			6
2026.02.03	00:49:31.724	0.77944	0.77996			6
2026.02.03	00:49:32.719		0.77994			4
2026.02.03	00:49:34.447	0.77946	0.78006			6
2026.02.03	00:49:34.831	0.77948	0.78017			6
2026.02.03	00:49:35.198	0.77947	0.78015			6
2026.02.03	00:49:35.699	0.77945				2
2026.02.03	00:49:36.430	0.77946				2
2026.02.03	00:49:36.740	0.77945	0.78013			6
2026.02.03	00:49:37.321		0.78011			4
2026.02.03	00:49:38.145	0.77943	0.77997			6
2026.02.03	00:49:39.436	0.77942	0.77995			6
2026.02.03	00:49:41.596	0.77943	0.77996			6
2026.02.03	00:49:42.452	0.77948	0.78001			6
2026.02.03	00:49:44.501		0.77998			4
2026.02.03	00:49:45.187	0.77942	0.77989			6
2026.02.03	00:49:45.754	0.77949	0.77996			6
2026.02.03	00:49:46.127	0.77948				2
2026.02.03	00:49:46.785	0.77949				2
2026.02.03	00:49:47.426	0.77943				2
2026.02.03	00:49:48.509	0.77949	0.78002			6
2026.02.03	00:49:50.207		0.77999			4
2026.02.03	00:49:50.565	0.77939	0.78011			6
2026.02.03	00:49:51.014		0.78005			4
2026.02.03	00:49:51.563	0.77934	0.78013			6
2026.02.03	00:49:51.914	0.77937				2
2026.02.03	00:49:52.509		0.78011			4
2026.02.03	00:49:52.917	0.77934				2
2026.02.03	00:49:54.434	0.77937	0.78017			6
2026.02.03	00:49:54.828	0.77939	0.78013			6
2026.02.03	00:49:56.430	0.77935	0.78007			6
2026.02.03	00:49:57.063	0.77934	0.78001			6
2026.02.03	00:49:58.776		0.78000			4
2026.02.03	00:49:59.081	0.77932	0.78007			6
2026.02.03	00:49:59.509	0.77934	0.78001			6
2026.02.03	00:50:00.242	0.77934	0.78000			6
2026.02.03	00:50:00.961	0.77935	0.78006			6
2026.02.03	00:50:02.428	0.77937	0.78010			6
2026.02.03	00:50:02.931	0.77936	0.78014			6
2026.02.03	00:50:03.239	0.77938	0.78015			6
2026.02.03	00:50:03.707	0.77936	0.78016			6
2026.02.03	00:50:04.043		0.78011			4
2026.02.03	00:50:05.214	0.77935				2
2026.02.03	00:50:05.566		0.78013			4
2026.02.03	00:50:06.498		0.78012			4
2026.02.03	00:50:08.403	0.77936	0.78027			6
2026.02.03	00:50:08.907		0.78015			4
2026.02.03	00:50:09.588	0.77935				2
2026.02.03	00:50:11.042	0.77936	0.78012			6
2026.02.03	00:50:11.344		0.78008			4
2026.02.03	00:50:12.429	0.77935	0.78011			6
2026.02.03	00:50:13.163	0.77932				2
2026.02.03	00:50:18.431	0.77935				2
2026.02.03	00:50:21.183		0.78006			4
2026.02.03	00:50:21.823	0.77933	0.77999			6
2026.02.03	00:50:22.274		0.78008			4
2026.02.03	00:50:22.689	0.77937	0.78014			6
2026.02.03	00:50:24.422	0.77935	0.78011			6
2026.02.03	00:50:24.723	0.77939	0.78013			6
2026.02.03	00:50:26.094	0.77940				2
2026.02.03	00:50:27.001		0.78011			4
2026.02.03	00:50:27.430	0.77939				2
2026.02.03	00:50:28.077	0.77936	0.77999			6
2026.02.03	00:50:29.429	0.77939	0.78019			6
2026.02.03	00:50:31.687		0.78004			4
2026.02.03	00:50:32.119	0.77937	0.78001			6
2026.02.03	00:50:32.601	0.77938	0.77997			6
2026.02.03	00:50:33.188		0.77999			4
2026.02.03	00:50:34.111	0.77940	0.78008			6
2026.02.03	00:50:34.775		0.78016			4
2026.02.03	00:50:35.694	0.77941	0.78010			6
2026.02.03	00:50:36.016	0.77938	0.77999			6
2026.02.03	00:50:36.345	0.77939	0.78006			6
2026.02.03	00:50:36.733	0.77940				2
2026.02.03	00:50:37.496		0.78019			4
2026.02.03	00:50:37.943		0.78004			4
2026.02.03	00:50:38.276	0.77941	0.77999			6
2026.02.03	00:50:38.605		0.78006			4
2026.02.03	00:50:39.688		0.78019			4
2026.02.03	00:50:41.291		0.77999			4
2026.02.03	00:50:42.150	0.77940	0.78005			6
2026.02.03	00:50:42.497		0.78002			4
2026.02.03	00:50:43.693		0.78005			4
2026.02.03	00:50:45.154		0.78000			4
2026.02.03	00:50:46.150		0.78018			4
2026.02.03	00:50:46.482		0.77999			4
2026.02.03	00:50:47.428	0.77939	0.78006			6
2026.02.03	00:50:48.665		0.77999			4
2026.02.03	00:50:49.144		0.78004			4
2026.02.03	00:50:52.148		0.78001			4
2026.02.03	00:50:52.499		0.78002			4
2026.02.03	00:50:53.079		0.78004			4
2026.02.03	00:50:55.290		0.78002			4
2026.02.03	00:50:56.428		0.78000			4
2026.02.03	00:50:57.428	0.77940				2
2026.02.03	00:50:58.256	0.77938	0.78004			6
2026.02.03	00:51:00.430	0.77939	0.78020			6
2026.02.03	00:51:01.820	0.77938	0.78001			6
2026.02.03	00:51:03.429	0.77939	0.78017			6
2026.02.03	00:51:03.831		0.78013			4
2026.02.03	00:51:04.458	0.77938	0.78014			6
2026.02.03	00:51:04.774	0.77940	0.78004			6
2026.02.03	00:51:05.434	0.77938	0.78006			6
2026.02.03	00:51:05.936		0.78001			4
2026.02.03	00:51:07.429	0.77936				2
2026.02.03	00:51:07.944	0.77935	0.78005			6
2026.02.03	00:51:09.913	0.77931				2
2026.02.03	00:51:10.248	0.77939	0.78015			6
2026.02.03	00:51:10.576	0.77937	0.78007			6
2026.02.03	00:51:11.550	0.77936				2
2026.02.03	00:51:15.914	0.77934				2
2026.02.03	00:51:16.248	0.77940				2
2026.02.03	00:51:16.571	0.77936				2
2026.02.03	00:51:17.537	0.77938				2
2026.02.03	00:51:17.929	0.77939				2
2026.02.03	00:51:18.419	0.77936				2
2026.02.03	00:51:19.963	0.77935				2
2026.02.03	00:51:21.823	0.77932	0.78008			6
2026.02.03	00:51:22.139	0.77941	0.78012			6
2026.02.03	00:51:22.963		0.78013			4
2026.02.03	00:51:23.799		0.78016			4
2026.02.03	00:51:24.241		0.78015			4
2026.02.03	00:51:25.276		0.78008			4
2026.02.03	00:51:26.430	0.77940	0.78012			6
2026.02.03	00:51:27.914	0.77934	0.78007			6
2026.02.03	00:51:28.242	0.77941	0.78014			6
2026.02.03	00:51:29.501		0.78012			4
2026.02.03	00:51:30.608	0.77939				2
2026.02.03	00:51:30.912	0.77938	0.78010			6
2026.02.03	00:51:31.444	0.77937	0.78004			6
2026.02.03	00:51:32.121		0.78000			4
2026.02.03	00:51:33.019	0.77936	0.78007			6
2026.02.03	00:51:33.920	0.77933				2
2026.02.03	00:51:34.235	0.77935	0.78009			6
2026.02.03	00:51:34.541		0.78010			4
2026.02.03	00:51:36.121	0.77934				2
2026.02.03	00:51:36.431	0.77928	0.78003			6
2026.02.03	00:51:37.058	0.77938	0.78015			6
2026.02.03	00:51:37.620	0.77939	0.78012			6
2026.02.03	00:51:38.430	0.77937				2
2026.02.03	00:51:39.279	0.77938				2
2026.02.03	00:51:39.709	0.77939	0.78004			6
2026.02.03	00:51:40.020	0.77938	0.78011			6
2026.02.03	00:51:40.759		0.78009			4
2026.02.03	00:51:41.430		0.78012			4
2026.02.03	00:51:41.823	0.77937				2
2026.02.03	00:51:42.428		0.78002			4
2026.02.03	00:51:42.931		0.78010			4
2026.02.03	00:51:45.435	0.77939	0.78009			6
2026.02.03	00:51:45.790	0.77935	0.78010			6
2026.02.03	00:51:46.098	0.77939	0.78015			6
2026.02.03	00:51:46.649		0.78016			4
2026.02.03	00:51:48.498	0.77940	0.78012			6
2026.02.03	00:51:48.857		0.78017			4
2026.02.03	00:51:49.746		0.78011			4
2026.02.03	00:51:51.431	0.77937	0.78015			6
2026.02.03	00:51:51.914	0.77934	0.78004			6
2026.02.03	00:51:52.219	0.77936	0.78015			6
2026.02.03	00:51:52.914		0.78013			4
2026.02.03	00:51:57.915	0.77933	0.78014			6
2026.02.03	00:51:58.216	0.77936	0.78007			6
2026.02.03	00:52:00.978	0.77935	0.78004			6
2026.02.03	00:52:03.914	0.77934				2
2026.02.03	00:52:04.249	0.77936	0.78009			6
2026.02.03	00:52:05.434	0.77935				2
2026.02.03	00:52:08.442	0.77937	0.78017			6
2026.02.03	00:52:08.778	0.77939	0.78020			6
2026.02.03	00:52:09.913	0.77933				2
2026.02.03	00:52:10.257	0.77939				2
2026.02.03	00:52:15.916	0.77934	0.78011			6
2026.02.03	00:52:16.241	0.77939	0.78017			6
2026.02.03	00:52:18.939	0.77940				2
2026.02.03	00:52:21.915	0.77934	0.78013			6
2026.02.03	00:52:22.242	0.77940	0.78016			6
2026.02.03	00:52:24.864	0.77941				2
2026.02.03	00:52:26.915	0.77934	0.78013			6
2026.02.03	00:52:27.255	0.77940	0.78016			6
2026.02.03	00:52:28.677	0.77941				2
2026.02.03	00:52:30.312		0.78020			4
2026.02.03	00:52:32.916	0.77934	0.78002			6
2026.02.03	00:52:33.245	0.77933	0.77997			6
2026.02.03	00:52:34.111	0.77937	0.78011			6
2026.02.03	00:52:34.416	0.77936	0.78008			6
2026.02.03	00:52:38.427	0.77934	0.78000			6
2026.02.03	00:52:44.350	0.77935				2
2026.02.03	00:52:45.246		0.77996			4
2026.02.03	00:52:45.932		0.77995			4
2026.02.03	00:52:47.429	0.77934	0.77994			6
2026.02.03	00:52:48.637	0.77942	0.78017			6
2026.02.03	00:52:51.288	0.77936	0.77999			6
2026.02.03	00:52:53.435	0.77935	0.77997			6
2026.02.03	00:52:54.358	0.77940	0.78014			6
2026.02.03	00:52:55.505		0.78017			4
2026.02.03	00:52:58.028	0.77943				2
2026.02.03	00:52:58.433	0.77944				2
2026.02.03	00:52:59.441	0.77935	0.78005			6
2026.02.03	00:53:00.970	0.77935	0.77999			6
2026.02.03	00:53:01.433		0.77995			4
2026.02.03	00:53:02.291	0.77938	0.78019			6
2026.02.03	00:53:04.115	0.77940				2
2026.02.03	00:53:04.440		0.78014			4
2026.02.03	00:53:05.521	0.77941	0.78019			6
2026.02.03	00:53:05.846		0.78020			4
2026.02.03	00:53:07.430	0.77940	0.78015			6
2026.02.03	00:53:08.718		0.78009			4
2026.02.03	00:53:09.429		0.78020			4
2026.02.03	00:53:11.497	0.77938	0.78010			6
2026.02.03	00:53:11.820	0.77937	0.78013			6
2026.02.03	00:53:13.430		0.78010			4
2026.02.03	00:53:13.740		0.78014			4
2026.02.03	00:53:14.430	0.77936	0.78005			6
2026.02.03	00:53:14.935		0.78002			4
2026.02.03	00:53:16.431	0.77932	0.78001			6
2026.02.03	00:53:16.942	0.77933	0.78012			6
2026.02.03	00:53:17.246	0.77935	0.78002			6
2026.02.03	00:53:20.351	0.77933	0.78000			6
2026.02.03	00:53:20.761		0.78001			4
2026.02.03	00:53:21.183	0.77935				2
2026.02.03	00:53:22.431	0.77936				2
2026.02.03	00:53:23.435	0.77935				2
2026.02.03	00:53:24.434	0.77936	0.78002			6
2026.02.03	00:53:29.432	0.77939	0.78019			6
2026.02.03	00:53:30.431		0.78002			4
2026.02.03	00:53:31.605	0.77938				2
2026.02.03	00:53:32.020	0.77932	0.77999			6
2026.02.03	00:53:33.431	0.77929	0.78001			6
2026.02.03	00:53:34.343	0.77933	0.78012			6
2026.02.03	00:53:34.666	0.77936	0.78020			6
2026.02.03	00:53:36.346	0.77932	0.78017			6
2026.02.03	00:53:41.431	0.77936	0.78020			6
2026.02.03	00:53:44.794	0.77933				2
2026.02.03	00:53:45.711		0.78016			4
2026.02.03	00:53:46.792	0.77935	0.78020			6
2026.02.03	00:53:47.099	0.77939				2
2026.02.03	00:53:47.650	0.77940				2
2026.02.03	00:53:51.433	0.77938	0.78010			6
2026.02.03	00:53:52.481		0.78007			4
2026.02.03	00:53:56.436	0.77937				2
2026.02.03	00:53:57.435	0.77939	0.78019			6
2026.02.03	00:54:00.694	0.77940				2
2026.02.03	00:54:02.516	0.77937	0.78015			6
2026.02.03	00:54:02.892		0.78012			4
2026.02.03	00:54:03.194	0.77935	0.78017			6
2026.02.03	00:54:07.430		0.78013			4
2026.02.03	00:54:17.061	0.77934				2
2026.02.03	00:54:27.592	0.77933				2
2026.02.03	00:54:37.239	0.77938	0.78037			6
2026.02.03	00:54:37.557	0.77934	0.78031			6
2026.02.03	00:54:38.443	0.77927	0.78008			6
2026.02.03	00:54:39.293	0.77926				2
2026.02.03	00:54:41.430	0.77927				2
2026.02.03	00:54:42.922	0.77933	0.78013			6
2026.02.03	00:54:43.319	0.77937	0.78018			6
2026.02.03	00:54:44.823	0.77938				2
2026.02.03	00:54:52.256		0.78012			4
2026.02.03	00:54:52.571		0.78010			4
2026.02.03	00:54:53.689	0.77940	0.78019			6
2026.02.03	00:55:00.973	0.77931	0.78010			6
2026.02.03	00:55:01.476		0.78012			4
2026.02.03	00:55:01.817		0.78011			4
2026.02.03	00:55:02.475		0.78009			4
2026.02.03	00:55:02.941	0.77932	0.78021			6
2026.02.03	00:55:03.477		0.78016			4
2026.02.03	00:55:03.868	0.77938	0.78004			6
2026.02.03	00:55:04.442		0.78022			4
2026.02.03	00:55:04.823		0.78016			4
2026.02.03	00:55:05.293		0.78023			4
2026.02.03	00:55:05.757		0.78004			4
2026.02.03	00:55:08.688	0.77935	0.78009			6
2026.02.03	00:55:10.376	0.77934	0.78028			6
2026.02.03	00:55:11.819	0.77931	0.78018			6
2026.02.03	00:55:13.430	0.77930	0.78015			6
2026.02.03	00:55:14.431	0.77931				2
2026.02.03	00:55:17.430	0.77932				2
2026.02.03	00:55:20.395	0.77931				2
2026.02.03	00:55:20.910	0.77935	0.78025			6
2026.02.03	00:55:22.497	0.77930	0.78016			6
2026.02.03	00:55:22.801		0.78006			4
2026.02.03	00:55:23.720	0.77927				2
2026.02.03	00:55:25.431	0.77928				2
2026.02.03	00:55:27.545	0.77932				2
2026.02.03	00:55:29.500	0.77928				2
2026.02.03	00:55:29.864	0.77934	0.78011			6
2026.02.03	00:55:31.764	0.77931				2
2026.02.03	00:55:32.551	0.77928				2
2026.02.03	00:55:34.437	0.77927				2
2026.02.03	00:55:35.430	0.77934	0.78009			6
2026.02.03	00:55:37.423	0.77933	0.78010			6
2026.02.03	00:55:37.921	0.77934				2
2026.02.03	00:55:38.817	0.77935				2
2026.02.03	00:55:39.432	0.77933	0.78009			6
2026.02.03	00:55:39.735	0.77930	0.78005			6
2026.02.03	00:55:40.182	0.77929				2
2026.02.03	00:55:41.431	0.77930	0.78009			6
2026.02.03	00:55:43.874		0.78005			4
2026.02.03	00:55:45.292	0.77929				2
2026.02.03	00:55:47.849		0.78004			4
2026.02.03	00:55:48.892	0.77930				2
2026.02.03	00:55:51.816	0.77935	0.78008			6
2026.02.03	00:55:52.280	0.77931	0.78006			6
2026.02.03	00:55:53.817	0.77933				2
2026.02.03	00:55:58.955	0.77932				2
2026.02.03	00:55:59.769	0.77933				2
2026.02.03	00:56:00.856	0.77934				2
2026.02.03	00:56:01.463	0.77932	0.78024			6
2026.02.03	00:56:02.377	0.77935				2
2026.02.03	00:56:03.474		0.78021			4
2026.02.03	00:56:03.831	0.77933	0.78017			6
2026.02.03	00:56:04.372	0.77931				2
2026.02.03	00:56:05.091	0.77932				2
2026.02.03	00:56:06.683		0.78019			4
2026.02.03	00:56:07.396	0.77931				2
2026.02.03	00:56:07.789	0.77932	0.78018			6
2026.02.03	00:56:08.557		0.78019			4
2026.02.03	00:56:09.062	0.77931	0.78015			6
2026.02.03	00:56:09.505		0.78017			4
2026.02.03	00:56:09.966		0.78018			4
2026.02.03	00:56:10.370	0.77933	0.78015			6
2026.02.03	00:56:11.818	0.77935	0.78019			6
2026.02.03	00:56:12.669	0.77936	0.78024			6
2026.02.03	00:56:14.450	0.77933	0.78019			6
2026.02.03	00:56:15.497		0.78015			4
2026.02.03	00:56:16.378	0.77935	0.78014			6
2026.02.03	00:56:16.694	0.77932				2
2026.02.03	00:56:17.115		0.78008			4
2026.02.03	00:56:17.419		0.78016			4
2026.02.03	00:56:18.687	0.77933				2
2026.02.03	00:56:19.424	0.77932	0.78008			6
2026.02.03	00:56:19.740		0.78015			4
2026.02.03	00:56:20.122	0.77933				2
2026.02.03	00:56:20.772		0.78016			4
2026.02.03	00:56:21.180	0.77935	0.78010			6
2026.02.03	00:56:21.488	0.77931	0.78012			6
2026.02.03	00:56:22.485	0.77934	0.78015			6
2026.02.03	00:56:23.576	0.77931	0.78012			6
2026.02.03	00:56:25.194	0.77934	0.78015			6
2026.02.03	00:56:25.505	0.77936	0.78020			6
2026.02.03	00:56:29.497		0.78019			4
2026.02.03	00:56:30.241		0.78033			4
2026.02.03	00:56:30.698		0.78035			4
2026.02.03	00:56:31.493		0.78018			4
2026.02.03	00:56:31.830	0.77935				2
2026.02.03	00:56:32.145	0.77936				2
2026.02.03	00:56:37.442		0.78015			4
2026.02.03	00:56:38.724	0.77937	0.78017			6
2026.02.03	00:56:40.441	0.77938				2
2026.02.03	00:56:41.534	0.77937				2
2026.02.03	00:56:43.127	0.77936				2
2026.02.03	00:56:44.992	0.77937				2
2026.02.03	00:56:51.495		0.78015			4
2026.02.03	00:56:51.885	0.77938				2
2026.02.03	00:56:53.688	0.77935				2
2026.02.03	00:56:54.000	0.77937				2
2026.02.03	00:56:54.645	0.77936				2
2026.02.03	00:56:55.534	0.77937				2
2026.02.03	00:56:55.837	0.77936				2
2026.02.03	00:56:56.143	0.77937				2
2026.02.03	00:57:00.072	0.77936				2
2026.02.03	00:57:04.497		0.78014			4
2026.02.03	00:57:08.788	0.77937	0.78015			6
2026.02.03	00:57:09.117	0.77936				2
2026.02.03	00:57:10.522	0.77937				2
2026.02.03	00:57:14.128	0.77934				2
2026.02.03	00:57:19.496	0.77933	0.78017			6
2026.02.03	00:57:20.519	0.77934				2
2026.02.03	00:57:23.690	0.77936				2
2026.02.03	00:57:32.148	0.77935				2
2026.02.03	00:57:32.460	0.77937				2
2026.02.03	00:57:33.678	0.77935				2
2026.02.03	00:57:34.979	0.77936				2
2026.02.03	00:57:35.376	0.77939	0.78016			6
2026.02.03	00:57:41.392	0.77938				2
2026.02.03	00:57:42.623	0.77939				2
2026.02.03	00:57:45.560	0.77938				2
2026.02.03	00:57:52.999	0.77936				2
2026.02.03	00:57:58.978	0.77931				2
2026.02.03	00:58:01.193	0.77931				2
2026.02.03	00:58:08.667	0.77934				2
2026.02.03	00:58:09.018	0.77933				2
2026.02.03	00:58:10.747	0.77940				2
2026.02.03	00:58:12.561	0.77942				2
2026.02.03	00:58:15.497	0.77944				2
2026.02.03	00:58:15.892	0.77945				2
2026.02.03	00:58:25.750	0.77946				2
2026.02.03	00:58:27.775	0.77945				2
2026.02.03	00:58:31.383	0.77944				2
2026.02.03	00:58:32.707	0.77942				2
2026.02.03	00:58:34.791	0.77941				2
2026.02.03	00:58:35.432	0.77943	0.78016			6
2026.02.03	00:58:41.792	0.77942				2
2026.02.03	00:58:43.104	0.77944				2
2026.02.03	00:58:45.998		0.78015			4
2026.02.03	00:58:47.740	0.77947				2
2026.02.03	00:58:49.738	0.77948				2
2026.02.03	00:58:53.493	0.77940	0.78022			6
2026.02.03	00:59:00.316	0.77940				2
2026.02.03	00:59:00.890	0.77936	0.78042			6
2026.02.03	00:59:01.741	0.77939	0.78029			6
2026.02.03	00:59:03.389	0.77937				2
2026.02.03	00:59:04.330	0.77934	0.78030			6
2026.02.03	00:59:14.349	0.77940	0.78018			6
2026.02.03	00:59:15.972	0.77942				2
2026.02.03	00:59:17.350	0.77943	0.78020			6
2026.02.03	00:59:23.073	0.77941				2
2026.02.03	00:59:24.192		0.78017			4
2026.02.03	00:59:29.092	0.77945				2
2026.02.03	00:59:29.398		0.78027			4
2026.02.03	00:59:30.055	0.77946				2
2026.02.03	00:59:30.674	0.77947				2
2026.02.03	00:59:34.938	0.77948				2
2026.02.03	00:59:38.095	0.77947				2
2026.02.03	00:59:41.537		0.78023			4
2026.02.03	00:59:43.377		0.78018			4
2026.02.03	00:59:43.715		0.78020			4
2026.02.03	00:59:45.966	0.77946				2
2026.02.03	00:59:47.706	0.77948				2
2026.02.03	00:59:53.212	0.77952				2
2026.02.03	00:59:53.519	0.77948				2
2026.02.03	00:59:54.594	0.77947				2
2026.02.03	01:00:00.009	0.77947				2
2026.02.03	01:00:00.320	0.77942	0.78005			6
2026.02.03	01:00:00.629	0.77945	0.78001			6
2026.02.03	01:00:00.989	0.77946	0.78000			6
2026.02.03	01:00:01.296	0.77949	0.78003			6
2026.02.03	01:00:01.600	0.77952				2
2026.02.03	01:00:01.919	0.77957	0.77999			6
2026.02.03	01:00:02.721	0.77959				2
2026.02.03	01:00:03.078	0.77965	0.78002			6
2026.02.03	01:00:03.381	0.77959	0.77999			6
2026.02.03	01:00:03.700	0.77931	0.78057			6
2026.02.03	01:00:04.006		0.78059			4
2026.02.03	01:00:04.311	0.77930	0.78056			6
2026.02.03	01:00:04.637	0.77931	0.78058			6
2026.02.03	01:00:04.957	0.77930				2
2026.02.03	01:00:05.260	0.77929				2
2026.02.03	01:00:05.562	0.77924	0.78043			6
2026.02.03	01:00:05.901	0.77926				2
2026.02.03	01:00:06.521	0.77922	0.78045			6
2026.02.03	01:00:07.145	0.77959	0.77993			6
2026.02.03	01:00:08.493		0.77991			4
2026.02.03	01:00:08.875		0.77993			4
2026.02.03	01:00:14.924	0.77962				2
2026.02.03	01:00:16.491		0.77990			4
2026.02.03	01:00:17.790		0.77987			4
2026.02.03	01:00:21.506		0.77990			4
2026.02.03	01:00:21.830		0.77993			4
2026.02.03	01:00:33.876		0.77991			4
2026.02.03	01:00:34.212		0.77988			4
2026.02.03	01:00:34.652		0.77993			4
2026.02.03	01:00:35.386	0.77965				2
2026.02.03	01:00:36.139	0.77962	0.77996			6
2026.02.03	01:00:36.856	0.77965				2
2026.02.03	01:00:37.167		0.77999			4
2026.02.03	01:00:38.549	0.77969				2
2026.02.03	01:00:39.811	0.77974	0.78000			6
2026.02.03	01:00:40.919	0.77978				2
2026.02.03	01:00:41.398	0.77980				2
2026.02.03	01:00:43.827		0.78005			4
2026.02.03	01:00:44.616	0.77977				2
2026.02.03	01:00:45.571		0.78003			4
2026.02.03	01:00:49.030	0.77974	0.78002			6
2026.02.03	01:00:49.525	0.77977				2
2026.02.03	01:00:51.229		0.78005			4
2026.02.03	01:00:51.934		0.78007			4
2026.02.03	01:00:55.482	0.77980				2
2026.02.03	01:00:56.231		0.78008			4
2026.02.03	01:00:59.893	0.77976				2
2026.02.03	01:01:00.310	0.77976				2
2026.02.03	01:01:01.189	0.77975				2
2026.02.03	01:01:04.110	0.77976				2
2026.02.03	01:01:07.191		0.78007			4
2026.02.03	01:01:10.057		0.78008			4
2026.02.03	01:01:12.591	0.77977				2
2026.02.03	01:01:15.909	0.77976				2
2026.02.03	01:01:19.584	0.77977				2
2026.02.03	01:01:23.387	0.77974	0.78005			6
2026.02.03	01:01:25.373		0.78004			4
2026.02.03	01:01:27.331		0.78002			4
2026.02.03	01:01:36.881		0.78004			4
2026.02.03	01:01:43.919		0.78002			4
2026.02.03	01:01:46.194		0.78003			4
2026.02.03	01:01:46.913		0.78004			4
2026.02.03	01:01:53.092	0.77971	0.78002			6
2026.02.03	01:02:00.477	0.77971				2
2026.02.03	01:02:07.372	0.77972				2
2026.02.03	01:02:12.866	0.77971	0.78003			6
2026.02.03	01:02:23.715	0.77972				2
2026.02.03	01:02:31.509		0.78002			4
2026.02.03	01:02:40.434		0.77999			4
2026.02.03	01:02:50.154	0.77969	0.77997			6
2026.02.03	01:02:51.723		0.77994			4
2026.02.03	01:02:54.203		0.77991			4
2026.02.03	01:03:00.308	0.77969				2
2026.02.03	01:03:38.978	0.77963				2
2026.02.03	01:03:39.692	0.77962	0.77988			6
2026.02.03	01:03:40.003	0.77961				2
2026.02.03	01:03:41.793	0.77960				2
2026.02.03	01:03:42.262		0.77985			4
2026.02.03	01:03:42.602	0.77959				2
2026.02.03	01:03:43.294	0.77958				2
2026.02.03	01:03:44.375		0.77988			4
2026.02.03	01:03:47.514		0.77986			4
2026.02.03	01:03:48.499	0.77957				2
2026.02.03	01:03:50.245		0.77987			4
2026.02.03	01:03:50.692		0.77988			4
2026.02.03	01:03:55.066	0.77956				2
2026.02.03	01:04:00.612	0.77956				2
2026.02.03	01:04:01.919	0.77958				2
2026.02.03	01:04:03.289	0.77956				2
2026.02.03	01:04:06.363	0.77957				2
2026.02.03	01:04:07.744	0.77959				2
2026.02.03	01:04:08.051	0.77957				2
2026.02.03	01:04:09.292	0.77956				2
2026.02.03	01:04:09.749	0.77957				2
2026.02.03	01:04:11.750	0.77958				2
2026.02.03	01:04:12.074	0.77956				2
2026.02.03	01:04:13.006	0.77957				2
2026.02.03	01:04:19.836	0.77956				2
2026.02.03	01:04:20.747	0.77957				2
2026.02.03	01:04:24.069	0.77955				2
2026.02.03	01:04:24.576	0.77954				2
2026.02.03	01:04:26.458	0.77946	0.77994			6
2026.02.03	01:04:28.359	0.77944	0.77996			6
2026.02.03	01:04:29.942	0.77954	0.77988			6
2026.02.03	01:04:31.700		0.77984			4
2026.02.03	01:04:34.385		0.77985			4
2026.02.03	01:04:36.716	0.77955	0.77984			6
2026.02.03	01:04:39.750		0.77985			4
2026.02.03	01:04:48.172		0.77982			4
2026.02.03	01:04:49.443	0.77946	0.77993			6
2026.02.03	01:04:50.384	0.77945	0.77992			6
2026.02.03	01:04:51.314	0.77946				2
2026.02.03	01:04:53.217	0.77955	0.77982			6
2026.02.03	01:05:00.431	0.77955				2
2026.02.03	01:05:02.475		0.77979			4
2026.02.03	01:05:12.112	0.77954				2
2026.02.03	01:05:18.211	0.77956				2
2026.02.03	01:05:18.943	0.77955				2
2026.02.03	01:05:19.276	0.77954				2
2026.02.03	01:05:31.248	0.77955				2
2026.02.03	01:05:31.558	0.77950	0.77976			6
2026.02.03	01:05:31.869	0.77949				2
2026.02.03	01:05:34.374		0.77974			4
2026.02.03	01:05:36.373		0.77976			4
2026.02.03	01:05:36.728	0.77948				2
2026.02.03	01:05:38.374		0.77974			4
2026.02.03	01:05:38.753		0.77976			4
2026.02.03	01:05:39.374		0.77974			4
2026.02.03	01:05:39.754		0.77976			4
2026.02.03	01:05:45.269	0.77950				2
2026.02.03	01:05:45.748	0.77951	0.77973			6
2026.02.03	01:05:46.491	0.77950				2
2026.02.03	01:05:47.350	0.77948	0.77976			6
2026.02.03	01:05:53.088	0.77949				2
2026.02.03	01:05:54.291	0.77950				2
2026.02.03	01:05:55.746	0.77949				2
2026.02.03	01:05:56.345	0.77951				2
2026.02.03	01:05:57.372	0.77952				2
2026.02.03	01:05:58.153	0.77951	0.77974			6
2026.02.03	01:05:59.277		0.77972			4
2026.02.03	01:05:59.996		0.77974			4
2026.02.03	01:06:00.379	0.77952	0.77976			6
2026.02.03	01:06:00.699		0.77979			4
2026.02.03	01:06:04.440	0.77953				2
2026.02.03	01:06:04.757	0.77954				2
2026.02.03	01:06:06.836	0.77953				2
2026.02.03	01:06:20.762	0.77954				2
2026.02.03	01:06:23.823	0.77953				2
2026.02.03	01:06:36.757	0.77954	0.77977			6
2026.02.03	01:06:37.372	0.77952				2
2026.02.03	01:06:38.372	0.77954				2
2026.02.03	01:06:39.271	0.77953				2
2026.02.03	01:06:41.372	0.77952	0.77979			6
2026.02.03	01:06:42.373	0.77950				2
2026.02.03	01:06:43.373	0.77951				2
2026.02.03	01:06:44.376		0.77978			4
2026.02.03	01:06:45.374		0.77979			4
2026.02.03	01:06:49.222		0.77977			4
2026.02.03	01:06:49.679		0.77979			4
2026.02.03	01:06:49.981	0.77949	0.77974			6
2026.02.03	01:06:50.918	0.77950				2
2026.02.03	01:06:52.372	0.77952	0.77978			6
2026.02.03	01:06:53.373		0.77975			4
2026.02.03	01:06:56.082		0.77978			4
2026.02.03	01:07:00.761	0.77952				2
2026.02.03	01:07:01.372	0.77951	0.77973			6
2026.02.03	01:07:02.273	0.77952				2
2026.02.03	01:07:02.684	0.77951				2
2026.02.03	01:07:04.649	0.77953				2
2026.02.03	01:07:05.536	0.77950				2
2026.02.03	01:07:05.952	0.77949				2
2026.02.03	01:07:07.374	0.77950				2
2026.02.03	01:07:09.320	0.77948	0.77975			6
2026.02.03	01:07:09.759	0.77949	0.77976			6
2026.02.03	01:07:15.185	0.77950				2
2026.02.03	01:07:15.492	0.77949				2
2026.02.03	01:07:16.109	0.77950				2
2026.02.03	01:07:20.636	0.77949	0.77975			6
2026.02.03	01:07:21.892	0.77948				2
2026.02.03	01:07:30.436	0.77949				2
2026.02.03	01:07:31.211	0.77948				2
2026.02.03	01:07:33.891	0.77949				2
2026.02.03	01:07:50.453	0.77950				2
2026.02.03	01:07:57.444	0.77949				2
2026.02.03	01:07:58.442	0.77950				2
2026.02.03	01:07:59.422	0.77949				2
2026.02.03	01:08:00.155	0.77949				2
2026.02.03	01:08:00.762		0.77978			4
2026.02.03	01:08:03.968		0.77975			4
2026.02.03	01:08:06.445		0.77978			4
2026.02.03	01:08:06.784		0.77975			4
2026.02.03	01:08:07.711	0.77951	0.77978			6
2026.02.03	01:08:08.394	0.77950				2
2026.02.03	01:08:08.725	0.77951				2
2026.02.03	01:08:10.071	0.77950	0.77975			6
2026.02.03	01:08:11.744	0.77949				2
2026.02.03	01:08:12.765	0.77950				2
2026.02.03	01:08:13.075	0.77949				2
2026.02.03	01:08:14.764	0.77950	0.77978			6
2026.02.03	01:08:16.465		0.77975			4
2026.02.03	01:08:18.463		0.77978			4
2026.02.03	01:08:19.648		0.77975			4
2026.02.03	01:08:21.873		0.77978			4
2026.02.03	01:08:23.498	0.77948				2
2026.02.03	01:08:24.952	0.77950				2
2026.02.03	01:08:25.363	0.77951				2
2026.02.03	01:08:25.764	0.77952				2
2026.02.03	01:08:26.119	0.77953				2
2026.02.03	01:08:26.802	0.77952				2
2026.02.03	01:08:27.322	0.77950				2
2026.02.03	01:08:28.247	0.77952				2
2026.02.03	01:08:29.581	0.77951				2
2026.02.03	01:08:30.690	0.77950	0.77975			6
2026.02.03	01:08:33.956		0.77972			4
2026.02.03	01:08:36.929	0.77951				2
2026.02.03	01:08:40.764		0.77975			4
2026.02.03	01:08:42.130	0.77950				2
2026.02.03	01:08:43.349	0.77951				2
2026.02.03	01:08:51.253	0.77948				2
2026.02.03	01:08:52.253	0.77951				2
2026.02.03	01:08:56.013	0.77948				2
2026.02.03	01:08:57.750	0.77947				2
2026.02.03	01:08:58.671	0.77946				2
2026.02.03	01:08:59.558	0.77949				2
2026.02.03	01:09:00.374	0.77951	0.77980			6
2026.02.03	01:09:00.676		0.77978			4
2026.02.03	01:09:02.063	0.77950	0.77977			6
2026.02.03	01:09:02.736	0.77953	0.77975			6
2026.02.03	01:09:03.118	0.77952				2
2026.02.03	01:09:07.248	0.77951	0.77972			6
2026.02.03	01:09:07.613	0.77952				2
2026.02.03	01:09:08.364	0.77951				2
2026.02.03	01:09:10.796		0.77975			4
2026.02.03	01:09:12.427	0.77953				2
2026.02.03	01:09:14.271	0.77952				2
2026.02.03	01:09:15.292	0.77954				2
2026.02.03	01:09:16.605	0.77953				2
2026.02.03	01:09:22.220	0.77949	0.77969			6
2026.02.03	01:09:22.546	0.77947				2
2026.02.03	01:09:22.923	0.77948				2
2026.02.03	01:09:23.849	0.77951				2
2026.02.03	01:09:24.223	0.77950				2
2026.02.03	01:09:33.266	0.77952				2
2026.02.03	01:09:34.561	0.77953				2
2026.02.03	01:09:35.769	0.77950				2
2026.02.03	01:09:36.072	0.77948				2
2026.02.03	01:09:36.376	0.77949				2
2026.02.03	01:09:37.869	0.77950				2
2026.02.03	01:09:38.878	0.77952				2
2026.02.03	01:09:43.978	0.77950				2
2026.02.03	01:09:44.330	0.77951				2
2026.02.03	01:09:46.029		0.77978			4
2026.02.03	01:09:46.339	0.77956				2
2026.02.03	01:09:46.653	0.77954				2
2026.02.03	01:09:46.984	0.77955				2
2026.02.03	01:09:47.299	0.77953				2
2026.02.03	01:09:47.637	0.77951				2
2026.02.03	01:09:48.493	0.77952				2
2026.02.03	01:09:49.482	0.77954				2
2026.02.03	01:09:50.506	0.77953				2
2026.02.03	01:09:58.193	0.77954				2
2026.02.03	01:09:58.770	0.77955	0.77981			6
2026.02.03	01:09:59.825	0.77953				2
2026.02.03	01:10:00.153	0.77954				2
2026.02.03	01:10:00.770	0.77955				2
2026.02.03	01:10:03.060	0.77957				2
2026.02.03	01:10:04.377	0.77954				2
2026.02.03	01:10:04.685	0.77955				2
2026.02.03	01:10:06.057	0.77953				2
2026.02.03	01:10:06.545	0.77955				2
2026.02.03	01:10:07.601	0.77953				2
2026.02.03	01:10:07.913	0.77956				2
2026.02.03	01:10:08.645	0.77955				2
2026.02.03	01:10:09.065	0.77956				2
2026.02.03	01:10:10.743	0.77955				2
2026.02.03	01:10:11.068	0.77952				2
2026.02.03	01:10:16.769	0.77953	0.77978			6
2026.02.03	01:10:18.100	0.77950				2
2026.02.03	01:10:19.218	0.77952				2
2026.02.03	01:10:20.430	0.77953				2
2026.02.03	01:10:21.647	0.77955				2
2026.02.03	01:10:24.457	0.77948				2
2026.02.03	01:10:25.316	0.77949				2
2026.02.03	01:10:25.771	0.77951				2
2026.02.03	01:10:26.888	0.77953				2
2026.02.03	01:10:27.888	0.77955				2
2026.02.03	01:10:28.889	0.77956				2
2026.02.03	01:10:37.566	0.77953	0.77982			6
2026.02.03	01:10:40.373	0.77948	0.77980			6
2026.02.03	01:10:40.843		0.77981			4
2026.02.03	01:10:41.355	0.77951	0.77982			6
2026.02.03	01:10:43.851	0.77950				2
2026.02.03	01:10:47.438	0.77951				2
2026.02.03	01:10:50.367	0.77944	0.77979			6
2026.02.03	01:10:50.773	0.77942				2
2026.02.03	01:10:51.454	0.77950				2
2026.02.03	01:10:56.092	0.77949				2
2026.02.03	01:10:56.398	0.77944	0.77978			6
2026.02.03	01:10:56.893		0.77976			4
2026.02.03	01:10:57.200	0.77946	0.77972			6
2026.02.03	01:10:59.772	0.77947				2
2026.02.03	01:11:00.773	0.77947				2
2026.02.03	01:11:03.407	0.77948				2
2026.02.03	01:11:05.760	0.77942	0.77970			6
2026.02.03	01:11:06.094	0.77944	0.77973			6
2026.02.03	01:11:06.735	0.77945				2
2026.02.03	01:11:07.413	0.77946				2
2026.02.03	01:11:07.872	0.77945				2
2026.02.03	01:11:09.577	0.77947	0.77972			6
2026.02.03	01:11:10.001	0.77946				2
2026.02.03	01:11:10.775	0.77947				2
2026.02.03	01:11:12.078	0.77945	0.77973			6
2026.02.03	01:11:12.420	0.77943				2
2026.02.03	01:11:12.773	0.77945				2
2026.02.03	01:11:13.079	0.77944				2
2026.02.03	01:11:13.459	0.77945				2
2026.02.03	01:11:14.776	0.77944				2
2026.02.03	01:11:15.450	0.77946	0.77974			6
2026.02.03	01:11:15.759	0.77947	0.77976			6
2026.02.03	01:11:16.399	0.77949				2
2026.02.03	01:11:16.723	0.77948				2
2026.02.03	01:11:17.833	0.77949	0.77975			6
2026.02.03	01:11:18.247		0.77976			4
2026.02.03	01:11:18.574	0.77948				2
2026.02.03	01:11:18.887	0.77947				2
2026.02.03	01:11:19.310	0.77946				2
2026.02.03	01:11:19.728	0.77949				2
2026.02.03	01:11:21.875	0.77948				2
2026.02.03	01:11:22.203	0.77949				2
2026.02.03	01:11:22.508	0.77950				2
2026.02.03	01:11:23.391	0.77949				2
2026.02.03	01:11:24.593	0.77948				2
2026.02.03	01:11:25.218	0.77947				2
2026.02.03	01:11:26.069	0.77948				2
2026.02.03	01:11:26.589	0.77947				2
2026.02.03	01:11:27.220	0.77948				2
2026.02.03	01:11:27.929	0.77947				2
2026.02.03	01:11:28.303	0.77946	0.77975			6
2026.02.03	01:11:28.657	0.77949	0.77976			6
2026.02.03	01:11:30.301	0.77950				2
2026.02.03	01:11:32.145		0.77975			4
2026.02.03	01:11:32.559	0.77948	0.77976			6
2026.02.03	01:11:32.984	0.77949				2
2026.02.03	01:11:34.261	0.77950				2
2026.02.03	01:11:34.683	0.77949				2
2026.02.03	01:11:35.221	0.77948				2
2026.02.03	01:11:35.524	0.77949				2
2026.02.03	01:11:36.583	0.77950				2
2026.02.03	01:11:38.038		0.77975			4
2026.02.03	01:11:38.385	0.77951				2
2026.02.03	01:11:39.097	0.77949	0.77976			6
2026.02.03	01:11:39.400	0.77950				2
2026.02.03	01:11:40.427	0.77949	0.77975			6
2026.02.03	01:11:40.779		0.77976			4
2026.02.03	01:11:41.777	0.77950				2
2026.02.03	01:11:42.079	0.77949				2
2026.02.03	01:11:42.484	0.77948				2
2026.02.03	01:11:42.788	0.77950				2
2026.02.03	01:11:43.759	0.77948	0.77975			6
2026.02.03	01:11:44.102		0.77976			4
2026.02.03	01:11:44.483	0.77950				2
2026.02.03	01:11:44.799	0.77949				2
2026.02.03	01:11:45.102	0.77950				2
2026.02.03	01:11:45.464	0.77949				2
2026.02.03	01:11:45.946	0.77950	0.77975			6
2026.02.03	01:11:46.308	0.77952				2
2026.02.03	01:11:48.540	0.77953				2
2026.02.03	01:11:48.860	0.77952				2
2026.02.03	01:11:49.175	0.77954				2
2026.02.03	01:11:49.481	0.77953				2
2026.02.03	01:11:49.898	0.77954				2
2026.02.03	01:11:50.379	0.77952				2
2026.02.03	01:11:51.383	0.77953				2
2026.02.03	01:11:51.779		0.77976			4
2026.02.03	01:11:52.203	0.77952				2
2026.02.03	01:11:52.843	0.77951				2
2026.02.03	01:11:53.273	0.77953	0.77975			6
2026.02.03	01:11:53.699		0.77976			4
2026.02.03	01:11:54.868	0.77951				2
2026.02.03	01:11:55.174	0.77954				2
2026.02.03	01:11:55.499	0.77951				2
2026.02.03	01:11:55.819	0.77953	0.77975			6
2026.02.03	01:11:57.777	0.77952				2
2026.02.03	01:11:58.083	0.77953				2
2026.02.03	01:11:58.843		0.77976			4
2026.02.03	01:11:59.692	0.77952	0.77975			6
2026.02.03	01:12:00.124	0.77953				2
2026.02.03	01:12:00.551	0.77954	0.77976			6
2026.02.03	01:12:00.861	0.77945				2
2026.02.03	01:12:01.243	0.77950				2
2026.02.03	01:12:01.582	0.77945				2
2026.02.03	01:12:01.959	0.77947	0.77975			6
2026.02.03	01:12:02.347		0.77974			4
2026.02.03	01:12:13.931	0.77946	0.77971			6
2026.02.03	01:12:14.779	0.77948				2
2026.02.03	01:12:15.154	0.77946	0.77972			6
2026.02.03	01:12:17.261		0.77974			4
2026.02.03	01:12:20.431	0.77947				2
2026.02.03	01:12:21.372	0.77946				2
2026.02.03	01:12:21.726	0.77947				2
2026.02.03	01:12:22.371	0.77946	0.77973			6
2026.02.03	01:12:22.721	0.77947				2
2026.02.03	01:12:33.249	0.77948	0.77972			6
2026.02.03	01:12:54.643	0.77945	0.77971			6
2026.02.03	01:12:58.475		0.77970			4
2026.02.03	01:12:58.937		0.77971			4
2026.02.03	01:13:00.374	0.77945				2
2026.02.03	01:13:01.792		0.77970			4
2026.02.03	01:13:09.374		0.77971			4
2026.02.03	01:13:11.391	0.77946	0.77968			6
2026.02.03	01:13:11.703	0.77945	0.77973			6
2026.02.03	01:13:12.552	0.77946	0.77970			6
2026.02.03	01:13:12.876	0.77945	0.77971			6
2026.02.03	01:13:13.270	0.77946	0.77970			6
2026.02.03	01:13:14.629		0.77971			4
2026.02.03	01:13:15.592		0.77970			4
2026.02.03	01:13:16.745	0.77947				2
2026.02.03	01:13:17.692	0.77945	0.77972			6
2026.02.03	01:13:24.784		0.77971			4
2026.02.03	01:13:26.442	0.77946				2
2026.02.03	01:13:27.291	0.77945	0.77972			6
2026.02.03	01:13:29.393		0.77971			4
2026.02.03	01:13:29.760	0.77946				2
2026.02.03	01:13:31.403	0.77945				2
2026.02.03	01:13:36.291	0.77947	0.77972			6
2026.02.03	01:13:38.690		0.77973			4
2026.02.03	01:13:41.392		0.77972			4
2026.02.03	01:13:47.438		0.77971			4
2026.02.03	01:13:49.467	0.77946				2
2026.02.03	01:13:52.687		0.77972			4
2026.02.03	01:13:56.093	0.77945				2
2026.02.03	01:14:00.591	0.77945				2
2026.02.03	01:14:02.389	0.77946	0.77973			6
2026.02.03	01:14:04.393	0.77943	0.77968			6
2026.02.03	01:14:06.440	0.77944				2
2026.02.03	01:14:09.773	0.77943	0.77969			6
2026.02.03	01:14:14.209		0.77970			4
2026.02.03	01:14:16.797	0.77944				2
2026.02.03	01:14:17.117		0.77969			4
2026.02.03	01:14:18.957		0.77970			4
2026.02.03	01:14:20.786	0.77947				2
2026.02.03	01:14:22.330		0.77971			4
2026.02.03	01:14:23.005		0.77970			4
2026.02.03	01:14:24.755	0.77953	0.77976			6
2026.02.03	01:14:25.600		0.77975			4
2026.02.03	01:14:26.016	0.77949				2
2026.02.03	01:14:28.112		0.77974			4
2026.02.03	01:14:43.004	0.77951				2
2026.02.03	01:14:44.920	0.77953				2
2026.02.03	01:14:48.743	0.77952				2
2026.02.03	01:14:57.594		0.77973			4
2026.02.03	01:15:00.383	0.77952				2
2026.02.03	01:15:00.773		0.77972			4
2026.02.03	01:15:03.906		0.77971			4
2026.02.03	01:15:04.989		0.77972			4
2026.02.03	01:15:11.611		0.77971			4
2026.02.03	01:15:13.249	0.77951	0.77972			6
2026.02.03	01:15:15.200		0.77971			4
2026.02.03	01:15:15.786	0.77949	0.77970			6
2026.02.03	01:15:16.812	0.77950				2
2026.02.03	01:15:22.785	0.77949				2
2026.02.03	01:15:30.446		0.77971			4
2026.02.03	01:15:31.483	0.77950				2
2026.02.03	01:15:32.391		0.77970			4
2026.02.03	01:15:35.331		0.77971			4
2026.02.03	01:15:36.920		0.77970			4
2026.02.03	01:15:38.794		0.77969			4
2026.02.03	01:15:41.100		0.77970			4
2026.02.03	01:15:42.594		0.77969			4
2026.02.03	01:15:44.092		0.77970			4
2026.02.03	01:15:47.099		0.77969			4
2026.02.03	01:15:53.626		0.77970			4
2026.02.03	01:15:55.715		0.77969			4
2026.02.03	01:15:56.691		0.77970			4
2026.02.03	01:15:57.692		0.77969			4
2026.02.03	01:16:00.936	0.77944	0.77965			6
2026.02.03	01:16:05.036	0.77945				2
2026.02.03	01:16:09.373		0.77966			4
2026.02.03	01:16:10.204	0.77946				2
2026.02.03	01:16:11.221	0.77947				2
2026.02.03	01:16:12.321		0.77965			4
2026.02.03	01:16:13.742		0.77966			4
2026.02.03	01:16:15.920		0.77965			4
2026.02.03	01:16:17.009		0.77966			4
2026.02.03	01:16:22.407		0.77964			4
2026.02.03	01:16:23.751		0.77965			4
2026.02.03	01:16:26.007	0.77945	0.77964			6
2026.02.03	01:16:31.684		0.77963			4
2026.02.03	01:16:34.439		0.77964			4
2026.02.03	01:16:35.086		0.77963			4
2026.02.03	01:16:41.692		0.77964			4
2026.02.03	01:16:44.781	0.77946				2
2026.02.03	01:16:49.975		0.77965			4
2026.02.03	01:16:56.709	0.77947	0.77964			6
2026.02.03	01:16:57.730		0.77965			4
2026.02.03	01:17:00.291	0.77947				2
2026.02.03	01:17:02.691		0.77964			4
2026.02.03	01:17:04.153		0.77965			4
2026.02.03	01:17:05.990		0.77964			4
2026.02.03	01:17:11.695		0.77965			4
2026.02.03	01:17:14.362	0.77941	0.77964			6
2026.02.03	01:17:14.698		0.77965			4
2026.02.03	01:17:15.132	0.77942	0.77964			6
2026.02.03	01:17:16.524	0.77943				2
2026.02.03	01:17:17.151		0.77963			4
2026.02.03	01:17:17.487		0.77965			4
2026.02.03	01:17:18.455		0.77964			4
2026.02.03	01:17:19.505		0.77963			4
2026.02.03	01:17:19.907		0.77964			4
2026.02.03	01:17:20.655		0.77963			4
2026.02.03	01:17:20.958		0.77964			4
2026.02.03	01:17:26.516	0.77942				2
2026.02.03	01:17:27.251		0.77965			4
2026.02.03	01:17:28.341		0.77964			4
2026.02.03	01:17:29.509		0.77963			4
2026.02.03	01:17:29.916		0.77964			4
2026.02.03	01:17:30.292		0.77965			4
2026.02.03	01:17:30.598		0.77964			4
2026.02.03	01:17:30.961		0.77965			4
2026.02.03	01:17:31.688	0.77941	0.77962			6
2026.02.03	01:17:31.993	0.77939	0.77960			6
2026.02.03	01:17:32.777		0.77961			4
2026.02.03	01:17:33.541		0.77960			4
2026.02.03	01:17:34.096		0.77962			4
2026.02.03	01:17:34.410		0.77963			4
2026.02.03	01:17:35.158		0.77962			4
2026.02.03	01:17:35.500		0.77963			4
2026.02.03	01:17:36.247		0.77962			4
2026.02.03	01:17:36.637		0.77963			4
2026.02.03	01:17:37.299	0.77940				2
2026.02.03	01:17:38.446		0.77962			4
2026.02.03	01:17:38.854		0.77963			4
2026.02.03	01:17:39.160	0.77938	0.77962			6
2026.02.03	01:17:41.265	0.77939	0.77963			6
2026.02.03	01:17:44.423		0.77961			4
2026.02.03	01:17:45.431	0.77940				2
2026.02.03	01:17:47.991		0.77962			4
2026.02.03	01:17:49.191		0.77961			4
2026.02.03	01:17:49.976		0.77962			4
2026.02.03	01:17:50.363		0.77960			4
2026.02.03	01:17:50.777		0.77961			4
2026.02.03	01:17:51.554	0.77939	0.77960			6
2026.02.03	01:17:51.856		0.77962			4
2026.02.03	01:17:52.491	0.77940	0.77960			6
2026.02.03	01:17:52.832		0.77961			4
2026.02.03	01:17:54.924		0.77962			4
2026.02.03	01:17:58.733		0.77960			4
2026.02.03	01:17:59.105		0.77962			4
2026.02.03	01:18:00.022	0.77940				2
2026.02.03	01:18:43.698	0.77935				2
2026.02.03	01:18:44.008		0.77960			4
2026.02.03	01:18:54.592	0.77936				2
2026.02.03	01:18:56.747		0.77961			4
2026.02.03	01:18:58.191		0.77960			4
2026.02.03	01:19:01.604	0.77936				2
2026.02.03	01:19:08.805		0.77958			4
2026.02.03	01:19:10.225	0.77932	0.77956			6
2026.02.03	01:19:11.384	0.77931	0.77955			6
2026.02.03	01:19:11.692	0.77930	0.77954			6
2026.02.03	01:19:13.102	0.77929				2
2026.02.03	01:19:13.493	0.77930				2
2026.02.03	01:19:14.481		0.77953			4
2026.02.03	01:19:15.376		0.77954			4
2026.02.03	01:19:16.491	0.77929				2
2026.02.03	01:19:17.456	0.77930				2
2026.02.03	01:19:19.386	0.77929				2
2026.02.03	01:19:19.723	0.77924	0.77948			6
2026.02.03	01:19:20.038	0.77923	0.77945			6
2026.02.03	01:19:20.427	0.77925				2
2026.02.03	01:19:21.571	0.77926	0.77946			6
2026.02.03	01:19:22.530	0.77927	0.77947			6
2026.02.03	01:19:23.226	0.77929				2
2026.02.03	01:19:23.773		0.77948			4
2026.02.03	01:19:25.294	0.77930	0.77949			6
2026.02.03	01:19:27.590	0.77931	0.77952			6
2026.02.03	01:19:27.931		0.77949			4
2026.02.03	01:19:28.806		0.77953			4
2026.02.03	01:19:31.397		0.77949			4
2026.02.03	01:19:31.717	0.77930	0.77951			6
2026.02.03	01:19:32.023		0.77948			4
2026.02.03	01:19:34.492		0.77947			4
2026.02.03	01:19:36.608		0.77948			4
2026.02.03	01:19:44.957	0.77931	0.77949			6
2026.02.03	01:19:51.654		0.77950			4
2026.02.03	01:19:51.963	0.77932				2
2026.02.03	01:19:53.379	0.77934				2
2026.02.03	01:20:00.631	0.77934				2
2026.02.03	01:20:02.044		0.77951			4
2026.02.03	01:20:02.692		0.77952			4
2026.02.03	01:20:03.190	0.77935	0.77951			6
2026.02.03	01:20:03.500		0.77950			4
2026.02.03	01:20:08.395		0.77951			4
2026.02.03	01:20:09.899		0.77952			4
2026.02.03	01:20:20.102		0.77951			4
2026.02.03	01:20:26.252		0.77952			4
2026.02.03	01:20:28.293		0.77951			4
2026.02.03	01:20:29.805	0.77934				2
2026.02.03	01:20:30.592		0.77950			4
2026.02.03	01:20:33.592		0.77949			4
2026.02.03	01:20:33.975		0.77950			4
2026.02.03	01:20:35.508		0.77951			4
2026.02.03	01:20:40.809		0.77952			4
2026.02.03	01:20:43.446	0.77935				2
2026.02.03	01:20:45.470	0.77936				2
2026.02.03	01:20:48.077	0.77935	0.77954			6
2026.02.03	01:20:48.708		0.77952			4
2026.02.03	01:20:51.847	0.77936				2
2026.02.03	01:20:52.209	0.77934				2
2026.02.03	01:20:53.046	0.77935				2
2026.02.03	01:20:53.617	0.77934				2
2026.02.03	01:20:55.284	0.77936				2
2026.02.03	01:20:57.285		0.77953			4
2026.02.03	01:20:57.622		0.77954			4
2026.02.03	01:20:58.372	0.77937				2
2026.02.03	01:21:00.516	0.77936				2
2026.02.03	01:21:04.483		0.77953			4
2026.02.03	01:21:04.786		0.77954			4
2026.02.03	01:21:20.919	0.77932	0.77950			6
2026.02.03	01:21:21.373		0.77952			4
2026.02.03	01:21:21.691		0.77951			4
2026.02.03	01:21:22.022		0.77952			4
2026.02.03	01:21:22.360	0.77931				2
2026.02.03	01:21:22.815		0.77950			4
2026.02.03	01:21:23.118		0.77952			4
2026.02.03	01:21:23.991		0.77951			4
2026.02.03	01:21:25.011	0.77932				2
2026.02.03	01:21:25.975		0.77950			4
2026.02.03	01:21:26.288		0.77951			4
2026.02.03	01:21:27.192		0.77952			4
2026.02.03	01:21:29.991		0.77951			4
2026.02.03	01:21:31.366		0.77950			4
2026.02.03	01:21:31.712	0.77930	0.77947			6
2026.02.03	01:21:32.813	0.77932				2
2026.02.03	01:21:33.158		0.77949			4
2026.02.03	01:21:33.639	0.77931				2
2026.02.03	01:21:34.431		0.77948			4
2026.02.03	01:21:34.759		0.77949			4
2026.02.03	01:21:35.751	0.77930				2
2026.02.03	01:21:36.576		0.77947			4
2026.02.03	01:21:36.890		0.77949			4
2026.02.03	01:21:39.214	0.77928	0.77946			6
2026.02.03	01:21:39.538	0.77927	0.77947			6
2026.02.03	01:21:40.814		0.77945			4
2026.02.03	01:21:42.264	0.77923	0.77943			6
2026.02.03	01:21:42.603		0.77940			4
2026.02.03	01:21:42.925	0.77920	0.77941			6
2026.02.03	01:21:43.252	0.77921	0.77942			6
2026.02.03	01:21:44.105		0.77941			4
2026.02.03	01:21:45.386	0.77922				2
2026.02.03	01:21:45.832	0.77921				2
2026.02.03	01:21:46.921		0.77942			4
2026.02.03	01:21:47.437		0.77941			4
2026.02.03	01:21:48.732		0.77939			4
2026.02.03	01:21:49.177	0.77920	0.77938			6
2026.02.03	01:21:49.976		0.77939			4
2026.02.03	01:21:50.289		0.77938			4
2026.02.03	01:21:51.730		0.77939			4
2026.02.03	01:21:53.566		0.77938			4
2026.02.03	01:21:55.780		0.77939			4
2026.02.03	01:21:56.487		0.77938			4
2026.02.03	01:21:59.631	0.77919				2
2026.02.03	01:22:00.037	0.77919	0.77939			6
2026.02.03	01:22:01.913	0.77920				2
2026.02.03	01:22:05.819	0.77921	0.77942			6
2026.02.03	01:22:06.160	0.77920	0.77941			6
2026.02.03	01:22:06.814	0.77922				2
2026.02.03	01:22:07.119		0.77943			4
2026.02.03	01:22:08.151	0.77925				2
2026.02.03	01:22:08.815	0.77926				2
2026.02.03	01:22:11.283		0.77941			4
2026.02.03	01:22:13.769	0.77923	0.77940			6
2026.02.03	01:22:17.066		0.77942			4
2026.02.03	01:22:17.603		0.77940			4
2026.02.03	01:22:18.253	0.77927				2
2026.02.03	01:22:18.585	0.77924	0.77939			6
2026.02.03	01:22:18.923	0.77927	0.77940			6
2026.02.03	01:22:19.258	0.77924	0.77939			6
2026.02.03	01:22:19.589	0.77927	0.77940			6
2026.02.03	01:22:19.918	0.77924	0.77939			6
2026.02.03	01:22:20.257	0.77927	0.77940			6
2026.02.03	01:22:20.598	0.77924	0.77939			6
2026.02.03	01:22:20.954	0.77927	0.77940			6
2026.02.03	01:22:21.258	0.77924	0.77939			6
2026.02.03	01:22:21.565	0.77927	0.77940			6
2026.02.03	01:22:21.932	0.77924	0.77939			6
2026.02.03	01:22:22.269		0.77940			4
2026.02.03	01:22:29.372	0.77923				2
2026.02.03	01:22:41.629	0.77924				2
2026.02.03	01:22:43.189	0.77921	0.77938			6
2026.02.03	01:22:43.977		0.77937			4
2026.02.03	01:22:45.842	0.77923				2
2026.02.03	01:23:02.464	0.77923				2
2026.02.03	01:23:04.687		0.77936			4
2026.02.03	01:23:05.423		0.77937			4
2026.02.03	01:23:05.726		0.77936			4
2026.02.03	01:23:06.373	0.77919	0.77934			6
2026.02.03	01:23:06.702	0.77917				2
2026.02.03	01:23:07.358	0.77915				2
2026.02.03	01:23:08.162	0.77913	0.77933			6
2026.02.03	01:23:11.528	0.77915	0.77935			6
2026.02.03	01:23:11.839	0.77918				2
2026.02.03	01:23:12.544	0.77920				2
2026.02.03	01:23:13.384	0.77921	0.77936			6
2026.02.03	01:23:17.752	0.77919				2
2026.02.03	01:23:21.687	0.77921				2
2026.02.03	01:23:24.891	0.77920				2
2026.02.03	01:23:28.885		0.77937			4
2026.02.03	01:23:30.773		0.77936			4
2026.02.03	01:23:31.540		0.77937			4
2026.02.03	01:23:32.386		0.77936			4
2026.02.03	01:23:32.767	0.77917	0.77935			6
2026.02.03	01:23:35.902		0.77934			4
2026.02.03	01:23:36.878		0.77933			4
2026.02.03	01:23:38.177		0.77934			4
2026.02.03	01:23:41.940	0.77916				2
2026.02.03	01:23:44.607		0.77933			4
2026.02.03	01:23:46.648		0.77934			4
2026.02.03	01:23:52.131	0.77918				2
2026.02.03	01:24:00.077	0.77918	0.77932			6
2026.02.03	01:24:00.428		0.77933			4
2026.02.03	01:24:01.384		0.77932			4
2026.02.03	01:24:03.373		0.77934			4
2026.02.03	01:24:03.774	0.77917	0.77933			6
2026.02.03	01:24:10.122		0.77932			4
2026.02.03	01:24:14.004	0.77918				2
2026.02.03	01:24:14.319	0.77917				2
2026.02.03	01:24:15.283	0.77918	0.77933			6
2026.02.03	01:24:18.352	0.77917				2
2026.02.03	01:24:21.030		0.77932			4
2026.02.03	01:24:26.223	0.77916				2
2026.02.03	01:24:26.942		0.77931			4
2026.02.03	01:24:28.193		0.77932			4
2026.02.03	01:24:35.375	0.77917				2
2026.02.03	01:24:38.343	0.77918	0.77934			6
2026.02.03	01:24:42.443		0.77933			4
2026.02.03	01:24:42.891	0.77917	0.77932			6
2026.02.03	01:24:54.486	0.77920				2
2026.02.03	01:24:55.128	0.77921				2
2026.02.03	01:24:55.698	0.77922				2
2026.02.03	01:24:56.710	0.77916				2
2026.02.03	01:25:00.094	0.77916				2
2026.02.03	01:25:02.294	0.77917	0.77935			6
2026.02.03	01:25:02.599	0.77920				2
2026.02.03	01:25:02.907		0.77939			4
2026.02.03	01:25:03.301	0.77923	0.77940			6
2026.02.03	01:25:03.618	0.77919	0.77938			6
2026.02.03	01:25:04.945	0.77922				2
2026.02.03	01:25:07.001	0.77924				2
2026.02.03	01:25:08.993	0.77923				2
2026.02.03	01:25:09.405		0.77939			4
2026.02.03	01:25:28.994	0.77919				2
2026.02.03	01:25:29.497	0.77921				2
2026.02.03	01:25:29.826	0.77919				2
2026.02.03	01:25:30.477	0.77920				2
2026.02.03	01:25:30.988	0.77919				2
2026.02.03	01:25:31.730	0.77920				2
2026.02.03	01:25:32.106	0.77919				2
2026.02.03	01:25:32.978	0.77920				2
2026.02.03	01:25:33.543	0.77919				2
2026.02.03	01:25:34.495	0.77920				2
2026.02.03	01:25:34.829	0.77919				2
2026.02.03	01:25:35.477	0.77920				2
2026.02.03	01:25:35.828	0.77919	0.77937			6
2026.02.03	01:25:37.294	0.77918				2
2026.02.03	01:25:38.280		0.77936			4
2026.02.03	01:25:38.642		0.77938			4
2026.02.03	01:25:38.949	0.77920				2
2026.02.03	01:25:39.256	0.77918				2
2026.02.03	01:25:40.143	0.77920				2
2026.02.03	01:25:40.477	0.77918				2
2026.02.03	01:25:40.806	0.77920				2
2026.02.03	01:25:41.128	0.77918				2
2026.02.03	01:25:43.826	0.77919				2
2026.02.03	01:25:46.074	0.77918				2
2026.02.03	01:25:47.927	0.77919				2
2026.02.03	01:25:49.492	0.77918				2
2026.02.03	01:25:54.350	0.77917				2
2026.02.03	01:26:00.622	0.77917	0.77937			6
2026.02.03	01:26:01.738	0.77918				2
2026.02.03	01:26:02.783	0.77917				2
2026.02.03	01:26:05.434	0.77918	0.77938			6
2026.02.03	01:26:05.738	0.77917				2
2026.02.03	01:26:06.477	0.77916				2
2026.02.03	01:26:13.373	0.77918				2
2026.02.03	01:26:15.212	0.77916				2
2026.02.03	01:26:16.372	0.77917				2
2026.02.03	01:26:17.230		0.77936			4
2026.02.03	01:26:20.622	0.77918	0.77931			6
2026.02.03	01:26:20.968	0.77920				2
2026.02.03	01:26:21.292	0.77919				2
2026.02.03	01:26:23.153	0.77918				2
2026.02.03	01:26:24.591	0.77919				2
2026.02.03	01:26:25.768	0.77917	0.77925			6
2026.02.03	01:26:26.090	0.77915				2
2026.02.03	01:26:27.418	0.77916				2
2026.02.03	01:26:31.817	0.77915				2
2026.02.03	01:26:46.709	0.77920	0.77932			6
2026.02.03	01:26:50.007	0.77919				2
2026.02.03	01:26:50.344	0.77920				2
2026.02.03	01:26:55.847	0.77919				2
2026.02.03	01:26:57.103	0.77920				2
2026.02.03	01:26:59.404		0.77931			4
2026.02.03	01:27:00.545	0.77920	0.77929			6
2026.02.03	01:27:00.869	0.77919				2
2026.02.03	01:27:01.412	0.77920				2
2026.02.03	01:27:10.517	0.77922	0.77930			6
2026.02.03	01:27:13.228	0.77919	0.77929			6
2026.02.03	01:27:14.706	0.77920				2
2026.02.03	01:27:19.309	0.77919	0.77927			6
2026.02.03	01:27:22.631	0.77924	0.77934			6
2026.02.03	01:27:30.567	0.77923				2
2026.02.03	01:27:35.692	0.77929	0.77935			6
2026.02.03	01:27:36.340		0.77937			4
2026.02.03	01:27:39.065	0.77927	0.77933			6
2026.02.03	01:27:39.472	0.77928				2
2026.02.03	01:27:40.132		0.77934			4
2026.02.03	01:27:46.873	0.77927				2
2026.02.03	01:27:47.889	0.77928				2
2026.02.03	01:27:49.491	0.77927				2
2026.02.03	01:27:55.177	0.77928				2
2026.02.03	01:28:00.179	0.77928				2
2026.02.03	01:28:00.589	0.77927				2
2026.02.03	01:28:00.986	0.77921	0.77927			6
2026.02.03	01:28:01.345	0.77919				2
2026.02.03	01:28:03.987	0.77921	0.77929			6
2026.02.03	01:28:10.682		0.77930			4
2026.02.03	01:29:00.316	0.77922				2
2026.02.03	01:29:01.491	0.77923	0.77931			6
2026.02.03	01:29:41.093		0.77932			4
2026.02.03	01:29:51.499		0.77931			4
2026.02.03	01:30:00.758	0.77924				2
2026.02.03	01:30:01.258		0.77932			4
2026.02.03	01:30:02.615		0.77933			4
2026.02.03	01:30:03.119	0.77923	0.77934			6
2026.02.03	01:30:03.433	0.77928	0.77930			6
2026.02.03	01:30:07.156	0.77923	0.77933			6
2026.02.03	01:30:09.901	0.77927	0.77936			6
2026.02.03	01:30:13.360	0.77931	0.77937			6
2026.02.03	01:30:14.713	0.77933	0.77939			6
2026.02.03	01:30:15.375	0.77932				2
2026.02.03	01:30:16.988	0.77934	0.77940			6
2026.02.03	01:30:17.662	0.77933				2
2026.02.03	01:30:18.312	0.77934	0.77941			6
2026.02.03	01:30:20.221	0.77935				2
2026.02.03	01:30:26.387	0.77934				2
2026.02.03	01:30:31.232	0.77935				2
2026.02.03	01:30:31.715	0.77934				2
2026.02.03	01:30:32.091	0.77935				2
2026.02.03	01:30:34.809	0.77937	0.77944			6
2026.02.03	01:30:35.115	0.77935	0.77942			6
2026.02.03	01:30:35.439	0.77936				2
2026.02.03	01:30:36.378	0.77935				2
2026.02.03	01:30:42.205	0.77936	0.77943			6
2026.02.03	01:30:43.191	0.77937				2
2026.02.03	01:30:44.733	0.77936				2
2026.02.03	01:30:46.192	0.77937				2
2026.02.03	01:30:50.092	0.77938				2
2026.02.03	01:30:57.408	0.77934	0.77942			6
2026.02.03	01:30:58.057	0.77933	0.77941			6
2026.02.03	01:31:00.435	0.77930	0.77939			6
2026.02.03	01:31:02.041		0.77938			4
2026.02.03	01:31:10.536	0.77929				2
2026.02.03	01:31:11.209	0.77928				2
2026.02.03	01:31:12.115	0.77930				2
2026.02.03	01:31:14.856	0.77929				2
2026.02.03	01:31:16.690	0.77930				2
2026.02.03	01:31:22.201	0.77929				2
2026.02.03	01:31:27.747	0.77927	0.77937			6
2026.02.03	01:31:28.073	0.77929				2
2026.02.03	01:31:29.601	0.77928				2
2026.02.03	01:31:30.798	0.77927				2
2026.02.03	01:31:32.068	0.77928				2
2026.02.03	01:31:32.993	0.77927				2
2026.02.03	01:31:35.712	0.77929				2
2026.02.03	01:31:38.344	0.77928				2
2026.02.03	01:31:45.585	0.77927	0.77935			6
2026.02.03	01:31:47.379	0.77926				2
2026.02.03	01:31:47.690	0.77927				2
2026.02.03	01:31:52.258		0.77936			4
2026.02.03	01:31:53.717	0.77928	0.77935			6
2026.02.03	01:31:54.590	0.77927				2
2026.02.03	01:31:56.044	0.77928	0.77937			6
2026.02.03	01:31:57.463	0.77930				2
2026.02.03	01:31:58.368	0.77929				2
2026.02.03	01:32:00.501	0.77929				2
2026.02.03	01:32:02.409	0.77927	0.77934			6
2026.02.03	01:32:02.712	0.77926	0.77936			6
2026.02.03	01:32:06.099	0.77928				2
2026.02.03	01:32:08.980	0.77927				2
2026.02.03	01:32:10.475	0.77928				2
2026.02.03	01:32:10.944	0.77927				2
2026.02.03	01:32:17.060	0.77928				2
2026.02.03	01:32:17.459	0.77927				2
2026.02.03	01:32:18.354	0.77928				2
2026.02.03	01:32:20.085	0.77926				2
2026.02.03	01:32:20.477		0.77933			4
2026.02.03	01:32:20.790	0.77924				2
2026.02.03	01:32:23.778	0.77921	0.77930			6
2026.02.03	01:32:24.121	0.77922				2
2026.02.03	01:32:24.923	0.77923				2
2026.02.03	01:32:27.575	0.77915	0.77925			6
2026.02.03	01:32:28.303	0.77916				2
2026.02.03	01:32:29.637	0.77915				2
2026.02.03	01:32:32.483	0.77916				2
2026.02.03	01:32:33.253	0.77912	0.77923			6
2026.02.03	01:32:34.363	0.77913				2
2026.02.03	01:32:38.387	0.77914	0.77924			6
2026.02.03	01:32:38.722	0.77915				2
2026.02.03	01:32:39.567	0.77914				2
2026.02.03	01:32:40.215		0.77923			4
2026.02.03	01:32:43.976		0.77924			4
2026.02.03	01:32:45.362		0.77923			4
2026.02.03	01:32:47.179	0.77917	0.77925			6
2026.02.03	01:32:49.576	0.77915	0.77924			6
2026.02.03	01:32:54.798	0.77914	0.77923			6
2026.02.03	01:32:56.362		0.77924			4
2026.02.03	01:32:58.363	0.77915				2
2026.02.03	01:32:59.613		0.77923			4
2026.02.03	01:33:00.307	0.77916	0.77924			6
2026.02.03	01:33:00.610	0.77915				2
2026.02.03	01:33:02.444	0.77917	0.77926			6
2026.02.03	01:33:03.048	0.77918				2
2026.02.03	01:33:03.373	0.77917				2
2026.02.03	01:33:04.045	0.77918				2
2026.02.03	01:33:04.525	0.77916				2
2026.02.03	01:33:10.682	0.77917				2
2026.02.03	01:33:12.139	0.77916				2
2026.02.03	01:33:13.021	0.77917				2
2026.02.03	01:33:14.389	0.77918				2
2026.02.03	01:33:14.732	0.77917				2
2026.02.03	01:33:19.200	0.77916				2
2026.02.03	01:33:20.770	0.77919	0.77927			6
2026.02.03	01:33:23.090	0.77920				2
2026.02.03	01:33:24.591	0.77919				2
2026.02.03	01:33:26.260		0.77926			4
2026.02.03	01:33:27.093	0.77913	0.77921			6
2026.02.03	01:33:29.392		0.77920			4
2026.02.03	01:33:29.776	0.77911				2
2026.02.03	01:33:30.078		0.77918			4
2026.02.03	01:33:30.509	0.77908	0.77916			6
2026.02.03	01:33:30.838	0.77911	0.77918			6
2026.02.03	01:33:31.175	0.77910				2
2026.02.03	01:33:32.247	0.77911				2
2026.02.03	01:33:37.354	0.77910				2
2026.02.03	01:33:41.104	0.77909	0.77917			6
2026.02.03	01:33:42.894	0.77910				2
2026.02.03	01:33:44.478	0.77911	0.77918			6
2026.02.03	01:33:44.794	0.77912	0.77921			6
2026.02.03	01:33:46.791	0.77911				2
2026.02.03	01:33:48.590	0.77912				2
2026.02.03	01:33:50.261	0.77913	0.77922			6
2026.02.03	01:33:51.891		0.77923			4
2026.02.03	01:33:52.315	0.77916				2
2026.02.03	01:33:54.592	0.77915				2
2026.02.03	01:34:00.290	0.77915				2
2026.02.03	01:34:00.703	0.77912	0.77922			6
2026.02.03	01:34:15.859	0.77911	0.77920			6
2026.02.03	01:34:16.175	0.77913				2
2026.02.03	01:34:24.618	0.77912				2
2026.02.03	01:34:27.119	0.77913				2
2026.02.03	01:34:30.308	0.77912				2
2026.02.03	01:34:31.792	0.77913				2
2026.02.03	01:34:37.394	0.77915	0.77921			6
2026.02.03	01:34:37.714	0.77914				2
2026.02.03	01:34:38.452	0.77915				2
2026.02.03	01:34:39.341	0.77914				2
2026.02.03	01:34:39.677	0.77915				2
2026.02.03	01:34:39.980	0.77916				2
2026.02.03	01:34:41.926		0.77922			4
2026.02.03	01:34:42.276	0.77914				2
2026.02.03	01:34:47.991	0.77913				2
2026.02.03	01:34:50.007		0.77923			4
2026.02.03	01:34:51.075	0.77910	0.77920			6
2026.02.03	01:34:52.514	0.77911				2
2026.02.03	01:34:54.179	0.77912	0.77921			6
2026.02.03	01:34:57.552		0.77920			4
2026.02.03	01:35:00.291	0.77912				2
2026.02.03	01:35:00.596		0.77919			4
2026.02.03	01:35:02.390	0.77911				2
2026.02.03	01:35:04.644	0.77912	0.77920			6
2026.02.03	01:35:05.952	0.77913	0.77921			6
2026.02.03	01:35:37.322		0.77922			4
2026.02.03	01:35:37.648	0.77914	0.77923			6
2026.02.03	01:35:39.378	0.77913	0.77921			6
2026.02.03	01:35:44.594	0.77915	0.77923			6
2026.02.03	01:35:45.024	0.77913	0.77922			6
2026.02.03	01:35:53.833		0.77921			4
2026.02.03	01:35:56.176	0.77915	0.77923			6
2026.02.03	01:35:56.512	0.77914	0.77922			6
2026.02.03	01:35:57.518		0.77920			4
2026.02.03	01:35:58.054		0.77922			4
2026.02.03	01:36:00.476	0.77914				2
2026.02.03	01:36:01.563	0.77916	0.77924			6
2026.02.03	01:36:02.491	0.77917				2
2026.02.03	01:36:04.263	0.77916	0.77925			6
2026.02.03	01:36:10.342	0.77922	0.77930			6
2026.02.03	01:36:10.745		0.77931			4
2026.02.03	01:36:17.267	0.77920	0.77930			6
2026.02.03	01:36:18.605		0.77927			4
2026.02.03	01:36:19.889	0.77918	0.77926			6
2026.02.03	01:36:20.220	0.77917	0.77925			6
2026.02.03	01:36:20.999	0.77918	0.77924			6
2026.02.03	01:36:22.052		0.77923			4
2026.02.03	01:36:24.593	0.77916	0.77921			6
2026.02.03	01:36:32.454	0.77917	0.77925			6
2026.02.03	01:36:32.964		0.77924			4
2026.02.03	01:36:45.760	0.77918				2
2026.02.03	01:36:49.557	0.77917	0.77925			6
2026.02.03	01:36:52.738	0.77918				2
2026.02.03	01:36:54.520	0.77917				2
2026.02.03	01:36:54.975	0.77918				2
2026.02.03	01:36:56.219		0.77924			4
2026.02.03	01:37:00.445	0.77918				2
2026.02.03	01:37:00.971	0.77917				2
2026.02.03	01:37:01.379		0.77923			4
2026.02.03	01:37:06.613	0.77916				2
2026.02.03	01:37:09.697	0.77917				2
2026.02.03	01:37:14.437	0.77918	0.77924			6
2026.02.03	01:37:25.192	0.77917				2
2026.02.03	01:37:27.125		0.77925			4
2026.02.03	01:37:29.183	0.77914	0.77921			6
2026.02.03	01:37:29.856	0.77913	0.77919			6
2026.02.03	01:37:31.569		0.77920			4
2026.02.03	01:37:32.024		0.77921			4
2026.02.03	01:37:33.893	0.77915	0.77925			6
2026.02.03	01:37:34.401		0.77923			4
2026.02.03	01:37:44.712		0.77924			4
2026.02.03	01:37:46.466	0.77914	0.77922			6
2026.02.03	01:37:49.435		0.77921			4
2026.02.03	01:37:56.732	0.77912				2
2026.02.03	01:37:57.743		0.77920			4
2026.02.03	01:37:59.591		0.77921			4
2026.02.03	01:38:00.339	0.77912				2
2026.02.03	01:38:00.971	0.77914				2
2026.02.03	01:38:01.423	0.77912				2
2026.02.03	01:38:02.272	0.77914				2
2026.02.03	01:38:03.850		0.77922			4
2026.02.03	01:38:04.257		0.77921			4
2026.02.03	01:38:04.558	0.77912				2
2026.02.03	01:38:10.409	0.77914	0.77922			6
2026.02.03	01:38:12.002	0.77912	0.77921			6
2026.02.03	01:38:12.523	0.77914	0.77922			6
2026.02.03	01:38:13.566	0.77912	0.77921			6
2026.02.03	01:38:14.166		0.77922			4
2026.02.03	01:38:14.563		0.77921			4
2026.02.03	01:38:16.286		0.77920			4
2026.02.03	01:38:20.435		0.77919			4
2026.02.03	01:38:26.850		0.77920			4
2026.02.03	01:38:31.465	0.77911	0.77919			6
2026.02.03	01:38:33.296	0.77910	0.77920			6
2026.02.03	01:38:38.634	0.77912	0.77921			6
2026.02.03	01:38:39.702	0.77910	0.77920			6
2026.02.03	01:38:41.953	0.77912	0.77919			6
2026.02.03	01:38:43.276	0.77910				2
2026.02.03	01:38:44.029	0.77912				2
2026.02.03	01:38:44.417	0.77910				2
2026.02.03	01:38:45.793	0.77912				2
2026.02.03	01:38:46.180	0.77913				2
2026.02.03	01:38:49.945		0.77920			4
2026.02.03	01:38:50.446	0.77914				2
2026.02.03	01:39:00.348	0.77914	0.77921			6
2026.02.03	01:39:24.591		0.77920			4
2026.02.03	01:39:37.132	0.77911	0.77919			6
2026.02.03	01:39:38.539		0.77918			4
2026.02.03	01:39:42.214	0.77907	0.77916			6
2026.02.03	01:39:42.811	0.77908				2
2026.02.03	01:39:43.240	0.77909	0.77915			6
2026.02.03	01:39:49.739		0.77916			4
2026.02.03	01:39:50.093	0.77910				2
2026.02.03	01:39:53.392	0.77909				2
2026.02.03	01:39:54.187		0.77915			4
2026.02.03	01:39:55.643		0.77917			4
2026.02.03	01:39:56.690	0.77906	0.77913			6
2026.02.03	01:40:00.392	0.77906				2
2026.02.03	01:40:00.779	0.77907				2
2026.02.03	01:40:03.891	0.77906				2
2026.02.03	01:40:09.494		0.77914			4
2026.02.03	01:40:18.166	0.77907				2
2026.02.03	01:40:19.791		0.77915			4
2026.02.03	01:40:22.071		0.77914			4
2026.02.03	01:40:37.431	0.77909	0.77917			6
2026.02.03	01:40:44.583		0.77916			4
2026.02.03	01:40:57.492	0.77913	0.77921			6
2026.02.03	01:40:59.094		0.77920			4
2026.02.03	01:41:00.621	0.77913				2
2026.02.03	01:41:02.775	0.77911	0.77919			6
2026.02.03	01:41:05.596	0.77913				2
2026.02.03	01:41:10.147		0.77920			4
2026.02.03	01:41:11.036	0.77911	0.77919			6
2026.02.03	01:41:14.993	0.77910	0.77920			6
2026.02.03	01:41:25.514	0.77911				2
2026.02.03	01:41:26.319	0.77910				2
2026.02.03	01:41:28.523	0.77911				2
2026.02.03	01:41:38.390	0.77912				2
2026.02.03	01:41:45.665	0.77910				2
2026.02.03	01:41:46.523	0.77912				2
2026.02.03	01:41:46.909	0.77910				2
2026.02.03	01:41:52.516	0.77912				2
2026.02.03	01:41:53.215	0.77910				2
2026.02.03	01:41:55.158		0.77919			4
2026.02.03	01:41:59.571	0.77912				2
2026.02.03	01:42:00.595	0.77914				2
2026.02.03	01:42:01.692		0.77920			4
2026.02.03	01:42:06.640	0.77913	0.77921			6
2026.02.03	01:42:07.321	0.77914				2
2026.02.03	01:42:26.536		0.77922			4
2026.02.03	01:42:27.808		0.77923			4
2026.02.03	01:42:28.558	0.77916	0.77924			6
2026.02.03	01:42:30.592	0.77917				2
2026.02.03	01:42:33.293	0.77916				2
2026.02.03	01:42:34.512	0.77915				2
2026.02.03	01:42:44.705	0.77919	0.77926			6
2026.02.03	01:42:45.361	0.77917	0.77925			6
2026.02.03	01:42:47.992	0.77918				2
2026.02.03	01:42:52.919	0.77920	0.77927			6
2026.02.03	01:43:00.177	0.77920				2
2026.02.03	01:43:00.582	0.77919	0.77926			6
2026.02.03	01:43:16.274		0.77927			4
2026.02.03	01:43:20.091		0.77926			4
2026.02.03	01:43:25.491	0.77918				2
2026.02.03	01:43:26.638		0.77925			4
2026.02.03	01:43:44.091		0.77926			4
2026.02.03	01:43:44.399	0.77915	0.77923			6
2026.02.03	01:43:45.414		0.77922			4
2026.02.03	01:43:50.319		0.77921			4
2026.02.03	01:43:50.710	0.77912				2
2026.02.03	01:43:51.745		0.77919			4
2026.02.03	01:43:54.093	0.77914				2
