<DATE>	<TIME>	<BID>	<ASK>	<LAST>	<VOLUME>	<FLAGS>
2026.04.01	00:03:30.923	0.79852	0.80010			6
2026.04.01	00:03:33.210	0.79868	0.80017			6
2026.04.01	00:03:48.637	0.79850	0.79955			6
2026.04.01	00:03:48.936	0.79869	0.80019			6
2026.04.01	00:04:06.596	0.79869				2
2026.04.01	00:04:06.897	0.79876				2
2026.04.01	00:04:38.280	0.79889	0.80014			6
2026.04.01	00:04:52.884	0.79916	0.80023			6
2026.04.01	00:05:00.258	0.79916				2
2026.04.01	00:05:33.214		0.80004			4
2026.04.01	00:06:13.980	0.79916	0.79994			6
2026.04.01	00:06:37.472	0.79866	0.79998			6
2026.04.01	00:06:47.618	0.79869	0.79989			6
2026.04.01	00:07:01.277	0.79869				2
2026.04.01	00:08:01.985	0.79869	0.79989			6
2026.04.01	00:09:00.073	0.79869				2
2026.04.01	00:09:02.140		0.79989			4
2026.04.01	00:10:00.071	0.79869				2
2026.04.01	00:10:02.175		0.79989			4
2026.04.01	00:11:01.269	0.79869				2
2026.04.01	00:11:03.669		0.79989			4
2026.04.01	00:11:22.624		0.79988			4
2026.04.01	00:12:00.069	0.79869				2
2026.04.01	00:12:00.370	0.79856	0.80176			6
2026.04.01	00:12:09.413	0.79869	0.79988			6
2026.04.01	00:12:38.002	0.80009	0.80117			6
2026.04.01	00:12:39.198	0.80008	0.80116			6
2026.04.01	00:12:41.003	0.80009	0.80117			6
2026.04.01	00:12:41.607	0.80000				2
2026.04.01	00:12:41.909	0.80009				2
2026.04.01	00:12:43.714	0.80008	0.80116			6
2026.04.01	00:12:44.316	0.80005	0.80113			6
2026.04.01	00:12:45.217	0.80006	0.80114			6
2026.04.01	00:12:47.377	0.80045	0.80153			6
2026.04.01	00:15:09.005	0.79896	0.79996			6
2026.04.01	00:15:10.859	0.79906	0.79998			6
2026.04.01	00:15:46.270		0.79989			4
2026.04.01	00:16:04.026	0.79906				2
2026.04.01	00:16:52.313		0.79989			4
2026.04.01	00:17:03.143	0.79906				2
2026.04.01	00:17:41.866	0.79916				2
2026.04.01	00:17:53.283		0.79989			4
2026.04.01	00:18:00.190	0.79926	0.79999			6
2026.04.01	00:18:50.294	0.79869	0.79983			6
2026.04.01	00:19:00.197	0.79869				2
2026.04.01	00:19:45.169		0.79986			4
2026.04.01	00:20:00.104	0.79869				2
2026.04.01	00:20:47.469		0.79986			4
2026.04.01	00:21:00.158	0.79869				2
2026.04.01	00:21:34.996		0.79981			4
2026.04.01	00:22:00.969	0.79869				2
2026.04.01	00:22:29.997	0.79862	0.79980			6
2026.04.01	00:22:50.648	0.79856	0.79967			6
2026.04.01	00:22:50.948		0.79964			4
2026.04.01	00:22:55.299		0.79967			4
2026.04.01	00:22:58.891		0.79951			4
2026.04.01	00:22:59.194		0.79954			4
2026.04.01	00:23:00.021	0.79856	0.79951			6
2026.04.01	00:23:01.677		0.79954			4
2026.04.01	00:23:09.650		0.79956			4
2026.04.01	00:23:14.568		0.79954			4
2026.04.01	00:23:14.868		0.79942			4
2026.04.01	00:23:15.169		0.79941			4
2026.04.01	00:23:36.042	0.79851	0.79933			6
2026.04.01	00:23:36.341		0.79928			4
2026.04.01	00:23:39.697		0.79930			4
2026.04.01	00:23:40.314		0.79929			4
2026.04.01	00:23:46.451		0.79917			4
2026.04.01	00:23:46.752		0.79916			4
2026.04.01	00:23:53.582		0.79922			4
2026.04.01	00:24:01.087	0.79851				2
2026.04.01	00:24:07.873		0.79924			4
2026.04.01	00:24:13.762		0.79916			4
2026.04.01	00:24:14.062		0.79924			4
2026.04.01	00:24:21.969	0.79869	0.79986			6
2026.04.01	00:25:02.387	0.79869				2
2026.04.01	00:25:16.908	0.79867	0.79980			6
2026.04.01	00:25:54.782	0.79856	0.79964			6
2026.04.01	00:26:02.170	0.79856				2
2026.04.01	00:26:39.069	0.79865				2
2026.04.01	00:26:43.905	0.79851	0.79946			6
2026.04.01	00:26:54.655	0.79850				2
2026.04.01	00:26:54.955	0.79856				2
2026.04.01	00:27:00.791	0.79856				2
2026.04.01	00:27:06.419	0.79866	0.79954			6
2026.04.01	00:27:07.483	0.79869	0.79976			6
2026.04.01	00:28:01.984	0.79869				2
2026.04.01	00:28:07.485		0.79976			4
2026.04.01	00:28:45.819	0.79870				2
2026.04.01	00:28:57.185		0.79974			4
2026.04.01	00:29:01.792	0.79871				2
2026.04.01	00:29:34.549	0.79872				2
2026.04.01	00:29:44.169	0.79873				2
2026.04.01	00:29:58.569		0.79974			4
2026.04.01	00:30:00.069	0.79873				2
2026.04.01	00:30:00.370	0.79872				2
2026.04.01	00:30:10.691	0.79873				2
2026.04.01	00:30:13.905	0.79875				2
2026.04.01	00:30:15.970	0.79876				2
2026.04.01	00:30:21.970	0.79875				2
2026.04.01	00:30:32.097	0.79876				2
2026.04.01	00:30:34.101	0.79877				2
2026.04.01	00:30:34.569	0.79876				2
2026.04.01	00:30:39.070	0.79877				2
2026.04.01	00:30:44.106	0.79876				2
2026.04.01	00:30:45.969	0.79877				2
2026.04.01	00:30:47.188		0.79979			4
2026.04.01	00:30:54.704	0.79876				2
2026.04.01	00:31:03.069	0.79876				2
2026.04.01	00:31:09.671	0.79875				2
2026.04.01	00:31:12.669	0.79876				2
2026.04.01	00:31:21.370	0.79877				2
2026.04.01	00:31:38.169	0.79878				2
2026.04.01	00:31:42.189		0.79977			4
2026.04.01	00:31:54.520	0.79877				2
2026.04.01	00:31:59.892	0.79876				2
2026.04.01	00:32:00.193	0.79876				2
2026.04.01	00:32:00.969	0.79877				2
2026.04.01	00:32:01.774	0.79878				2
2026.04.01	00:32:03.657	0.79879				2
2026.04.01	00:32:04.460	0.79881				2
2026.04.01	00:32:23.470	0.79880				2
2026.04.01	00:32:37.190		0.79981			4
2026.04.01	00:32:39.770	0.79878				2
2026.04.01	00:32:40.372	0.79882				2
2026.04.01	00:32:41.769	0.79883				2
2026.04.01	00:32:49.460	0.79884				2
2026.04.01	00:32:51.076	0.79880				2
2026.04.01	00:32:51.682	0.79882				2
2026.04.01	00:32:54.046	0.79883				2
2026.04.01	00:32:54.947	0.79882				2
2026.04.01	00:33:00.026	0.79882				2
2026.04.01	00:33:04.742	0.79883				2
2026.04.01	00:33:23.470	0.79882				2
2026.04.01	00:33:25.870	0.79881				2
2026.04.01	00:33:32.192		0.79977			4
2026.04.01	00:33:50.019	0.79878				2
2026.04.01	00:33:53.595	0.79877				2
2026.04.01	00:33:53.896	0.79878				2
2026.04.01	00:33:58.569	0.79879				2
2026.04.01	00:34:00.969	0.79879				2
2026.04.01	00:34:04.871	0.79878				2
2026.04.01	00:34:27.192		0.79976			4
2026.04.01	00:34:34.076	0.79877				2
2026.04.01	00:34:34.381	0.79875				2
2026.04.01	00:34:34.743	0.79876				2
2026.04.01	00:34:44.170	0.79875				2
2026.04.01	00:34:44.768	0.79876				2
2026.04.01	00:34:46.082	0.79877				2
2026.04.01	00:34:46.382	0.79879				2
2026.04.01	00:34:51.970		0.79975			4
2026.04.01	00:34:55.489	0.79881				2
2026.04.01	00:35:02.769	0.79881				2
2026.04.01	00:35:10.570	0.79882				2
2026.04.01	00:35:18.370	0.79883				2
2026.04.01	00:35:31.569	0.79884				2
2026.04.01	00:35:35.769	0.79883				2
2026.04.01	00:35:37.966	0.79884				2
2026.04.01	00:35:45.582	0.79882				2
2026.04.01	00:35:52.807		0.79975			4
2026.04.01	00:35:54.921	0.79881				2
2026.04.01	00:36:00.028	0.79881				2
2026.04.01	00:36:03.026	0.79882				2
2026.04.01	00:36:24.370	0.79884				2
2026.04.01	00:36:24.976	0.79883				2
2026.04.01	00:36:25.277	0.79884				2
2026.04.01	00:36:25.631	0.79870	0.79977			6
2026.04.01	00:36:25.932	0.79871	0.79979			6
2026.04.01	00:36:28.340	0.79884	0.79975			6
2026.04.01	00:36:33.070	0.79885				2
2026.04.01	00:36:34.077	0.79883				2
2026.04.01	00:36:34.378	0.79886				2
2026.04.01	00:36:34.682	0.79888				2
2026.04.01	00:36:38.169	0.79889				2
2026.04.01	00:36:53.365	0.79890				2
2026.04.01	00:36:54.670	0.79889				2
2026.04.01	00:36:56.471	0.79890				2
2026.04.01	00:37:00.214	0.79883				2
2026.04.01	00:37:03.070	0.79884				2
2026.04.01	00:37:12.195		0.79973			4
2026.04.01	00:37:16.570	0.79885				2
2026.04.01	00:37:22.009	0.79882				2
2026.04.01	00:37:22.313	0.79885				2
2026.04.01	00:37:28.025	0.79883				2
2026.04.01	00:37:32.870	0.79884				2
2026.04.01	00:37:33.170	0.79881				2
2026.04.01	00:37:33.471	0.79880				2
2026.04.01	00:37:37.879	0.79878				2
2026.04.01	00:37:38.182	0.79876				2
2026.04.01	00:37:38.482	0.79875				2
2026.04.01	00:38:01.087	0.79875				2
2026.04.01	00:38:07.196		0.79968			4
2026.04.01	00:38:17.170	0.79882				2
2026.04.01	00:38:19.307		0.79966			4
2026.04.01	00:38:19.612	0.79881				2
2026.04.01	00:38:23.388	0.79882				2
2026.04.01	00:38:23.690	0.79883	0.79968			6
2026.04.01	00:38:34.337	0.79885				2
2026.04.01	00:38:34.638	0.79893				2
2026.04.01	00:38:47.169	0.79892				2
2026.04.01	00:38:49.503	0.79891				2
2026.04.01	00:38:49.804	0.79886				2
2026.04.01	00:38:55.861	0.79893				2
2026.04.01	00:38:56.469	0.79894				2
2026.04.01	00:38:57.071	0.79891	0.79959			6
2026.04.01	00:38:59.223	0.79890				2
2026.04.01	00:38:59.525	0.79889				2
2026.04.01	00:38:59.879		0.79971			4
2026.04.01	00:39:00.180	0.79897				2
2026.04.01	00:39:00.482	0.79903	0.79975			6
2026.04.01	00:39:09.140	0.79892	0.79963			6
2026.04.01	00:39:12.070	0.79887	0.79954			6
2026.04.01	00:39:13.476	0.79886				2
2026.04.01	00:39:17.217	0.79887				2
2026.04.01	00:39:19.146	0.79882				2
2026.04.01	00:39:22.389	0.79879				2
2026.04.01	00:39:23.171	0.79880				2
2026.04.01	00:39:30.251	0.79881				2
2026.04.01	00:39:30.552	0.79882				2
2026.04.01	00:39:30.851	0.79883				2
2026.04.01	00:39:37.569	0.79882				2
2026.04.01	00:39:40.870	0.79883				2
2026.04.01	00:39:42.546		0.79950			4
2026.04.01	00:39:53.113	0.79882				2
2026.04.01	00:39:56.308	0.79877				2
2026.04.01	00:40:00.722	0.79877				2
2026.04.01	00:40:37.871	0.79876				2
2026.04.01	00:40:51.070		0.79950			4
2026.04.01	00:41:00.375	0.79876				2
2026.04.01	00:41:28.213	0.79877				2
2026.04.01	00:41:33.753	0.79876				2
2026.04.01	00:41:53.768		0.79950			4
2026.04.01	00:42:00.670	0.79876				2
2026.04.01	00:42:29.446	0.79879				2
2026.04.01	00:42:30.046	0.79880				2
2026.04.01	00:42:55.569		0.79950			4
2026.04.01	00:43:00.109	0.79880				2
2026.04.01	00:43:14.577	0.79874	0.79946			6
2026.04.01	00:43:49.271		0.79947			4
2026.04.01	00:44:00.807	0.79876				2
2026.04.01	00:44:02.617	0.79875	0.79937			6
2026.04.01	00:44:02.917	0.79873				2
2026.04.01	00:44:10.210		0.79934			4
2026.04.01	00:44:11.769		0.79933			4
2026.04.01	00:44:14.596		0.79934			4
2026.04.01	00:44:16.216		0.79937			4
2026.04.01	00:44:16.517		0.79927			4
2026.04.01	00:44:27.280		0.79931			4
2026.04.01	00:44:27.583	0.79872	0.79919			6
2026.04.01	00:44:31.391	0.79875	0.79936			6
2026.04.01	00:44:36.070		0.79944			4
2026.04.01	00:44:37.275	0.79876				2
2026.04.01	00:44:37.575	0.79879				2
2026.04.01	00:44:37.877	0.79878				2
2026.04.01	00:44:45.974	0.79897				2
2026.04.01	00:44:46.274	0.79878				2
2026.04.01	00:44:46.573	0.79887				2
2026.04.01	00:44:46.873	0.79880				2
2026.04.01	00:44:47.175	0.79887				2
2026.04.01	00:44:47.478	0.79880				2
2026.04.01	00:44:47.778	0.79887				2
2026.04.01	00:44:48.078	0.79880				2
2026.04.01	00:44:48.380	0.79887				2
2026.04.01	00:44:48.680	0.79880				2
2026.04.01	00:44:48.983	0.79887				2
2026.04.01	00:44:49.284	0.79880				2
2026.04.01	00:45:00.091	0.79880	0.79991			6
2026.04.01	00:45:00.393	0.79900				2
2026.04.01	00:45:01.430	0.79898				2
2026.04.01	00:45:02.198	0.79887	0.80011			6
2026.04.01	00:45:02.499	0.79888	0.80014			6
2026.04.01	00:45:04.903	0.79898	0.79991			6
2026.04.01	00:45:08.728	0.79897				2
2026.04.01	00:45:09.331	0.79896				2
2026.04.01	00:45:09.933	0.79897				2
2026.04.01	00:45:11.469	0.79896				2
2026.04.01	00:45:20.712	0.79895				2
2026.04.01	00:45:47.644		0.79990			4
2026.04.01	00:45:47.946		0.79991			4
2026.04.01	00:45:49.397		0.79990			4
2026.04.01	00:45:49.697		0.79991			4
2026.04.01	00:45:50.605		0.79990			4
2026.04.01	00:45:53.199		0.79991			4
2026.04.01	00:45:59.301		0.79990			4
2026.04.01	00:46:00.370	0.79895				2
2026.04.01	00:46:01.963		0.79987			4
2026.04.01	00:46:02.370		0.79989			4
2026.04.01	00:46:03.007		0.79991			4
2026.04.01	00:46:03.769	0.79896	0.80042			6
2026.04.01	00:46:06.482	0.79895				2
2026.04.01	00:46:07.382	0.79893				2
2026.04.01	00:46:21.613	0.79894				2
2026.04.01	00:46:21.913	0.79895				2
2026.04.01	00:46:27.325	0.79894				2
2026.04.01	00:46:27.629	0.79900				2
2026.04.01	00:46:27.929	0.79901				2
2026.04.01	00:46:30.373	0.79900				2
2026.04.01	00:46:33.225	0.79899				2
2026.04.01	00:46:42.436	0.79898				2
2026.04.01	00:46:51.654	0.79899				2
2026.04.01	00:46:55.571	0.79898				2
2026.04.01	00:47:00.055	0.79898				2
2026.04.01	00:47:01.747	0.79900				2
2026.04.01	00:47:02.176	0.79882	0.80077			6
2026.04.01	00:47:02.476	0.79880				2
2026.04.01	00:47:04.891	0.79898	0.80042			6
2026.04.01	00:47:23.350	0.79897				2
2026.04.01	00:47:24.671	0.79898				2
2026.04.01	00:47:24.971	0.79897				2
2026.04.01	00:47:28.869	0.79896				2
2026.04.01	00:47:33.789	0.79897				2
2026.04.01	00:47:34.089	0.79896				2
2026.04.01	00:47:35.169	0.79895				2
2026.04.01	00:47:45.408	0.79896				2
2026.04.01	00:47:58.666	0.79897				2
2026.04.01	00:47:58.966	0.79896				2
2026.04.01	00:48:01.087	0.79896				2
2026.04.01	00:48:05.378		0.80042			4
2026.04.01	00:48:15.669	0.79895				2
2026.04.01	00:48:16.271	0.79894				2
2026.04.01	00:48:24.870	0.79895				2
2026.04.01	00:48:25.171	0.79896				2
2026.04.01	00:48:25.470	0.79899				2
2026.04.01	00:48:29.169	0.79898				2
2026.04.01	00:48:41.470	0.79897				2
2026.04.01	00:48:41.772	0.79896				2
2026.04.01	00:48:52.569	0.79895				2
2026.04.01	00:49:01.985	0.79895				2
2026.04.01	00:49:09.023		0.80042			4
2026.04.01	00:49:11.298	0.79896				2
2026.04.01	00:49:16.486	0.79897				2
2026.04.01	00:49:17.788	0.79898				2
2026.04.01	00:49:18.969	0.79899				2
2026.04.01	00:49:29.411	0.79898				2
2026.04.01	00:49:38.470	0.79899				2
2026.04.01	00:49:41.728	0.79898				2
2026.04.01	00:49:45.798	0.79899				2
2026.04.01	00:49:52.082	0.79897				2
2026.04.01	00:49:55.269	0.79898				2
2026.04.01	00:50:00.187	0.79898				2
2026.04.01	00:50:02.467	0.79899				2
2026.04.01	00:50:04.377	0.79902				2
2026.04.01	00:50:04.869	0.79903				2
2026.04.01	00:50:05.753	0.79902				2
2026.04.01	00:50:09.029		0.80042			4
2026.04.01	00:50:09.721	0.79899				2
2026.04.01	00:50:15.377	0.79898				2
2026.04.01	00:50:15.677	0.79897				2
2026.04.01	00:50:28.235	0.79898				2
2026.04.01	00:50:37.205	0.79899				2
2026.04.01	00:50:40.869	0.79900				2
2026.04.01	00:50:45.669	0.79899				2
2026.04.01	00:50:54.144	0.79900				2
2026.04.01	00:50:55.402	0.79899				2
2026.04.01	00:51:01.569	0.79899				2
2026.04.01	00:51:09.039		0.80042			4
2026.04.01	00:51:30.117	0.79900				2
2026.04.01	00:51:31.822	0.79901				2
2026.04.01	00:51:37.176	0.79900				2
2026.04.01	00:51:37.476	0.79899				2
2026.04.01	00:51:47.260	0.79898				2
2026.04.01	00:51:50.950	0.79900				2
2026.04.01	00:51:51.252	0.79898				2
2026.04.01	00:51:51.975		0.80037			4
2026.04.01	00:51:52.276	0.79903				2
2026.04.01	00:51:52.578	0.79904				2
2026.04.01	00:51:53.834	0.79906				2
2026.04.01	00:51:54.669	0.79907				2
2026.04.01	00:51:54.970	0.79905				2
2026.04.01	00:51:55.507	0.79904				2
2026.04.01	00:51:55.869	0.79903				2
2026.04.01	00:51:57.162	0.79902				2
2026.04.01	00:51:57.462	0.79904				2
2026.04.01	00:51:57.762	0.79905				2
2026.04.01	00:51:59.921	0.79906				2
2026.04.01	00:52:00.222	0.79904				2
2026.04.01	00:52:00.970	0.79905				2
2026.04.01	00:52:01.872	0.79907				2
2026.04.01	00:52:02.286	0.79905				2
2026.04.01	00:52:03.670	0.79906				2
2026.04.01	00:52:05.684	0.79905				2
2026.04.01	00:52:05.984	0.79904				2
2026.04.01	00:52:06.284	0.79903				2
2026.04.01	00:52:06.745	0.79902				2
2026.04.01	00:52:08.297	0.79901				2
2026.04.01	00:52:08.643	0.79902				2
2026.04.01	00:52:08.944	0.79901				2
2026.04.01	00:52:15.970	0.79899				2
2026.04.01	00:52:21.213	0.79901				2
2026.04.01	00:52:22.269	0.79902				2
2026.04.01	00:52:30.970	0.79903				2
2026.04.01	00:52:46.977		0.80031			4
2026.04.01	00:52:54.369	0.79904				2
2026.04.01	00:52:57.423	0.79905				2
2026.04.01	00:53:00.969	0.79905				2
2026.04.01	00:53:02.062	0.79906				2
2026.04.01	00:53:05.683	0.79904				2
2026.04.01	00:53:09.168	0.79903				2
2026.04.01	00:53:22.869	0.79902				2
2026.04.01	00:53:24.070	0.79903				2
2026.04.01	00:53:42.970	0.79904				2
2026.04.01	00:53:47.169		0.80031			4
2026.04.01	00:53:49.569	0.79905				2
2026.04.01	00:53:57.189	0.79904				2
2026.04.01	00:53:57.490	0.79903				2
2026.04.01	00:54:01.763	0.79903				2
2026.04.01	00:54:06.443	0.79904				2
2026.04.01	00:54:06.744	0.79905				2
2026.04.01	00:54:08.898	0.79906				2
2026.04.01	00:54:12.669	0.79907				2
2026.04.01	00:54:17.769	0.79906				2
2026.04.01	00:54:27.452	0.79905				2
2026.04.01	00:54:28.007	0.79904				2
2026.04.01	00:54:28.309	0.79905				2
2026.04.01	00:54:28.613	0.79903				2
2026.04.01	00:54:30.118	0.79902				2
2026.04.01	00:54:31.130	0.79897				2
2026.04.01	00:54:34.219	0.79896				2
2026.04.01	00:54:36.978		0.80030			4
2026.04.01	00:54:41.039	0.79897				2
2026.04.01	00:54:49.034	0.79896				2
2026.04.01	00:54:55.383		0.80040			4
2026.04.01	00:54:56.020	0.79895				2
2026.04.01	00:55:01.044	0.79895				2
2026.04.01	00:55:02.678	0.79901	0.80043			6
2026.04.01	00:55:02.978		0.80062			4
2026.04.01	00:55:04.193	0.79902				2
2026.04.01	00:55:04.793	0.79901				2
2026.04.01	00:55:09.383	0.79888	0.80130			6
2026.04.01	00:55:09.681	0.79900	0.80062			6
2026.04.01	00:55:16.078	0.79901				2
2026.04.01	00:55:21.198	0.79903				2
2026.04.01	00:55:26.013	0.79902				2
2026.04.01	00:55:27.215	0.79900				2
2026.04.01	00:55:28.418	0.79914				2
2026.04.01	00:55:30.525		0.80029			4
2026.04.01	00:55:33.538		0.80031			4
2026.04.01	00:55:35.038		0.80029			4
2026.04.01	00:55:37.145	0.79913	0.80030			6
2026.04.01	00:55:42.558	0.79912	0.80031			6
2026.04.01	00:55:50.066	0.79911	0.80032			6
2026.04.01	00:55:53.078	0.79912	0.80031			6
2026.04.01	00:55:56.985	0.79911	0.80032			6
2026.04.01	00:55:59.696	0.79912	0.80031			6
2026.04.01	00:55:59.993	0.79911	0.80032			6
2026.04.01	00:56:00.294	0.79911				2
2026.04.01	00:56:02.996	0.79910	0.80033			6
2026.04.01	00:56:04.206	0.79909	0.80034			6
2026.04.01	00:56:05.713		0.80026			4
2026.04.01	00:56:06.312	0.79908	0.80028			6
2026.04.01	00:56:06.914	0.79907				2
2026.04.01	00:56:09.922	0.79906	0.80027			6
2026.04.01	00:56:12.025	0.79903	0.80030			6
2026.04.01	00:56:12.326	0.79906	0.80027			6
2026.04.01	00:56:12.627	0.79905	0.80028			6
2026.04.01	00:56:14.132	0.79904	0.80029			6
2026.04.01	00:56:14.431	0.79903	0.80030			6
2026.04.01	00:56:16.839	0.79902	0.80031			6
2026.04.01	00:56:17.434	0.79900	0.80033			6
2026.04.01	00:56:17.738	0.79898				2
2026.04.01	00:56:18.036		0.80031			4
2026.04.01	00:56:18.637	0.79896	0.80033			6
2026.04.01	00:56:18.936	0.79897	0.80032			6
2026.04.01	00:56:19.839	0.79896	0.80034			6
2026.04.01	00:56:20.138	0.79895				2
2026.04.01	00:56:20.439	0.79897	0.80033			6
2026.04.01	00:56:21.039	0.79895	0.80044			6
2026.04.01	00:56:21.338		0.80035			4
2026.04.01	00:56:22.540	0.79894	0.80036			6
2026.04.01	00:56:23.147		0.80035			4
2026.04.01	00:56:23.742		0.80036			4
2026.04.01	00:56:24.340	0.79892	0.80038			6
2026.04.01	00:56:24.639	0.79894	0.80036			6
2026.04.01	00:56:24.943		0.80032			4
2026.04.01	00:56:25.542	0.79893	0.80034			6
2026.04.01	00:56:25.846	0.79890	0.80036			6
2026.04.01	00:56:26.444		0.80037			4
2026.04.01	00:56:27.345	0.79889				2
2026.04.01	00:56:27.949	0.79890				2
2026.04.01	00:56:28.849		0.80036			4
2026.04.01	00:56:29.150	0.79889	0.80039			6
2026.04.01	00:56:29.453		0.80038			4
2026.04.01	00:56:29.759		0.80037			4
2026.04.01	00:56:30.056	0.79888	0.80039			6
2026.04.01	00:56:30.655	0.79887				2
2026.04.01	00:56:30.955	0.79886	0.80041			6
2026.04.01	00:56:31.561	0.79887	0.80039			6
2026.04.01	00:56:31.861	0.79885	0.80041			6
2026.04.01	00:56:32.459	0.79886				2
2026.04.01	00:56:33.365	0.79883	0.80044			6
2026.04.01	00:56:33.661	0.79885	0.80041			6
2026.04.01	00:56:33.963		0.80042			4
2026.04.01	00:56:35.765	0.79883	0.80044			6
2026.04.01	00:56:36.063	0.79885	0.80042			6
2026.04.01	00:56:36.665	0.79884	0.80043			6
2026.04.01	00:56:39.967	0.79883				2
2026.04.01	00:56:40.567	0.79882	0.80044			6
2026.04.01	00:56:41.167	0.79883	0.80043			6
2026.04.01	00:56:41.768	0.79882	0.80044			6
2026.04.01	00:56:43.877		0.80045			4
2026.04.01	00:56:45.683	0.79881	0.80046			6
2026.04.01	00:56:46.284		0.80047			4
2026.04.01	00:56:48.388		0.80046			4
2026.04.01	00:56:48.988	0.79880	0.80048			6
2026.04.01	00:56:52.599	0.79879				2
2026.04.01	00:56:53.501	0.79881	0.80053			6
2026.04.01	00:56:53.804	0.79879				2
2026.04.01	00:56:54.102	0.79881				2
2026.04.01	00:56:54.403	0.79879				2
2026.04.01	00:56:54.704	0.79878				2
2026.04.01	00:56:55.003	0.79881				2
2026.04.01	00:56:55.305	0.79879				2
2026.04.01	00:56:55.903	0.79878				2
2026.04.01	00:56:56.205	0.79879				2
2026.04.01	00:56:56.508		0.80046			4
2026.04.01	00:56:58.619	0.79878	0.80047			6
2026.04.01	00:56:59.821	0.79876	0.80049			6
2026.04.01	00:57:00.121	0.79876				2
2026.04.01	00:57:01.023	0.79878	0.80047			6
2026.04.01	00:57:01.925	0.79877	0.80048			6
2026.04.01	00:57:13.054	0.79876	0.80049			6
2026.04.01	00:57:17.265		0.80048			4
2026.04.01	00:57:18.170	0.79875	0.80049			6
2026.04.01	00:57:25.398	0.79874	0.80050			6
2026.04.01	00:57:28.717		0.80051			4
2026.04.01	00:57:31.725	0.79873				2
2026.04.01	00:57:37.139		0.80052			4
2026.04.01	00:57:39.845	0.79872				2
2026.04.01	00:57:40.447		0.80053			4
2026.04.01	00:57:42.856	0.79871				2
2026.04.01	00:57:46.763	0.79869				2
2026.04.01	00:57:47.065	0.79870				2
2026.04.01	00:57:47.964		0.80049			4
2026.04.01	00:57:54.582	0.79869				2
2026.04.01	00:57:55.786	0.79870				2
2026.04.01	00:58:00.292	0.79870				2
2026.04.01	00:58:00.592	0.79869				2
2026.04.01	00:58:05.706	0.79868				2
2026.04.01	00:58:12.631	0.79867				2
2026.04.01	00:58:15.341	0.79868				2
2026.04.01	00:58:16.545	0.79867				2
2026.04.01	00:58:18.043	0.79866				2
2026.04.01	00:58:22.560	0.79867				2
2026.04.01	00:58:30.973	0.79866				2
2026.04.01	00:58:37.585		0.80038			4
2026.04.01	00:58:42.100	0.79865	0.80049			6
2026.04.01	00:58:44.816	0.79856				2
2026.04.01	00:58:45.116	0.79853				2
2026.04.01	00:58:46.017	0.79852				2
2026.04.01	00:58:53.839	0.79853				2
2026.04.01	00:59:00.151	0.79853				2
2026.04.01	00:59:01.356	0.79852				2
2026.04.01	00:59:01.656	0.79853				2
2026.04.01	00:59:02.557	0.79851				2
2026.04.01	00:59:02.858		0.80046			4
2026.04.01	00:59:04.064		0.80047			4
2026.04.01	00:59:05.568		0.80046			4
2026.04.01	00:59:07.978		0.80049			4
2026.04.01	00:59:20.922	0.79852				2
2026.04.01	00:59:23.933	0.79851				2
2026.04.01	00:59:24.534	0.79850				2
2026.04.01	00:59:31.450	0.79822				2
2026.04.01	00:59:35.367	0.79823				2
2026.04.01	00:59:38.081		0.80042			4
2026.04.01	00:59:42.893	0.79824				2
2026.04.01	00:59:51.321	0.79825				2
2026.04.01	00:59:54.035	0.79826				2
2026.04.01	00:59:54.640	0.79825				2
2026.04.01	00:59:56.739	0.79826				2
2026.04.01	00:59:59.140	0.79821				2
2026.04.01	01:00:00.046	0.79823				2
2026.04.01	01:00:00.344	0.79825				2
2026.04.01	01:00:00.642	0.79822				2
2026.04.01	01:00:01.248	0.79823				2
2026.04.01	01:00:01.547	0.79825				2
2026.04.01	01:00:01.848	0.79826				2
2026.04.01	01:00:02.148	0.79823	0.80140			6
2026.04.01	01:00:02.441	0.79856	0.80003			6
2026.04.01	01:00:02.747		0.80000			4
2026.04.01	01:00:03.048		0.79997			4
2026.04.01	01:00:03.647		0.79992			4
2026.04.01	01:00:03.946	0.79870	0.79989			6
2026.04.01	01:00:04.251	0.79871	0.79988			6
2026.04.01	01:00:04.550		0.79981			4
2026.04.01	01:00:04.851	0.79784	0.80189			6
2026.04.01	01:00:05.152	0.79887	0.80042			6
2026.04.01	01:00:05.452	0.79874				2
2026.04.01	01:00:05.749	0.79869				2
2026.04.01	01:00:06.049	0.79880				2
2026.04.01	01:00:06.353	0.79872	0.80061			6
2026.04.01	01:00:06.652	0.79883				2
2026.04.01	01:00:07.250	0.79887				2
2026.04.01	01:00:07.549	0.79840				2
2026.04.01	01:00:07.851	0.79836				2
2026.04.01	01:00:10.254	0.79879	0.80033			6
2026.04.01	01:00:10.555	0.79876	0.80034			6
2026.04.01	01:00:10.857	0.79875	0.80033			6
2026.04.01	01:00:11.157	0.79876	0.80034			6
2026.04.01	01:00:11.455	0.79875				2
2026.04.01	01:00:11.756	0.79876	0.80024			6
2026.04.01	01:00:12.056	0.79875	0.80056			6
2026.04.01	01:00:12.357		0.80031			4
2026.04.01	01:00:12.955	0.79872	0.80029			6
2026.04.01	01:00:13.257	0.79866				2
2026.04.01	01:00:13.558	0.79875	0.80027			6
2026.04.01	01:00:14.156		0.80028			4
2026.04.01	01:00:14.457	0.79876	0.80031			6
2026.04.01	01:00:14.756	0.79875	0.80053			6
2026.04.01	01:00:15.057		0.80051			4
2026.04.01	01:00:15.358		0.80041			4
2026.04.01	01:00:15.658	0.79863				2
2026.04.01	01:00:16.261	0.79873				2
2026.04.01	01:00:16.561	0.79870	0.80033			6
2026.04.01	01:00:16.860	0.79876				2
2026.04.01	01:00:17.162		0.80022			4
2026.04.01	01:00:17.460	0.79875				2
2026.04.01	01:00:17.762	0.79866				2
2026.04.01	01:00:18.061	0.79874	0.80023			6
2026.04.01	01:00:18.363	0.79871				2
2026.04.01	01:00:18.662	0.79876	0.80021			6
2026.04.01	01:00:18.962	0.79874				2
2026.04.01	01:00:19.262	0.79876	0.80019			6
2026.04.01	01:00:19.564		0.80017			4
2026.04.01	01:00:19.865		0.80015			4
2026.04.01	01:00:21.068	0.79855	0.79999			6
2026.04.01	01:00:21.365	0.79850	0.80002			6
2026.04.01	01:00:21.664	0.79851	0.79995			6
2026.04.01	01:00:22.266		0.79996			4
2026.04.01	01:00:22.566		0.80000			4
2026.04.01	01:00:23.466		0.79999			4
2026.04.01	01:00:24.067	0.79844	0.80006			6
2026.04.01	01:00:24.666	0.79842				2
2026.04.01	01:00:25.867	0.79844	0.80000			6
2026.04.01	01:00:26.770		0.79995			4
2026.04.01	01:00:27.070		0.80000			4
2026.04.01	01:00:30.371		0.79993			4
2026.04.01	01:00:30.672		0.80000			4
2026.04.01	01:00:31.273	0.79843	0.79993			6
2026.04.01	01:00:32.177		0.79997			4
2026.04.01	01:00:32.475		0.79991			4
2026.04.01	01:00:33.377		0.79985			4
2026.04.01	01:00:33.677		0.79991			4
2026.04.01	01:00:33.977		0.79988			4
2026.04.01	01:00:34.278		0.79985			4
2026.04.01	01:00:34.578		0.79988			4
2026.04.01	01:00:34.877	0.79842	0.79977			6
2026.04.01	01:00:36.380		0.79966			4
2026.04.01	01:00:36.680		0.79978			4
2026.04.01	01:00:36.980		0.79972			4
2026.04.01	01:00:37.280		0.79961			4
2026.04.01	01:00:37.580		0.79972			4
2026.04.01	01:00:37.881		0.79966			4
2026.04.01	01:00:38.484		0.79967			4
2026.04.01	01:00:39.083		0.79962			4
2026.04.01	01:00:39.385	0.79846	0.79956			6
2026.04.01	01:00:39.685	0.79842	0.79967			6
2026.04.01	01:00:39.985	0.79846	0.79956			6
2026.04.01	01:00:40.886	0.79842	0.79962			6
2026.04.01	01:00:41.187	0.79830	0.79967			6
2026.04.01	01:00:41.488	0.79834				2
2026.04.01	01:00:42.389		0.79970			4
2026.04.01	01:00:42.689		0.79972			4
2026.04.01	01:00:45.992		0.79973			4
2026.04.01	01:00:48.094	0.79836				2
2026.04.01	01:00:48.695		0.79972			4
2026.04.01	01:00:50.498	0.79835	0.79973			6
2026.04.01	01:00:52.601		0.79972			4
2026.04.01	01:00:54.107		0.79969			4
2026.04.01	01:00:54.407		0.79973			4
2026.04.01	01:00:54.708		0.79985			4
2026.04.01	01:00:56.208	0.79838	0.79974			6
2026.04.01	01:00:56.508	0.79845				2
2026.04.01	01:00:57.409	0.79842				2
2026.04.01	01:00:58.009	0.79838	0.79963			6
2026.04.01	01:00:59.514	0.79849				2
2026.04.01	01:00:59.813	0.79838	0.79973			6
2026.04.01	01:01:00.114	0.79859	0.79969			6
2026.04.01	01:01:00.415	0.79854	0.79966			6
2026.04.01	01:01:00.714	0.79853	0.79969			6
2026.04.01	01:01:01.315	0.79854	0.79971			6
2026.04.01	01:01:01.614	0.79856	0.79968			6
2026.04.01	01:01:04.017	0.79859	0.79963			6
2026.04.01	01:01:04.318	0.79856	0.79967			6
2026.04.01	01:01:05.818	0.79859				2
2026.04.01	01:01:11.823	0.79863	0.79968			6
2026.04.01	01:01:15.426	0.79860	0.79966			6
2026.04.01	01:01:21.440	0.79864	0.79963			6
2026.04.01	01:01:23.544		0.79959			4
2026.04.01	01:01:24.144	0.79869	0.79962			6
2026.04.01	01:01:24.444	0.79866	0.79965			6
2026.04.01	01:01:26.246	0.79869	0.79962			6
2026.04.01	01:01:26.847	0.79866	0.79965			6
2026.04.01	01:01:33.154	0.79865	0.79966			6
2026.04.01	01:01:34.655	0.79868	0.79962			6
2026.04.01	01:01:37.357		0.79966			4
2026.04.01	01:01:42.764	0.79873	0.79967			6
2026.04.01	01:01:52.973	0.79870	0.79964			6
2026.04.01	01:01:55.075		0.79967			4
2026.04.01	01:01:55.376	0.79868	0.79966			6
2026.04.01	01:01:56.277	0.79869	0.79968			6
2026.04.01	01:01:57.177		0.79969			4
2026.04.01	01:02:00.186	0.79869				2
2026.04.01	01:02:05.292	0.79865				2
2026.04.01	01:02:08.598	0.79871	0.79957			6
2026.04.01	01:02:12.512		0.79953			4
2026.04.01	01:02:18.819		0.79956			4
2026.04.01	01:02:22.425		0.79959			4
2026.04.01	01:02:23.329	0.79875	0.79962			6
2026.04.01	01:02:26.033		0.79959			4
2026.04.01	01:02:30.240		0.79956			4
2026.04.01	01:02:34.745	0.79872	0.79958			6
2026.04.01	01:02:36.547	0.79868	0.79954			6
2026.04.01	01:02:37.148	0.79870	0.79952			6
2026.04.01	01:02:38.049	0.79868	0.79954			6
2026.04.01	01:02:38.349	0.79873	0.79958			6
2026.04.01	01:02:38.950		0.79954			4
2026.04.01	01:02:41.653		0.79951			4
2026.04.01	01:02:42.253		0.79954			4
2026.04.01	01:02:42.554		0.79951			4
2026.04.01	01:02:44.357	0.79864	0.79947			6
2026.04.01	01:02:44.658	0.79860	0.79946			6
2026.04.01	01:02:44.959	0.79870	0.79953			6
2026.04.01	01:02:45.862		0.79951			4
2026.04.01	01:02:46.162	0.79875	0.79944			6
2026.04.01	01:02:48.864	0.79871	0.79943			6
2026.04.01	01:02:49.163	0.79876	0.79947			6
2026.04.01	01:02:49.765		0.79944			4
2026.04.01	01:02:50.667	0.79874	0.79946			6
2026.04.01	01:02:50.968	0.79876	0.79944			6
2026.04.01	01:02:53.074	0.79874	0.79946			6
2026.04.01	01:02:54.283	0.79875	0.79948			6
2026.04.01	01:02:56.990		0.79945			4
2026.04.01	01:03:00.004	0.79875				2
2026.04.01	01:03:01.207	0.79880	0.79949			6
2026.04.01	01:03:02.111	0.79882	0.79939			6
2026.04.01	01:03:02.412	0.79881	0.79945			6
2026.04.01	01:03:02.712	0.79891	0.79952			6
2026.04.01	01:03:03.012		0.79953			4
2026.04.01	01:03:04.216		0.79954			4
2026.04.01	01:03:06.321	0.79890				2
2026.04.01	01:03:06.620		0.79952			4
2026.04.01	01:03:07.221		0.79954			4
2026.04.01	01:03:07.520		0.79952			4
2026.04.01	01:03:08.722		0.79947			4
2026.04.01	01:03:09.322		0.79952			4
2026.04.01	01:03:16.537	0.79888				2
2026.04.01	01:03:17.737	0.79881	0.79947			6
2026.04.01	01:03:19.539		0.79945			4
2026.04.01	01:03:21.640	0.79879	0.79947			6
2026.04.01	01:03:22.842	0.79877	0.79945			6
2026.04.01	01:03:23.143	0.79879	0.79943			6
2026.04.01	01:03:24.343	0.79877	0.79945			6
2026.04.01	01:03:25.246	0.79879	0.79943			6
2026.04.01	01:03:25.843	0.79882	0.79944			6
2026.04.01	01:03:26.445	0.79880	0.79947			6
2026.04.01	01:03:30.654		0.79944			4
2026.04.01	01:03:31.555		0.79947			4
2026.04.01	01:03:32.155	0.79882	0.79944			6
2026.04.01	01:03:32.756	0.79885				2
2026.04.01	01:03:35.760	0.79883	0.79946			6
2026.04.01	01:03:36.663	0.79885	0.79944			6
2026.04.01	01:03:38.763		0.79946			4
2026.04.01	01:03:39.366		0.79944			4
2026.04.01	01:03:44.471		0.79946			4
2026.04.01	01:03:45.973		0.79947			4
2026.04.01	01:03:47.774		0.79946			4
2026.04.01	01:03:51.984	0.79883	0.79944			6
2026.04.01	01:03:52.586	0.79885	0.79943			6
2026.04.01	01:03:54.087	0.79887				2
2026.04.01	01:03:56.191	0.79885	0.79945			6
2026.04.01	01:03:57.392	0.79886	0.79946			6
2026.04.01	01:03:57.692	0.79888	0.79952			6
2026.04.01	01:04:00.096	0.79888				2
2026.04.01	01:04:02.498		0.79950			4
2026.04.01	01:04:02.798		0.79947			4
2026.04.01	01:04:04.602	0.79887	0.79945			6
2026.04.01	01:04:04.902	0.79888	0.79950			6
2026.04.01	01:04:05.202		0.79946			4
2026.04.01	01:04:05.504	0.79885	0.79944			6
2026.04.01	01:04:06.105		0.79943			4
2026.04.01	01:04:06.704	0.79887				2
2026.04.01	01:04:07.606		0.79941			4
2026.04.01	01:04:10.613		0.79943			4
2026.04.01	01:04:10.913		0.79941			4
2026.04.01	01:04:13.620		0.79944			4
2026.04.01	01:04:13.919	0.79890	0.79946			6
2026.04.01	01:04:16.021	0.79886				2
2026.04.01	01:04:17.522	0.79888				2
2026.04.01	01:04:18.423	0.79886				2
2026.04.01	01:04:21.426	0.79891	0.79953			6
2026.04.01	01:04:23.228	0.79893	0.79952			6
2026.04.01	01:04:23.529		0.79953			4
2026.04.01	01:04:24.129		0.79952			4
2026.04.01	01:04:24.428	0.79894				2
2026.04.01	01:04:25.630	0.79893				2
2026.04.01	01:04:28.635	0.79894				2
2026.04.01	01:04:29.236	0.79888	0.79949			6
2026.04.01	01:04:29.836	0.79890	0.79952			6
2026.04.01	01:04:30.137	0.79896	0.79953			6
2026.04.01	01:04:30.436	0.79903	0.79982			6
2026.04.01	01:04:30.737	0.79891	0.79959			6
2026.04.01	01:04:31.039		0.79953			4
2026.04.01	01:04:35.543	0.79887	0.79942			6
2026.04.01	01:04:35.843	0.79886	0.79954			6
2026.04.01	01:04:36.143		0.79951			4
2026.04.01	01:04:37.645		0.79949			4
2026.04.01	01:04:37.946	0.79890	0.79953			6
2026.04.01	01:04:38.849	0.79885	0.79945			6
2026.04.01	01:04:39.149	0.79883	0.79948			6
2026.04.01	01:04:40.651	0.79886	0.79944			6
2026.04.01	01:04:43.654		0.79946			4
2026.04.01	01:04:44.555	0.79888	0.79944			6
2026.04.01	01:04:46.057	0.79886				2
2026.04.01	01:04:47.560	0.79885				2
2026.04.01	01:04:49.662		0.79945			4
2026.04.01	01:04:52.064		0.79944			4
2026.04.01	01:04:55.378		0.79945			4
2026.04.01	01:04:55.679		0.79944			4
2026.04.01	01:04:56.279	0.79880				2
2026.04.01	01:04:56.879	0.79895	0.79939			6
2026.04.01	01:04:57.179	0.79888	0.79945			6
2026.04.01	01:04:57.480	0.79892	0.79938			6
2026.04.01	01:04:58.381		0.79940			4
2026.04.01	01:04:59.582	0.79894				2
2026.04.01	01:04:59.882	0.79897	0.79949			6
2026.04.01	01:05:00.184	0.79897				2
2026.04.01	01:05:01.688	0.79895	0.79952			6
2026.04.01	01:05:02.588	0.79893	0.79955			6
2026.04.01	01:05:06.500		0.79953			4
2026.04.01	01:05:07.097		0.79954			4
2026.04.01	01:05:09.799	0.79890	0.79953			6
2026.04.01	01:05:11.601	0.79886	0.79942			6
2026.04.01	01:05:16.113		0.79943			4
2026.04.01	01:05:21.822	0.79881				2
2026.04.01	01:05:22.122	0.79883				2
2026.04.01	01:05:23.623		0.79941			4
2026.04.01	01:05:23.923	0.79889	0.79944			6
2026.04.01	01:05:26.626	0.79895	0.79943			6
2026.04.01	01:05:26.928	0.79893				2
2026.04.01	01:05:27.229	0.79894	0.79944			6
2026.04.01	01:05:28.133	0.79899	0.79942			6
2026.04.01	01:05:28.433		0.79944			4
2026.04.01	01:05:30.234		0.79954			4
2026.04.01	01:05:32.636	0.79900				2
2026.04.01	01:05:36.238	0.79896	0.79952			6
2026.04.01	01:05:41.954		0.79951			4
2026.04.01	01:05:43.455		0.79952			4
2026.04.01	01:05:48.562		0.79951			4
2026.04.01	01:05:49.763	0.79895				2
2026.04.01	01:05:59.383	0.79904	0.79948			6
2026.04.01	01:05:59.684	0.79901	0.79951			6
2026.04.01	01:06:00.288	0.79899	0.79950			6
2026.04.01	01:06:04.500		0.79954			4
2026.04.01	01:06:12.021		0.79950			4
2026.04.01	01:06:14.122		0.79954			4
2026.04.01	01:06:14.423		0.79950			4
2026.04.01	01:06:14.723		0.79954			4
2026.04.01	01:06:23.737	0.79898	0.79947			6
2026.04.01	01:06:26.137		0.79948			4
2026.04.01	01:06:26.438		0.79952			4
2026.04.01	01:06:29.442	0.79896	0.79948			6
2026.04.01	01:06:36.657	0.79897	0.79949			6
2026.04.01	01:06:39.063		0.79948			4
2026.04.01	01:06:39.663	0.79896				2
2026.04.01	01:06:39.963	0.79897				2
2026.04.01	01:06:41.763	0.79895				2
2026.04.01	01:06:44.465	0.79898	0.79950			6
2026.04.01	01:06:47.473	0.79897	0.79948			6
2026.04.01	01:06:48.073		0.79952			4
2026.04.01	01:06:50.480		0.79950			4
2026.04.01	01:06:54.688	0.79894	0.79951			6
2026.04.01	01:06:54.989	0.79895	0.79952			6
2026.04.01	01:06:59.496	0.79899	0.79950			6
2026.04.01	01:07:00.096	0.79899				2
2026.04.01	01:07:01.599		0.79954			4
2026.04.01	01:07:01.900		0.79953			4
2026.04.01	01:07:02.800		0.79949			4
2026.04.01	01:07:03.100	0.79898	0.79946			6
2026.04.01	01:07:03.401	0.79899				2
2026.04.01	01:07:04.002	0.79904				2
2026.04.01	01:07:04.303		0.79947			4
2026.04.01	01:07:04.903		0.79946			4
2026.04.01	01:07:05.805		0.79947			4
2026.04.01	01:07:06.706	0.79905				2
2026.04.01	01:07:07.306		0.79946			4
2026.04.01	01:07:15.726	0.79907				2
2026.04.01	01:07:16.326	0.79903				2
2026.04.01	01:07:16.626	0.79901				2
2026.04.01	01:07:18.734	0.79900				2
2026.04.01	01:07:21.439	0.79906				2
2026.04.01	01:07:22.943	0.79905				2
2026.04.01	01:07:23.842	0.79906				2
2026.04.01	01:07:25.346		0.79947			4
2026.04.01	01:07:28.950		0.79946			4
2026.04.01	01:07:30.451		0.79947			4
2026.04.01	01:07:31.052		0.79945			4
2026.04.01	01:07:35.261	0.79905				2
2026.04.01	01:07:35.860	0.79906				2
2026.04.01	01:07:36.462		0.79946			4
2026.04.01	01:07:40.675	0.79902	0.79947			6
2026.04.01	01:07:41.277	0.79905	0.79948			6
2026.04.01	01:07:43.083	0.79906				2
2026.04.01	01:07:44.583	0.79905				2
2026.04.01	01:07:46.086		0.79956			4
2026.04.01	01:07:46.386		0.79946			4
2026.04.01	01:07:52.698	0.79906				2
2026.04.01	01:07:54.501		0.79947			4
2026.04.01	01:07:54.801		0.79946			4
2026.04.01	01:07:56.905	0.79905				2
2026.04.01	01:07:59.909	0.79906				2
2026.04.01	01:08:00.209	0.79906				2
2026.04.01	01:08:00.508	0.79907				2
2026.04.01	01:08:01.409	0.79905	0.79947			6
2026.04.01	01:08:01.710	0.79903				2
2026.04.01	01:08:03.813	0.79905				2
2026.04.01	01:08:04.413	0.79907	0.79948			6
2026.04.01	01:08:04.713	0.79905				2
2026.04.01	01:08:05.614		0.79946			4
2026.04.01	01:08:07.416		0.79947			4
2026.04.01	01:08:09.518		0.79948			4
2026.04.01	01:08:10.720	0.79906				2
2026.04.01	01:08:11.620	0.79904				2
2026.04.01	01:08:12.521		0.79947			4
2026.04.01	01:08:17.630	0.79905	0.79959			6
2026.04.01	01:08:17.931	0.79897	0.79961			6
2026.04.01	01:08:18.533	0.79900	0.79962			6
2026.04.01	01:08:20.337		0.79971			4
2026.04.01	01:08:20.938	0.79915	0.79970			6
2026.04.01	01:08:21.236	0.79914	0.79974			6
2026.04.01	01:08:21.536	0.79912	0.79969			6
2026.04.01	01:08:22.438		0.79968			4
2026.04.01	01:08:23.039	0.79915	0.79978			6
2026.04.01	01:08:23.339	0.79917				2
2026.04.01	01:08:23.639	0.79919	0.79980			6
2026.04.01	01:08:23.939		0.79981			4
2026.04.01	01:08:25.140	0.79918				2
2026.04.01	01:08:25.440		0.79980			4
2026.04.01	01:08:26.641	0.79920				2
2026.04.01	01:08:27.541		0.79981			4
2026.04.01	01:08:28.141	0.79918				2
2026.04.01	01:08:28.442		0.79980			4
2026.04.01	01:08:29.947	0.79920	0.79981			6
2026.04.01	01:08:30.248		0.79980			4
2026.04.01	01:08:30.849	0.79922				2
2026.04.01	01:08:32.652	0.79924				2
2026.04.01	01:08:33.856	0.79922				2
2026.04.01	01:08:34.758	0.79926	0.79979			6
2026.04.01	01:08:35.058	0.79924				2
2026.04.01	01:08:36.560		0.79962			4
2026.04.01	01:08:36.860	0.79922	0.79981			6
2026.04.01	01:08:37.760		0.79977			4
2026.04.01	01:08:38.660	0.79921	0.79979			6
2026.04.01	01:08:38.962	0.79922	0.79977			6
2026.04.01	01:08:39.563		0.79979			4
2026.04.01	01:08:39.863		0.79977			4
2026.04.01	01:08:41.963		0.79982			4
2026.04.01	01:08:42.866	0.79921	0.79979			6
2026.04.01	01:08:43.767	0.79922	0.79977			6
2026.04.01	01:08:44.068		0.79961			4
2026.04.01	01:08:44.367		0.79977			4
2026.04.01	01:08:44.967		0.79982			4
2026.04.01	01:08:45.869		0.79979			4
2026.04.01	01:08:46.769		0.79977			4
2026.04.01	01:08:47.369	0.79923	0.79979			6
2026.04.01	01:08:47.669	0.79924	0.79983			6
2026.04.01	01:08:48.270	0.79922	0.79975			6
2026.04.01	01:08:48.570	0.79920	0.79977			6
2026.04.01	01:08:48.871	0.79922				2
2026.04.01	01:08:49.171		0.79976			4
2026.04.01	01:08:49.473		0.79974			4
2026.04.01	01:08:50.074	0.79920				2
2026.04.01	01:08:50.377		0.79976			4
2026.04.01	01:08:50.680	0.79924	0.79979			6
2026.04.01	01:08:51.279		0.79981			4
2026.04.01	01:08:51.579		0.79976			4
2026.04.01	01:08:51.879	0.79922	0.79977			6
2026.04.01	01:08:52.480	0.79921	0.79975			6
2026.04.01	01:08:52.782		0.79973			4
2026.04.01	01:08:53.683		0.79972			4
2026.04.01	01:08:53.982		0.79960			4
2026.04.01	01:08:57.585	0.79922				2
2026.04.01	01:08:57.885	0.79924				2
2026.04.01	01:08:58.789	0.79922	0.79961			6
2026.04.01	01:08:59.690	0.79921				2
2026.04.01	01:09:00.291	0.79921				2
2026.04.01	01:09:00.892	0.79920				2
2026.04.01	01:09:01.792	0.79921				2
2026.04.01	01:09:02.095		0.79960			4
2026.04.01	01:09:02.697	0.79920				2
2026.04.01	01:09:03.601		0.79959			4
2026.04.01	01:09:03.904	0.79923				2
2026.04.01	01:09:04.204	0.79922				2
2026.04.01	01:09:07.518	0.79923				2
2026.04.01	01:09:17.737	0.79922				2
2026.04.01	01:09:18.938	0.79923	0.79971			6
2026.04.01	01:09:19.838	0.79922	0.79973			6
2026.04.01	01:09:20.138		0.79969			4
2026.04.01	01:09:22.840	0.79923				2
2026.04.01	01:09:23.141		0.79960			4
2026.04.01	01:09:23.440		0.79969			4
2026.04.01	01:09:26.143	0.79922				2
2026.04.01	01:09:35.456	0.79919	0.79957			6
2026.04.01	01:09:35.756		0.79965			4
2026.04.01	01:09:36.659	0.79918	0.79957			6
2026.04.01	01:09:36.960		0.79967			4
2026.04.01	01:09:37.559		0.79965			4
2026.04.01	01:09:40.264		0.79967			4
2026.04.01	01:09:40.867		0.79965			4
2026.04.01	01:09:41.169		0.79967			4
2026.04.01	01:09:41.770		0.79965			4
2026.04.01	01:09:42.070		0.79957			4
2026.04.01	01:09:42.376		0.79965			4
2026.04.01	01:09:45.083		0.79963			4
2026.04.01	01:09:47.187	0.79916	0.79965			6
2026.04.01	01:09:48.989		0.79963			4
2026.04.01	01:09:50.494	0.79917				2
2026.04.01	01:09:54.699	0.79919	0.79965			6
2026.04.01	01:09:55.903		0.79963			4
2026.04.01	01:09:57.406	0.79917	0.79962			6
2026.04.01	01:09:58.009	0.79916	0.79964			6
2026.04.01	01:10:00.115	0.79917	0.79962			6
2026.04.01	01:10:01.621		0.79957			4
2026.04.01	01:10:01.921	0.79916	0.79955			6
2026.04.01	01:10:03.423	0.79915	0.79957			6
2026.04.01	01:10:03.725	0.79910	0.79956			6
2026.04.01	01:10:04.024		0.79958			4
2026.04.01	01:10:04.324	0.79918	0.79959			6
2026.04.01	01:10:04.624	0.79919				2
2026.04.01	01:10:07.629	0.79921	0.79956			6
2026.04.01	01:10:07.930		0.79961			4
2026.04.01	01:10:09.732	0.79914	0.79958			6
2026.04.01	01:10:10.032	0.79913	0.79960			6
2026.04.01	01:10:13.342	0.79914				2
2026.04.01	01:10:17.550	0.79915	0.79961			6
2026.04.01	01:10:19.653	0.79914	0.79960			6
2026.04.01	01:10:23.863	0.79916	0.79958			6
2026.04.01	01:10:25.664	0.79915	0.79957			6
2026.04.01	01:10:25.964	0.79914				2
2026.04.01	01:10:26.565	0.79915	0.79958			6
2026.04.01	01:10:29.873	0.79916				2
2026.04.01	01:10:30.176	0.79917	0.79960			6
2026.04.01	01:10:31.979		0.79958			4
2026.04.01	01:10:32.278		0.79960			4
2026.04.01	01:10:32.579		0.79958			4
2026.04.01	01:10:37.386	0.79914	0.79956			6
2026.04.01	01:10:49.408	0.79915				2
2026.04.01	01:10:49.707	0.79917	0.79958			6
2026.04.01	01:10:50.608	0.79918				2
2026.04.01	01:10:51.210	0.79917				2
2026.04.01	01:10:51.511	0.79915				2
2026.04.01	01:10:52.714	0.79914	0.79957			6
2026.04.01	01:10:53.013		0.79956			4
2026.04.01	01:10:55.417	0.79916				2
2026.04.01	01:10:56.317	0.79919	0.79957			6
2026.04.01	01:11:00.224	0.79919				2
2026.04.01	01:11:01.426	0.79917	0.79956			6
2026.04.01	01:11:01.728		0.79951			4
2026.04.01	01:11:02.329		0.79953			4
2026.04.01	01:11:02.630	0.79912				2
2026.04.01	01:11:03.230	0.79917	0.79955			6
2026.04.01	01:11:08.036	0.79916				2
2026.04.01	01:11:09.240		0.79954			4
2026.04.01	01:11:09.538		0.79950			4
2026.04.01	01:11:10.139	0.79917	0.79955			6
2026.04.01	01:11:10.739		0.79950			4
2026.04.01	01:11:11.339	0.79906	0.79949			6
2026.04.01	01:11:11.639	0.79907	0.79948			6
2026.04.01	01:11:12.240	0.79909	0.79949			6
2026.04.01	01:11:12.540	0.79907	0.79948			6
2026.04.01	01:11:12.840		0.79947			4
2026.04.01	01:11:14.041		0.79945			4
2026.04.01	01:11:14.941		0.79947			4
2026.04.01	01:11:15.241		0.79948			4
2026.04.01	01:11:15.541		0.79944			4
2026.04.01	01:11:16.442		0.79948			4
2026.04.01	01:11:16.742		0.79944			4
2026.04.01	01:11:17.642		0.79948			4
2026.04.01	01:11:17.943		0.79944			4
2026.04.01	01:11:18.845		0.79948			4
2026.04.01	01:11:19.446		0.79944			4
2026.04.01	01:11:20.349		0.79948			4
2026.04.01	01:11:20.648		0.79944			4
2026.04.01	01:11:21.250	0.79909	0.79949			6
2026.04.01	01:11:22.149	0.79910	0.79950			6
2026.04.01	01:11:22.452		0.79947			4
2026.04.01	01:11:23.654	0.79914	0.79949			6
2026.04.01	01:11:30.563	0.79904	0.79945			6
2026.04.01	01:11:30.863	0.79907	0.79947			6
2026.04.01	01:11:41.394	0.79906	0.79946			6
2026.04.01	01:11:43.204		0.79947			4
2026.04.01	01:11:43.504	0.79903	0.79944			6
2026.04.01	01:11:46.214	0.79905	0.79941			6
2026.04.01	01:11:47.115		0.79946			4
2026.04.01	01:11:48.917		0.79945			4
2026.04.01	01:11:49.823	0.79904	0.79944			6
2026.04.01	01:11:51.323	0.79903				2
2026.04.01	01:11:51.623		0.79943			4
2026.04.01	01:11:52.827		0.79944			4
2026.04.01	01:11:57.032		0.79943			4
2026.04.01	01:12:00.037	0.79903				2
2026.04.01	01:12:03.039		0.79942			4
2026.04.01	01:12:04.241	0.79904				2
2026.04.01	01:12:16.263		0.79940			4
2026.04.01	01:12:25.877		0.79941			4
2026.04.01	01:12:28.582		0.79940			4
2026.04.01	01:12:37.605	0.79903				2
2026.04.01	01:12:39.408		0.79941			4
2026.04.01	01:12:51.434		0.79939			4
2026.04.01	01:12:52.337	0.79902	0.79940			6
2026.04.01	01:12:55.942	0.79903				2
2026.04.01	01:12:58.043	0.79902				2
2026.04.01	01:13:00.145	0.79902				2
2026.04.01	01:13:00.445	0.79901	0.79938			6
2026.04.01	01:13:01.945	0.79904	0.79941			6
2026.04.01	01:13:08.554	0.79902	0.79937			6
2026.04.01	01:13:08.854		0.79939			4
2026.04.01	01:13:13.961	0.79903	0.79940			6
2026.04.01	01:13:14.262	0.79904	0.79936			6
2026.04.01	01:13:14.561	0.79905	0.79942			6
2026.04.01	01:13:14.861	0.79906	0.79940			6
2026.04.01	01:13:18.464		0.79941			4
2026.04.01	01:13:20.870	0.79904				2
2026.04.01	01:13:31.383		0.79940			4
2026.04.01	01:13:41.294		0.79941			4
2026.04.01	01:13:42.497	0.79908	0.79942			6
2026.04.01	01:13:43.100		0.79941			4
2026.04.01	01:13:43.402	0.79909	0.79942			6
2026.04.01	01:13:44.906		0.79943			4
2026.04.01	01:13:45.508		0.79942			4
2026.04.01	01:13:45.811		0.79943			4
2026.04.01	01:13:47.013	0.79910				2
2026.04.01	01:13:50.022		0.79944			4
2026.04.01	01:13:51.827	0.79912				2
2026.04.01	01:13:56.949	0.79910				2
2026.04.01	01:13:58.152	0.79912				2
2026.04.01	01:14:00.254	0.79912				2
2026.04.01	01:14:07.163	0.79910				2
2026.04.01	01:14:08.663	0.79911				2
2026.04.01	01:14:11.669	0.79910				2
2026.04.01	01:14:14.376		0.79942			4
2026.04.01	01:14:20.083	0.79913	0.79943			6
2026.04.01	01:14:30.008	0.79912	0.79945			6
2026.04.01	01:14:37.828		0.79944			4
2026.04.01	01:14:39.337		0.79945			4
2026.04.01	01:14:39.937		0.79944			4
2026.04.01	01:14:41.737	0.79911	0.79945			6
2026.04.01	01:14:42.039	0.79912	0.79944			6
2026.04.01	01:14:42.338	0.79911	0.79945			6
2026.04.01	01:14:45.343	0.79910				2
2026.04.01	01:14:45.943		0.79944			4
2026.04.01	01:14:54.354		0.79945			4
2026.04.01	01:14:55.253	0.79911				2
2026.04.01	01:14:56.761	0.79912	0.79944			6
2026.04.01	01:14:57.359	0.79911	0.79946			6
2026.04.01	01:15:00.062	0.79912				2
2026.04.01	01:15:00.362	0.79913	0.79944			6
2026.04.01	01:15:00.663	0.79907	0.79943			6
2026.04.01	01:15:00.962	0.79906				2
2026.04.01	01:15:01.263	0.79907	0.79941			6
2026.04.01	01:15:01.863	0.79906				2
2026.04.01	01:15:03.966	0.79905	0.79938			6
2026.04.01	01:15:04.265	0.79906	0.79941			6
2026.04.01	01:15:04.566	0.79905	0.79937			6
2026.04.01	01:15:04.865	0.79906	0.79941			6
2026.04.01	01:15:05.166	0.79907	0.79940			6
2026.04.01	01:15:05.466		0.79938			4
2026.04.01	01:15:05.766		0.79940			4
2026.04.01	01:15:06.066		0.79938			4
2026.04.01	01:15:06.367		0.79940			4
2026.04.01	01:15:07.268		0.79939			4
2026.04.01	01:15:08.172	0.79904	0.79936			6
2026.04.01	01:15:08.470	0.79903	0.79935			6
2026.04.01	01:15:09.371		0.79936			4
2026.04.01	01:15:09.973		0.79935			4
2026.04.01	01:15:10.274		0.79936			4
2026.04.01	01:15:11.475		0.79935			4
2026.04.01	01:15:13.277		0.79936			4
2026.04.01	01:15:17.183	0.79904				2
2026.04.01	01:15:18.386	0.79903				2
2026.04.01	01:15:19.291	0.79904				2
2026.04.01	01:15:22.298	0.79903				2
2026.04.01	01:15:26.210		0.79935			4
2026.04.01	01:15:26.813		0.79936			4
2026.04.01	01:15:27.113		0.79935			4
2026.04.01	01:15:29.216	0.79901	0.79936			6
2026.04.01	01:15:31.620		0.79935			4
2026.04.01	01:15:32.221		0.79936			4
2026.04.01	01:15:34.325		0.79935			4
2026.04.01	01:15:42.437		0.79936			4
2026.04.01	01:15:43.037		0.79935			4
2026.04.01	01:15:44.239		0.79936			4
2026.04.01	01:15:51.448	0.79903	0.79935			6
2026.04.01	01:15:53.253	0.79901	0.79936			6
2026.04.01	01:15:53.854	0.79903	0.79935			6
2026.04.01	01:16:00.160	0.79903	0.79934			6
2026.04.01	01:16:00.460	0.79901				2
2026.04.01	01:16:00.762	0.79900	0.79935			6
2026.04.01	01:16:02.867	0.79903				2
2026.04.01	01:16:13.081		0.79933			4
2026.04.01	01:16:16.989	0.79894	0.79927			6
2026.04.01	01:16:17.290	0.79888				2
2026.04.01	01:16:17.590	0.79893	0.79930			6
2026.04.01	01:16:17.890	0.79892				2
2026.04.01	01:16:19.692	0.79896	0.79926			6
2026.04.01	01:16:27.208	0.79892	0.79924			6
2026.04.01	01:16:29.309		0.79925			4
2026.04.01	01:16:33.516		0.79927			4
2026.04.01	01:16:35.021	0.79894				2
2026.04.01	01:16:37.423	0.79895				2
2026.04.01	01:16:40.125	0.79890	0.79923			6
2026.04.01	01:16:40.425		0.79921			4
2026.04.01	01:16:40.725		0.79923			4
2026.04.01	01:16:41.625		0.79922			4
2026.04.01	01:16:41.925		0.79923			4
2026.04.01	01:16:42.827		0.79922			4
2026.04.01	01:16:43.130		0.79921			4
2026.04.01	01:16:43.433		0.79923			4
2026.04.01	01:16:44.334		0.79922			4
2026.04.01	01:16:44.636		0.79923			4
2026.04.01	01:16:45.537		0.79922			4
2026.04.01	01:16:45.838		0.79923			4
2026.04.01	01:16:46.740		0.79921			4
2026.04.01	01:16:47.341		0.79923			4
2026.04.01	01:16:48.242		0.79921			4
2026.04.01	01:16:48.543		0.79923			4
2026.04.01	01:16:49.443		0.79922			4
2026.04.01	01:16:49.743		0.79923			4
2026.04.01	01:16:50.646		0.79921			4
2026.04.01	01:16:51.246		0.79923			4
2026.04.01	01:16:52.147		0.79921			4
2026.04.01	01:16:52.448		0.79923			4
2026.04.01	01:16:53.049		0.79921			4
2026.04.01	01:16:53.651		0.79922			4
2026.04.01	01:16:53.952		0.79923			4
2026.04.01	01:16:54.852		0.79921			4
2026.04.01	01:16:55.153		0.79923			4
2026.04.01	01:16:56.054		0.79921			4
2026.04.01	01:16:56.654		0.79923			4
2026.04.01	01:16:57.554		0.79921			4
2026.04.01	01:16:57.854		0.79923			4
2026.04.01	01:17:00.259	0.79890				2
2026.04.01	01:17:00.559	0.79889				2
2026.04.01	01:17:02.063		0.79926			4
2026.04.01	01:17:02.363	0.79890				2
2026.04.01	01:17:02.664		0.79924			4
2026.04.01	01:17:03.264	0.79895	0.79927			6
2026.04.01	01:17:03.564	0.79896	0.79925			6
2026.04.01	01:17:05.365	0.79899	0.79927			6
2026.04.01	01:17:05.967		0.79929			4
2026.04.01	01:17:06.867		0.79927			4
2026.04.01	01:17:07.168		0.79929			4
2026.04.01	01:17:08.068		0.79927			4
2026.04.01	01:17:08.369		0.79929			4
2026.04.01	01:17:09.274		0.79927			4
2026.04.01	01:17:09.876		0.79929			4
2026.04.01	01:17:10.779		0.79927			4
2026.04.01	01:17:11.079		0.79929			4
2026.04.01	01:17:11.379		0.79928			4
2026.04.01	01:17:11.982		0.79927			4
2026.04.01	01:17:12.282		0.79928			4
2026.04.01	01:17:13.182		0.79927			4
2026.04.01	01:17:13.788		0.79928			4
2026.04.01	01:17:14.690		0.79927			4
2026.04.01	01:17:14.990		0.79928			4
2026.04.01	01:17:15.892		0.79927			4
2026.04.01	01:17:16.193		0.79928			4
2026.04.01	01:17:17.098		0.79927			4
2026.04.01	01:17:17.397		0.79926			4
2026.04.01	01:17:17.699		0.79928			4
2026.04.01	01:17:18.602		0.79926			4
2026.04.01	01:17:18.903		0.79928			4
2026.04.01	01:17:19.804		0.79926			4
2026.04.01	01:17:20.406	0.79897	0.79927			6
2026.04.01	01:17:21.009		0.79925			4
2026.04.01	01:17:21.614		0.79927			4
2026.04.01	01:17:21.913	0.79894	0.79926			6
2026.04.01	01:17:22.515		0.79925			4
2026.04.01	01:17:22.816		0.79926			4
2026.04.01	01:17:23.716		0.79925			4
2026.04.01	01:17:24.016		0.79926			4
2026.04.01	01:17:24.917		0.79925			4
2026.04.01	01:17:25.519		0.79926			4
2026.04.01	01:17:26.421		0.79925			4
2026.04.01	01:17:26.721		0.79926			4
2026.04.01	01:17:27.022	0.79893				2
2026.04.01	01:17:27.322	0.79894				2
2026.04.01	01:17:27.623	0.79893	0.79925			6
2026.04.01	01:17:27.922		0.79926			4
2026.04.01	01:17:28.828		0.79925			4
2026.04.01	01:17:29.428		0.79926			4
2026.04.01	01:17:30.330		0.79925			4
2026.04.01	01:17:30.630		0.79926			4
2026.04.01	01:17:30.931	0.79894				2
2026.04.01	01:17:31.535	0.79893	0.79925			6
2026.04.01	01:17:31.836		0.79926			4
2026.04.01	01:17:32.135	0.79894				2
2026.04.01	01:17:32.736		0.79925			4
2026.04.01	01:17:33.036		0.79926			4
2026.04.01	01:17:33.337	0.79893				2
2026.04.01	01:17:34.236	0.79894	0.79925			6
2026.04.01	01:17:34.537		0.79926			4
2026.04.01	01:17:35.438	0.79893	0.79925			6
2026.04.01	01:17:35.738		0.79926			4
2026.04.01	01:17:36.338	0.79894				2
2026.04.01	01:17:36.638		0.79925			4
2026.04.01	01:17:36.938		0.79926			4
2026.04.01	01:17:38.139	0.79893	0.79924			6
2026.04.01	01:17:38.439	0.79894	0.79926			6
2026.04.01	01:17:39.341		0.79924			4
2026.04.01	01:17:39.642		0.79926			4
2026.04.01	01:17:40.541		0.79924			4
2026.04.01	01:17:40.842		0.79926			4
2026.04.01	01:17:41.743		0.79924			4
2026.04.01	01:17:42.346	0.79899	0.79928			6
2026.04.01	01:17:43.246		0.79927			4
2026.04.01	01:17:43.547		0.79928			4
2026.04.01	01:17:44.447		0.79927			4
2026.04.01	01:17:44.748		0.79928			4
2026.04.01	01:17:45.651		0.79927			4
2026.04.01	01:17:46.252		0.79928			4
2026.04.01	01:17:47.153		0.79927			4
2026.04.01	01:17:47.453		0.79928			4
2026.04.01	01:17:48.654	0.79898	0.79930			6
2026.04.01	01:17:49.554		0.79928			4
2026.04.01	01:17:50.156	0.79899				2
2026.04.01	01:17:50.458	0.79898	0.79930			6
2026.04.01	01:17:51.059		0.79928			4
2026.04.01	01:17:51.360		0.79930			4
2026.04.01	01:17:52.261		0.79928			4
2026.04.01	01:17:52.562		0.79930			4
2026.04.01	01:17:52.863	0.79899				2
2026.04.01	01:17:53.163	0.79900	0.79928			6
2026.04.01	01:17:54.367	0.79899	0.79930			6
2026.04.01	01:17:54.666		0.79932			4
2026.04.01	01:17:54.968	0.79897	0.79931			6
2026.04.01	01:17:55.268	0.79899	0.79932			6
2026.04.01	01:17:56.168	0.79897	0.79930			6
2026.04.01	01:17:57.670	0.79898				2
2026.04.01	01:17:59.472	0.79897				2
2026.04.01	01:18:00.073	0.79897				2
2026.04.01	01:18:08.184	0.79898				2
2026.04.01	01:18:09.385	0.79900				2
2026.04.01	01:18:14.503		0.79929			4
2026.04.01	01:18:14.803		0.79931			4
2026.04.01	01:18:15.705		0.79930			4
2026.04.01	01:18:19.617		0.79929			4
2026.04.01	01:18:20.821	0.79898				2
2026.04.01	01:18:22.324		0.79930			4
2026.04.01	01:18:30.137	0.79897				2
2026.04.01	01:18:39.454	0.79899				2
2026.04.01	01:18:39.755	0.79900				2
2026.04.01	01:18:40.056		0.79932			4
2026.04.01	01:18:45.763		0.79931			4
2026.04.01	01:18:49.980	0.79899				2
2026.04.01	01:18:52.084	0.79901				2
2026.04.01	01:19:00.206	0.79899				2
2026.04.01	01:19:00.511		0.79932			4
2026.04.01	01:19:01.411	0.79898				2
2026.04.01	01:19:02.314	0.79900				2
2026.04.01	01:19:05.018	0.79899				2
2026.04.01	01:19:09.525		0.79933			4
2026.04.01	01:19:11.328		0.79932			4
2026.04.01	01:19:16.440	0.79900				2
2026.04.01	01:19:17.644		0.79933			4
2026.04.01	01:19:25.161		0.79932			4
2026.04.01	01:19:28.163		0.79933			4
2026.04.01	01:19:34.177	0.79902				2
2026.04.01	01:19:34.478	0.79900				2
2026.04.01	01:19:34.779	0.79902				2
2026.04.01	01:19:35.380		0.79932			4
2026.04.01	01:19:48.611	0.79897	0.79933			6
2026.04.01	01:19:50.115		0.79930			4
2026.04.01	01:19:51.016		0.79931			4
2026.04.01	01:19:51.617		0.79930			4
2026.04.01	01:19:52.519		0.79931			4
2026.04.01	01:19:53.722		0.79933			4
2026.04.01	01:20:00.029	0.79897				2
2026.04.01	01:20:01.534	0.79898	0.79932			6
2026.04.01	01:20:07.240	0.79897	0.79933			6
2026.04.01	01:20:09.942	0.79899				2
2026.04.01	01:20:10.242		0.79931			4
2026.04.01	01:20:11.744	0.79900	0.79932			6
2026.04.01	01:20:12.044	0.79899	0.79931			6
2026.04.01	01:20:12.344	0.79898				2
2026.04.01	01:20:12.644	0.79900				2
2026.04.01	01:20:12.945		0.79935			4
2026.04.01	01:20:19.557	0.79898				2
2026.04.01	01:20:29.482	0.79900	0.79934			6
2026.04.01	01:20:30.383	0.79899	0.79937			6
2026.04.01	01:20:31.583		0.79935			4
2026.04.01	01:20:32.183	0.79901	0.79936			6
2026.04.01	01:20:33.088		0.79935			4
2026.04.01	01:20:34.290		0.79936			4
2026.04.01	01:20:39.996	0.79898				2
2026.04.01	01:20:40.297		0.79935			4
2026.04.01	01:20:40.597	0.79899	0.79936			6
2026.04.01	01:20:41.199	0.79902	0.79937			6
2026.04.01	01:20:42.702	0.79901				2
2026.04.01	01:20:43.605	0.79898	0.79936			6
2026.04.01	01:20:45.109		0.79935			4
2026.04.01	01:20:46.014		0.79936			4
2026.04.01	01:20:47.515	0.79901				2
2026.04.01	01:20:58.040		0.79935			4
2026.04.01	01:20:58.341	0.79902	0.79934			6
2026.04.01	01:20:59.240		0.79935			4
2026.04.01	01:21:00.142	0.79902				2
2026.04.01	01:21:01.343	0.79904				2
2026.04.01	01:21:01.644	0.79905				2
2026.04.01	01:21:02.846		0.79936			4
2026.04.01	01:21:05.251	0.79906				2
2026.04.01	01:21:05.852	0.79904	0.79934			6
2026.04.01	01:21:10.056	0.79906				2
2026.04.01	01:21:18.475	0.79908				2
2026.04.01	01:21:18.776	0.79907				2
2026.04.01	01:21:19.976		0.79935			4
2026.04.01	01:21:20.577	0.79908				2
2026.04.01	01:21:21.178		0.79934			4
2026.04.01	01:21:21.478	0.79907				2
2026.04.01	01:21:22.078		0.79935			4
2026.04.01	01:21:23.279	0.79908				2
2026.04.01	01:21:25.085		0.79934			4
2026.04.01	01:21:26.285	0.79907				2
2026.04.01	01:21:26.584		0.79937			4
2026.04.01	01:21:27.185	0.79911	0.79941			6
2026.04.01	01:21:27.785	0.79908	0.79943			6
2026.04.01	01:21:28.087	0.79910	0.79944			6
2026.04.01	01:21:28.385	0.79913	0.79945			6
2026.04.01	01:21:28.985	0.79917	0.79946			6
2026.04.01	01:21:29.286	0.79915				2
2026.04.01	01:21:30.788		0.79948			4
2026.04.01	01:21:32.890		0.79947			4
2026.04.01	01:21:34.392	0.79916	0.79948			6
2026.04.01	01:21:35.593	0.79917				2
2026.04.01	01:21:40.401	0.79919				2
2026.04.01	01:21:42.503	0.79914	0.79945			6
2026.04.01	01:21:43.404	0.79920				2
2026.04.01	01:21:46.413		0.79946			4
2026.04.01	01:21:46.714	0.79919				2
2026.04.01	01:21:48.214	0.79918				2
2026.04.01	01:21:48.514		0.79945			4
2026.04.01	01:21:52.722	0.79916				2
2026.04.01	01:21:53.022		0.79946			4
2026.04.01	01:21:58.425	0.79915	0.79945			6
2026.04.01	01:22:00.234	0.79915				2
2026.04.01	01:22:18.867	0.79913	0.79951			6
2026.04.01	01:22:19.163		0.79944			4
2026.04.01	01:22:20.064	0.79912	0.79943			6
2026.04.01	01:22:20.364	0.79911				2
2026.04.01	01:22:21.566		0.79942			4
2026.04.01	01:22:21.866	0.79908	0.79941			6
2026.04.01	01:22:22.167		0.79940			4
2026.04.01	01:22:22.466	0.79905				2
2026.04.01	01:22:23.668		0.79939			4
2026.04.01	01:22:27.877	0.79904	0.79938			6
2026.04.01	01:22:30.582		0.79939			4
2026.04.01	01:22:31.184	0.79905				2
2026.04.01	01:22:37.193	0.79906				2
2026.04.01	01:22:37.796		0.79940			4
2026.04.01	01:22:38.695	0.79905				2
2026.04.01	01:22:42.906	0.79906				2
2026.04.01	01:22:44.408	0.79908				2
2026.04.01	01:22:45.311		0.79939			4
2026.04.01	01:22:46.213	0.79906				2
2026.04.01	01:22:46.814		0.79940			4
2026.04.01	01:22:47.115		0.79939			4
2026.04.01	01:22:56.430		0.79940			4
2026.04.01	01:22:58.536	0.79907				2
2026.04.01	01:22:59.437		0.79939			4
2026.04.01	01:23:00.038	0.79907				2
2026.04.01	01:23:00.638		0.79940			4
2026.04.01	01:23:06.643	0.79909	0.79942			6
2026.04.01	01:23:07.243	0.79908				2
2026.04.01	01:23:08.745		0.79943			4
2026.04.01	01:23:13.550	0.79909				2
2026.04.01	01:23:15.655	0.79911	0.79942			6
2026.04.01	01:23:16.256	0.79910				2
2026.04.01	01:23:22.263	0.79911				2
2026.04.01	01:23:23.768		0.79941			4
2026.04.01	01:23:24.370		0.79942			4
2026.04.01	01:23:33.391	0.79910				2
2026.04.01	01:23:34.895	0.79908				2
2026.04.01	01:23:35.195	0.79910				2
2026.04.01	01:23:36.401		0.79941			4
2026.04.01	01:23:36.701	0.79911				2
2026.04.01	01:23:37.304	0.79910				2
2026.04.01	01:23:37.904		0.79942			4
2026.04.01	01:23:38.209	0.79911				2
2026.04.01	01:23:38.509	0.79910				2
2026.04.01	01:23:39.714	0.79915	0.79946			6
2026.04.01	01:23:40.014	0.79914				2
2026.04.01	01:23:41.815	0.79918				2
2026.04.01	01:23:42.717	0.79912	0.79948			6
2026.04.01	01:23:43.616		0.79949			4
2026.04.01	01:23:43.917		0.79948			4
2026.04.01	01:23:47.224	0.79918				2
2026.04.01	01:23:50.837	0.79919				2
2026.04.01	01:23:51.439		0.79947			4
2026.04.01	01:23:56.845	0.79920				2
2026.04.01	01:24:00.154	0.79920				2
2026.04.01	01:24:04.356	0.79915	0.79945			6
2026.04.01	01:24:04.658	0.79913	0.79944			6
2026.04.01	01:24:07.966	0.79914				2
2026.04.01	01:24:08.869	0.79913				2
2026.04.01	01:24:09.169	0.79914				2
2026.04.01	01:24:16.989	0.79915				2
2026.04.01	01:24:18.792		0.79943			4
2026.04.01	01:24:27.212	0.79917				2
2026.04.01	01:24:27.512	0.79916				2
2026.04.01	01:24:31.419	0.79909	0.79942			6
2026.04.01	01:24:32.019		0.79941			4
2026.04.01	01:24:34.123		0.79940			4
2026.04.01	01:24:42.533		0.79939			4
2026.04.01	01:24:43.134	0.79910				2
2026.04.01	01:24:45.234		0.79940			4
2026.04.01	01:24:45.838	0.79909				2
2026.04.01	01:24:47.342	0.79910				2
2026.04.01	01:24:56.654	0.79912				2
2026.04.01	01:25:00.264	0.79912				2
2026.04.01	01:25:00.567	0.79911	0.79939			6
2026.04.01	01:25:06.873	0.79910				2
2026.04.01	01:25:08.983		0.79941			4
2026.04.01	01:25:11.686		0.79940			4
2026.04.01	01:25:13.186	0.79909				2
2026.04.01	01:25:13.487	0.79911				2
2026.04.01	01:25:14.689		0.79941			4
2026.04.01	01:25:21.300	0.79913	0.79943			6
2026.04.01	01:25:22.501	0.79910	0.79940			6
2026.04.01	01:25:30.320	0.79911				2
2026.04.01	01:25:31.525	0.79917	0.79941			6
2026.04.01	01:25:33.027	0.79916				2
2026.04.01	01:25:33.330	0.79917				2
2026.04.01	01:25:33.629	0.79916				2
2026.04.01	01:25:34.530	0.79917				2
2026.04.01	01:25:35.132	0.79916				2
2026.04.01	01:25:36.332	0.79912				2
2026.04.01	01:25:37.534		0.79938			4
2026.04.01	01:25:38.135	0.79916	0.79943			6
2026.04.01	01:25:39.328	0.79917				2
2026.04.01	01:25:40.832		0.79944			4
2026.04.01	01:25:41.433	0.79914	0.79941			6
2026.04.01	01:25:42.335	0.79915				2
2026.04.01	01:25:44.139	0.79914				2
2026.04.01	01:25:46.243	0.79916	0.79944			6
2026.04.01	01:25:51.343	0.79914	0.79943			6
2026.04.01	01:26:00.066	0.79914				2
2026.04.01	01:26:19.008		0.79941			4
2026.04.01	01:26:21.413		0.79943			4
2026.04.01	01:26:26.223	0.79915				2
2026.04.01	01:26:27.126	0.79914				2
2026.04.01	01:26:28.630		0.79942			4
2026.04.01	01:26:32.536		0.79941			4
2026.04.01	01:26:41.546		0.79940			4
2026.04.01	01:26:45.154	0.79912	0.79941			6
2026.04.01	01:26:45.451	0.79914				2
2026.04.01	01:26:50.263	0.79913				2
2026.04.01	01:26:50.862	0.79914				2
2026.04.01	01:26:55.370	0.79912				2
2026.04.01	01:26:55.671	0.79914				2
2026.04.01	01:27:00.187	0.79914				2
2026.04.01	01:27:03.798	0.79915				2
2026.04.01	01:27:04.104	0.79913	0.79939			6
2026.04.01	01:27:05.303		0.79940			4
2026.04.01	01:27:16.130	0.79915				2
2026.04.01	01:27:19.739	0.79912				2
2026.04.01	01:27:22.744		0.79941			4
2026.04.01	01:27:23.046		0.79940			4
2026.04.01	01:27:32.359	0.79914				2
2026.04.01	01:27:48.585		0.79939			4
2026.04.01	01:27:52.800	0.79913				2
2026.04.01	01:27:56.408		0.79940			4
2026.04.01	01:28:00.019	0.79913				2
2026.04.01	01:28:16.845		0.79939			4
2026.04.01	01:28:24.365		0.79940			4
2026.04.01	01:28:33.390	0.79914				2
2026.04.01	01:28:56.236	0.79913				2
2026.04.01	01:29:00.150	0.79913				2
2026.04.01	01:29:04.352		0.79939			4
2026.04.01	01:29:10.970	0.79912	0.79936			6
2026.04.01	01:29:11.273		0.79938			4
2026.04.01	01:29:11.573	0.79913				2
2026.04.01	01:29:22.416		0.79937			4
2026.04.01	01:29:32.943	0.79915				2
2026.04.01	01:29:36.548	0.79914				2
2026.04.01	01:29:48.873		0.79939			4
2026.04.01	01:29:50.673		0.79938			4
2026.04.01	01:29:57.593		0.79937			4
2026.04.01	01:29:59.105		0.79936			4
2026.04.01	01:30:00.003	0.79912				2
2026.04.01	01:30:00.309		0.79938			4
2026.04.01	01:30:00.606	0.79914	0.79941			6
2026.04.01	01:30:02.408	0.79907	0.79939			6
2026.04.01	01:30:04.807	0.79914	0.79941			6
2026.04.01	01:30:07.217	0.79910				2
2026.04.01	01:30:11.126		0.79940			4
2026.04.01	01:30:11.422	0.79909	0.79936			6
2026.04.01	01:30:11.724		0.79937			4
2026.04.01	01:30:12.323		0.79936			4
2026.04.01	01:30:14.423	0.79911				2
2026.04.01	01:30:14.727	0.79908				2
2026.04.01	01:30:23.135		0.79938			4
2026.04.01	01:30:24.039		0.79937			4
2026.04.01	01:30:24.645		0.79938			4
2026.04.01	01:30:30.359		0.79940			4
2026.04.01	01:30:31.255		0.79939			4
2026.04.01	01:30:32.458		0.79938			4
2026.04.01	01:30:34.558	0.79911				2
2026.04.01	01:30:35.763	0.79910	0.79939			6
2026.04.01	01:30:37.568	0.79909				2
2026.04.01	01:30:37.871	0.79903	0.79930			6
2026.04.01	01:30:38.169		0.79940			4
2026.04.01	01:30:38.465	0.79904	0.79937			6
2026.04.01	01:30:38.768		0.79929			4
2026.04.01	01:30:39.970		0.79930			4
2026.04.01	01:30:42.975	0.79901	0.79929			6
2026.04.01	01:30:51.998		0.79936			4
2026.04.01	01:30:58.911	0.79904	0.79935			6
2026.04.01	01:31:00.113	0.79904				2
2026.04.01	01:31:02.211	0.79906	0.79938			6
2026.04.01	01:31:02.813	0.79905	0.79935			6
2026.04.01	01:31:03.411	0.79904				2
2026.04.01	01:31:05.214		0.79934			4
2026.04.01	01:31:07.323	0.79903	0.79935			6
2026.04.01	01:31:12.426	0.79904	0.79936			6
2026.04.01	01:31:13.033	0.79903				2
2026.04.01	01:31:14.227	0.79904	0.79935			6
2026.04.01	01:31:15.128	0.79905	0.79934			6
2026.04.01	01:31:15.430	0.79904	0.79936			6
2026.04.01	01:31:16.331	0.79905	0.79934			6
2026.04.01	01:31:19.045	0.79904	0.79935			6
2026.04.01	01:31:19.944	0.79905	0.79934			6
2026.04.01	01:31:26.857		0.79933			4
2026.04.01	01:31:27.761	0.79903	0.79931			6
2026.04.01	01:31:29.861	0.79904				2
2026.04.01	01:31:32.565	0.79902	0.79930			6
2026.04.01	01:31:34.072	0.79905	0.79931			6
2026.04.01	01:31:34.372	0.79900	0.79929			6
2026.04.01	01:31:34.973		0.79930			4
2026.04.01	01:31:37.084	0.79899	0.79932			6
2026.04.01	01:31:37.385		0.79931			4
2026.04.01	01:31:38.288	0.79900	0.79930			6
2026.04.01	01:31:38.595	0.79903	0.79931			6
2026.04.01	01:31:38.892		0.79932			4
2026.04.01	01:31:43.398	0.79904	0.79931			6
2026.04.01	01:32:00.221	0.79904				2
2026.04.01	01:32:00.532	0.79909	0.79935			6
2026.04.01	01:32:02.927	0.79910				2
2026.04.01	01:32:03.528		0.79936			4
2026.04.01	01:32:05.032		0.79937			4
2026.04.01	01:32:06.234		0.79936			4
2026.04.01	01:32:08.642		0.79937			4
2026.04.01	01:32:08.947	0.79913				2
2026.04.01	01:32:11.344		0.79938			4
2026.04.01	01:32:11.650	0.79914	0.79939			6
2026.04.01	01:32:20.056	0.79913	0.79938			6
2026.04.01	01:32:28.165	0.79912				2
2026.04.01	01:32:29.065	0.79913				2
2026.04.01	01:32:29.965	0.79915				2
2026.04.01	01:32:30.266		0.79939			4
2026.04.01	01:32:47.095	0.79911	0.79937			6
2026.04.01	01:32:47.692		0.79936			4
2026.04.01	01:32:49.493	0.79912				2
2026.04.01	01:32:53.096		0.79937			4
2026.04.01	01:33:00.016	0.79912				2
2026.04.01	01:33:03.623		0.79938			4
2026.04.01	01:33:03.924		0.79939			4
2026.04.01	01:33:05.730		0.79940			4
2026.04.01	01:33:06.029		0.79939			4
2026.04.01	01:33:07.526		0.79938			4
2026.04.01	01:33:08.428		0.79939			4
2026.04.01	01:33:15.943	0.79911	0.79938			6
2026.04.01	01:33:16.243	0.79912				2
2026.04.01	01:33:16.545	0.79914	0.79939			6
2026.04.01	01:33:18.943	0.79915				2
2026.04.01	01:33:20.144	0.79916				2
2026.04.01	01:33:21.346		0.79948			4
2026.04.01	01:33:21.647		0.79939			4
2026.04.01	01:33:30.965	0.79913	0.79936			6
2026.04.01	01:33:32.766	0.79912				2
2026.04.01	01:33:34.564		0.79937			4
2026.04.01	01:33:35.467	0.79911				2
2026.04.01	01:33:37.570	0.79912				2
2026.04.01	01:33:40.578		0.79938			4
2026.04.01	01:33:42.381	0.79911				2
2026.04.01	01:33:43.286		0.79939			4
2026.04.01	01:33:44.184		0.79938			4
2026.04.01	01:33:44.483		0.79937			4
2026.04.01	01:33:45.387	0.79912				2
2026.04.01	01:33:47.485	0.79911				2
2026.04.01	01:33:48.694	0.79912	0.79938			6
2026.04.01	01:33:48.987	0.79913				2
2026.04.01	01:33:49.592	0.79912				2
2026.04.01	01:33:50.492	0.79913				2
2026.04.01	01:33:51.096	0.79917	0.79939			6
2026.04.01	01:33:51.393	0.79916				2
2026.04.01	01:33:54.400	0.79917				2
2026.04.01	01:34:00.111	0.79917				2
2026.04.01	01:34:01.315	0.79916	0.79941			6
2026.04.01	01:34:03.417	0.79915				2
2026.04.01	01:34:05.517	0.79917	0.79944			6
2026.04.01	01:34:14.839	0.79918				2
2026.04.01	01:34:17.246	0.79921	0.79946			6
2026.04.01	01:34:22.653		0.79947			4
2026.04.01	01:34:24.453	0.79922				2
2026.04.01	01:34:26.558		0.79946			4
2026.04.01	01:34:32.259	0.79923				2
2026.04.01	01:34:32.559	0.79922				2
2026.04.01	01:34:33.158		0.79947			4
2026.04.01	01:34:33.461	0.79918	0.79942			6
2026.04.01	01:34:35.566	0.79917				2
2026.04.01	01:34:35.866	0.79918				2
2026.04.01	01:34:36.465	0.79917				2
2026.04.01	01:34:38.867	0.79916				2
2026.04.01	01:34:43.371	0.79913	0.79943			6
2026.04.01	01:34:44.573	0.79912				2
2026.04.01	01:34:44.872		0.79942			4
2026.04.01	01:34:45.776		0.79943			4
2026.04.01	01:34:46.375	0.79913				2
2026.04.01	01:34:46.982	0.79916	0.79944			6
2026.04.01	01:34:47.577	0.79915	0.79945			6
2026.04.01	01:34:49.380	0.79916	0.79944			6
2026.04.01	01:34:49.982	0.79915				2
2026.04.01	01:34:52.384		0.79942			4
2026.04.01	01:34:52.688	0.79914	0.79940			6
2026.04.01	01:34:52.986	0.79915				2
2026.04.01	01:34:53.586	0.79916				2
2026.04.01	01:34:58.384	0.79915				2
2026.04.01	01:34:58.987	0.79916				2
2026.04.01	01:35:00.190	0.79916				2
2026.04.01	01:35:00.491	0.79915				2
2026.04.01	01:35:01.090	0.79917				2
2026.04.01	01:35:02.293	0.79916				2
2026.04.01	01:35:03.496	0.79917				2
2026.04.01	01:35:07.706	0.79916				2
2026.04.01	01:35:13.118	0.79922	0.79941			6
2026.04.01	01:35:13.420		0.79940			4
2026.04.01	01:35:24.541		0.79941			4
2026.04.01	01:35:27.839		0.79942			4
2026.04.01	01:35:28.445	0.79921				2
2026.04.01	01:35:32.043	0.79918	0.79940			6
2026.04.01	01:35:32.344	0.79919				2
2026.04.01	01:35:32.945		0.79941			4
2026.04.01	01:35:33.243		0.79940			4
2026.04.01	01:35:35.044		0.79941			4
2026.04.01	01:35:35.344		0.79940			4
2026.04.01	01:35:37.147	0.79918	0.79941			6
2026.04.01	01:35:37.452		0.79940			4
2026.04.01	01:35:38.350	0.79919				2
2026.04.01	01:35:38.656	0.79918				2
2026.04.01	01:35:38.953		0.79941			4
2026.04.01	01:35:39.557		0.79940			4
2026.04.01	01:35:40.158	0.79921	0.79942			6
2026.04.01	01:35:40.754		0.79943			4
2026.04.01	01:35:41.056		0.79944			4
2026.04.01	01:35:41.361	0.79920				2
2026.04.01	01:35:54.582	0.79919				2
2026.04.01	01:36:00.299	0.79919				2
2026.04.01	01:36:01.202		0.79945			4
2026.04.01	01:36:06.319		0.79944			4
2026.04.01	01:36:06.622	0.79914	0.79942			6
2026.04.01	01:36:06.921	0.79913				2
2026.04.01	01:36:08.430	0.79912	0.79940			6
2026.04.01	01:36:09.931		0.79941			4
2026.04.01	01:36:11.434		0.79940			4
2026.04.01	01:36:13.237	0.79915	0.79942			6
2026.04.01	01:36:13.837		0.79943			4
2026.04.01	01:36:21.643	0.79916	0.79945			6
2026.04.01	01:36:23.147	0.79918	0.79946			6
2026.04.01	01:36:24.042	0.79915	0.79944			6
2026.04.01	01:36:25.549		0.79943			4
2026.04.01	01:36:36.058	0.79914				2
2026.04.01	01:36:36.965		0.79944			4
2026.04.01	01:36:38.164	0.79913				2
2026.04.01	01:36:42.366		0.79943			4
2026.04.01	01:36:42.965	0.79914				2
2026.04.01	01:36:43.571	0.79912	0.79940			6
2026.04.01	01:36:43.866	0.79913				2
2026.04.01	01:36:44.771	0.79916	0.79942			6
2026.04.01	01:36:45.673	0.79917				2
2026.04.01	01:36:51.983	0.79916				2
2026.04.01	01:36:52.285		0.79943			4
2026.04.01	01:36:53.176	0.79917				2
2026.04.01	01:36:54.680	0.79912	0.79941			6
2026.04.01	01:36:55.281	0.79913	0.79942			6
2026.04.01	01:36:55.883		0.79941			4
2026.04.01	01:36:56.184	0.79911				2
2026.04.01	01:36:56.483	0.79916	0.79943			6
2026.04.01	01:36:56.787		0.79944			4
2026.04.01	01:36:57.085		0.79945			4
2026.04.01	01:36:57.985	0.79912	0.79941			6
2026.04.01	01:36:59.486	0.79913				2
2026.04.01	01:37:00.093	0.79913				2
2026.04.01	01:37:00.386	0.79912				2
2026.04.01	01:37:01.290	0.79916				2
2026.04.01	01:37:02.187		0.79942			4
2026.04.01	01:37:02.787	0.79913	0.79941			6
2026.04.01	01:37:06.094	0.79912				2
2026.04.01	01:37:10.001		0.79939			4
2026.04.01	01:37:10.301	0.79911				2
2026.04.01	01:37:11.199	0.79915	0.79941			6
2026.04.01	01:37:12.400		0.79942			4
2026.04.01	01:37:12.999	0.79916				2
2026.04.01	01:37:13.301		0.79941			4
2026.04.01	01:37:15.406		0.79942			4
2026.04.01	01:37:17.207	0.79907	0.79940			6
2026.04.01	01:37:17.506	0.79906	0.79938			6
2026.04.01	01:37:19.313		0.79937			4
2026.04.01	01:37:19.609		0.79938			4
2026.04.01	01:37:20.813		0.79937			4
2026.04.01	01:37:21.413		0.79938			4
2026.04.01	01:37:22.012	0.79908	0.79944			6
2026.04.01	01:37:22.615		0.79937			4
2026.04.01	01:37:22.913	0.79909				2
2026.04.01	01:37:23.515	0.79907	0.79944			6
2026.04.01	01:37:24.115		0.79935			4
2026.04.01	01:37:24.416	0.79905	0.79934			6
2026.04.01	01:37:24.714	0.79907	0.79946			6
2026.04.01	01:37:25.017	0.79911	0.79949			6
2026.04.01	01:37:27.422	0.79935	0.79954			6
2026.04.01	01:37:27.718	0.79915	0.79951			6
2026.04.01	01:37:28.323	0.79914	0.79952			6
2026.04.01	01:37:28.616	0.79916	0.79951			6
2026.04.01	01:37:28.920	0.79914	0.79952			6
2026.04.01	01:37:31.925	0.79909	0.79942			6
2026.04.01	01:37:34.024	0.79905				2
2026.04.01	01:37:34.325		0.79941			4
2026.04.01	01:37:34.624		0.79943			4
2026.04.01	01:37:34.926	0.79907	0.79924			6
2026.04.01	01:37:36.731	0.79905	0.79923			6
2026.04.01	01:37:39.436	0.79906				2
2026.04.01	01:37:42.142	0.79905				2
2026.04.01	01:37:44.845		0.79924			4
2026.04.01	01:37:55.065		0.79922			4
2026.04.01	01:37:56.569		0.79924			4
2026.04.01	01:38:00.180	0.79905				2
2026.04.01	01:38:00.483	0.79904	0.79921			6
2026.04.01	01:38:00.783	0.79902	0.79917			6
2026.04.01	01:38:04.384		0.79919			4
2026.04.01	01:38:04.985		0.79922			4
2026.04.01	01:38:11.295		0.79920			4
2026.04.01	01:38:12.496	0.79900	0.79917			6
2026.04.01	01:38:13.998	0.79899	0.79915			6
2026.04.01	01:38:21.214	0.79897				2
2026.04.01	01:38:23.621		0.79916			4
2026.04.01	01:38:24.222		0.79914			4
2026.04.01	01:38:30.529		0.79913			4
2026.04.01	01:38:31.427	0.79894	0.79911			6
2026.04.01	01:38:41.046	0.79896				2
2026.04.01	01:38:49.151		0.79914			4
2026.04.01	01:38:51.255		0.79913			4
2026.04.01	01:38:51.555	0.79894	0.79911			6
2026.04.01	01:38:54.262		0.79910			4
2026.04.01	01:38:57.265		0.79912			4
2026.04.01	01:39:00.273	0.79894	0.79910			6
2026.04.01	01:39:02.676	0.79900	0.79918			6
2026.04.01	01:39:07.180		0.79917			4
2026.04.01	01:39:08.081		0.79919			4
2026.04.01	01:39:14.690	0.79902	0.79918			6
2026.04.01	01:39:44.144	0.79903	0.79919			6
2026.04.01	01:39:52.552	0.79897	0.79914			6
2026.04.01	01:39:54.957	0.79899	0.79916			6
2026.04.01	01:39:57.361	0.79898				2
2026.04.01	01:40:00.064	0.79899				2
2026.04.01	01:40:01.266	0.79897	0.79915			6
2026.04.01	01:40:02.168	0.79900	0.79916			6
2026.04.01	01:40:03.366		0.79917			4
2026.04.01	01:40:08.175	0.79901				2
2026.04.01	01:40:12.675	0.79902	0.79919			6
2026.04.01	01:40:13.883	0.79901	0.79918			6
2026.04.01	01:40:23.195	0.79900	0.79916			6
2026.04.01	01:40:31.312	0.79899	0.79915			6
2026.04.01	01:41:00.162	0.79899				2
2026.04.01	01:41:05.265	0.79900				2
2026.04.01	01:41:17.585		0.79916			4
2026.04.01	01:41:25.405	0.79904	0.79920			6
2026.04.01	01:41:34.726	0.79906	0.79921			6
2026.04.01	01:41:46.752	0.79904	0.79919			6
2026.04.01	01:41:51.258	0.79903	0.79918			6
2026.04.01	01:41:59.066		0.79921			4
2026.04.01	01:41:59.971	0.79906	0.79922			6
2026.04.01	01:42:00.271	0.79906				2
2026.04.01	01:42:00.572		0.79923			4
2026.04.01	01:42:01.475	0.79903	0.79921			6
2026.04.01	01:42:04.482	0.79908	0.79925			6
2026.04.01	01:42:06.591		0.79926			4
2026.04.01	01:42:08.692		0.79925			4
2026.04.01	01:42:08.995		0.79926			4
2026.04.01	01:42:09.292		0.79925			4
2026.04.01	01:42:10.195		0.79926			4
2026.04.01	01:42:16.203	0.79909				2
2026.04.01	01:42:16.504	0.79908				2
2026.04.01	01:42:19.811		0.79924			4
2026.04.01	01:42:24.017		0.79925			4
2026.04.01	01:42:24.620		0.79924			4
2026.04.01	01:42:25.223		0.79925			4
2026.04.01	01:42:25.523		0.79924			4
2026.04.01	01:42:27.024		0.79925			4
2026.04.01	01:42:28.832	0.79907	0.79924			6
2026.04.01	01:42:29.433		0.79923			4
2026.04.01	01:42:29.737		0.79924			4
2026.04.01	01:42:30.033		0.79923			4
2026.04.01	01:42:30.932		0.79924			4
2026.04.01	01:42:33.041		0.79923			4
2026.04.01	01:42:42.058		0.79924			4
2026.04.01	01:42:53.174		0.79923			4
2026.04.01	01:42:53.771		0.79924			4
2026.04.01	01:42:57.388		0.79923			4
2026.04.01	01:43:00.097	0.79907				2
2026.04.01	01:43:03.708	0.79912	0.79927			6
2026.04.01	01:43:05.508		0.79928			4
2026.04.01	01:43:05.806		0.79927			4
2026.04.01	01:43:07.914	0.79909	0.79925			6
2026.04.01	01:43:08.215		0.79924			4
2026.04.01	01:43:08.515		0.79925			4
2026.04.01	01:43:08.817	0.79908	0.79924			6
2026.04.01	01:43:10.317		0.79923			4
2026.04.01	01:43:11.219	0.79907				2
2026.04.01	01:43:24.144		0.79924			4
2026.04.01	01:43:25.647		0.79923			4
2026.04.01	01:43:26.545	0.79912	0.79927			6
2026.04.01	01:43:28.348	0.79911	0.79926			6
2026.04.01	01:43:52.095		0.79927			4
2026.04.01	01:43:59.017		0.79926			4
2026.04.01	01:43:59.315		0.79927			4
2026.04.01	01:44:00.218	0.79911	0.79926			6
2026.04.01	01:44:03.229	0.79909	0.79925			6
2026.04.01	01:44:03.823		0.79927			4
2026.04.01	01:44:04.425	0.79912	0.79928			6
2026.04.01	01:44:13.748		0.79929			4
2026.04.01	01:44:14.045		0.79930			4
2026.04.01	01:44:14.949		0.79929			4
2026.04.01	01:44:15.253		0.79930			4
2026.04.01	01:44:16.757	0.79915	0.79931			6
2026.04.01	01:44:17.051	0.79914	0.79932			6
2026.04.01	01:44:17.353	0.79915	0.79931			6
2026.04.01	01:44:20.958	0.79914	0.79932			6
2026.04.01	01:44:22.160		0.79931			4
2026.04.01	01:44:23.660		0.79930			4
2026.04.01	01:44:23.966		0.79931			4
2026.04.01	01:44:29.969		0.79930			4
2026.04.01	01:44:31.171		0.79931			4
2026.04.01	01:44:35.376		0.79930			4
2026.04.01	01:44:36.282	0.79913	0.79931			6
2026.04.01	01:44:38.083	0.79914	0.79930			6
2026.04.01	01:44:39.286	0.79913	0.79931			6
2026.04.01	01:44:44.395	0.79914	0.79930			6
2026.04.01	01:44:54.925	0.79913	0.79931			6
2026.04.01	01:44:57.331	0.79916	0.79933			6
2026.04.01	01:45:00.035	0.79916				2
2026.04.01	01:45:02.129		0.79932			4
2026.04.01	01:45:29.926	0.79919	0.79935			6
2026.04.01	01:45:39.377	0.79917	0.79933			6
2026.04.01	01:45:51.473		0.79934			4
2026.04.01	01:45:52.338		0.79933			4
2026.04.01	01:45:52.638		0.79934			4
2026.04.01	01:45:55.978		0.79933			4
2026.04.01	01:45:56.279		0.79934			4
2026.04.01	01:45:56.580		0.79933			4
2026.04.01	01:46:01.006	0.79917				2
2026.04.01	01:46:04.666		0.79934			4
2026.04.01	01:46:07.408		0.79935			4
2026.04.01	01:46:07.918		0.79934			4
2026.04.01	01:46:08.407		0.79935			4
2026.04.01	01:46:09.337		0.79934			4
2026.04.01	01:46:10.658		0.79933			4
2026.04.01	01:46:10.958		0.79934			4
2026.04.01	01:46:11.337		0.79933			4
2026.04.01	01:46:11.638		0.79934			4
2026.04.01	01:46:12.918		0.79935			4
2026.04.01	01:46:13.338		0.79934			4
2026.04.01	01:46:13.918		0.79933			4
2026.04.01	01:46:14.917		0.79934			4
2026.04.01	01:46:15.218		0.79933			4
2026.04.01	01:46:16.407		0.79934			4
2026.04.01	01:46:21.337		0.79932			4
2026.04.01	01:46:21.638		0.79933			4
2026.04.01	01:46:22.357		0.79934			4
2026.04.01	01:46:22.657		0.79933			4
2026.04.01	01:46:23.559		0.79932			4
2026.04.01	01:46:23.859	0.79914	0.79930			6
2026.04.01	01:46:31.411	0.79917	0.79932			6
2026.04.01	01:46:33.407		0.79934			4
2026.04.01	01:46:37.337		0.79933			4
2026.04.01	01:46:38.366		0.79934			4
2026.04.01	01:46:41.407		0.79933			4
2026.04.01	01:46:43.407		0.79932			4
2026.04.01	01:46:43.917		0.79933			4
2026.04.01	01:46:44.217		0.79932			4
2026.04.01	01:46:45.967		0.79933			4
2026.04.01	01:46:46.567		0.79932			4
2026.04.01	01:46:48.669		0.79933			4
2026.04.01	01:46:52.407		0.79934			4
2026.04.01	01:47:00.407	0.79917	0.79933			6
2026.04.01	01:47:00.958		0.79934			4
2026.04.01	01:47:07.917		0.79933			4
2026.04.01	01:47:08.497		0.79934			4
2026.04.01	01:47:09.098		0.79933			4
2026.04.01	01:47:09.398		0.79934			4
2026.04.01	01:47:10.367		0.79933			4
2026.04.01	01:47:11.409		0.79934			4
2026.04.01	01:47:11.918		0.79933			4
2026.04.01	01:47:18.408		0.79934			4
2026.04.01	01:47:20.471		0.79933			4
2026.04.01	01:47:22.861		0.79934			4
2026.04.01	01:47:24.013		0.79933			4
2026.04.01	01:47:24.317		0.79934			4
2026.04.01	01:47:24.618		0.79935			4
2026.04.01	01:47:26.457	0.79918	0.79934			6
2026.04.01	01:47:26.757	0.79916	0.79932			6
2026.04.01	01:47:27.407		0.79933			4
2026.04.01	01:47:28.269		0.79934			4
2026.04.01	01:47:30.070		0.79933			4
2026.04.01	01:47:35.408		0.79932			4
2026.04.01	01:47:36.865	0.79914	0.79930			6
2026.04.01	01:47:37.617		0.79929			4
2026.04.01	01:47:39.407		0.79930			4
2026.04.01	01:47:39.707		0.79929			4
2026.04.01	01:47:47.408		0.79928			4
2026.04.01	01:48:00.296	0.79914				2
2026.04.01	01:48:01.499	0.79913	0.79927			6
2026.04.01	01:48:05.279		0.79928			4
2026.04.01	01:48:09.869	0.79914	0.79929			6
2026.04.01	01:48:36.549	0.79913	0.79927			6
2026.04.01	01:48:40.977	0.79910	0.79924			6
2026.04.01	01:48:43.569	0.79911	0.79925			6
2026.04.01	01:49:00.266	0.79911				2
2026.04.01	01:49:16.058	0.79908	0.79923			6
2026.04.01	01:49:27.232	0.79907	0.79922			6
2026.04.01	01:50:00.323	0.79907				2
2026.04.01	01:50:21.887	0.79908				2
2026.04.01	01:50:22.486	0.79907	0.79913			6
2026.04.01	01:50:22.787	0.79908	0.79922			6
2026.04.01	01:50:23.087	0.79907	0.79913			6
2026.04.01	01:50:23.387	0.79908	0.79922			6
2026.04.01	01:50:23.687	0.79907	0.79913			6
2026.04.01	01:50:23.988	0.79908	0.79922			6
2026.04.01	01:50:24.289	0.79907	0.79913			6
2026.04.01	01:50:24.589	0.79908	0.79922			6
2026.04.01	01:50:24.890	0.79907	0.79913			6
2026.04.01	01:50:25.189	0.79908	0.79922			6
2026.04.01	01:50:25.490	0.79907	0.79913			6
2026.04.01	01:50:26.110		0.79922			4
2026.04.01	01:50:48.055	0.79906	0.79920			6
2026.04.01	01:51:00.252	0.79906				2
2026.04.01	01:51:02.170	0.79910	0.79925			6
2026.04.01	01:51:13.301	0.79911				2
2026.04.01	01:51:27.370	0.79910				2
2026.04.01	01:51:28.117		0.79926			4
2026.04.01	01:52:00.254	0.79910				2
2026.04.01	01:52:01.984		0.79925			4
2026.04.01	01:53:00.969	0.79910				2
2026.04.01	01:53:05.169		0.79925			4
2026.04.01	01:53:31.597	0.79913	0.79928			6
2026.04.01	01:53:55.879	0.79914	0.79929			6
2026.04.01	01:54:00.069	0.79914				2
2026.04.01	01:54:13.869		0.79928			4
2026.04.01	01:54:32.611		0.79929			4
2026.04.01	01:54:42.671	0.79913	0.79928			6
2026.04.01	01:55:02.170	0.79913				2
2026.04.01	01:55:46.624		0.79928			4
2026.04.01	01:55:50.113	0.79914	0.79929			6
2026.04.01	01:55:53.170		0.79928			4
2026.04.01	01:55:58.390	0.79913				2
2026.04.01	01:56:00.974	0.79913				2
2026.04.01	01:56:28.320	0.79914				2
2026.04.01	01:56:29.321	0.79913				2
2026.04.01	01:56:46.454	0.79914	0.79929			6
2026.04.01	01:56:50.125	0.79913	0.79928			6
2026.04.01	01:56:50.423	0.79910	0.79925			6
2026.04.01	01:56:52.458	0.79912	0.79926			6
2026.04.01	01:57:00.971	0.79912				2
2026.04.01	01:57:09.369		0.79927			4
2026.04.01	01:57:43.400	0.79908	0.79922			6
2026.04.01	01:57:45.362	0.79907				2
2026.04.01	01:58:01.089	0.79907				2
2026.04.01	01:58:02.057	0.79908	0.79923			6
2026.04.01	01:58:05.273	0.79907				2
2026.04.01	01:58:05.575		0.79922			4
2026.04.01	01:58:06.857		0.79923			4
2026.04.01	01:58:07.158		0.79922			4
2026.04.01	01:58:09.287		0.79923			4
2026.04.01	01:58:09.587		0.79922			4
2026.04.01	01:58:12.328		0.79923			4
2026.04.01	01:58:14.388		0.79922			4
2026.04.01	01:58:18.129		0.79923			4
2026.04.01	01:58:20.421	0.79909	0.79924			6
2026.04.01	01:58:22.580		0.79925			4
2026.04.01	01:58:30.752		0.79924			4
2026.04.01	01:58:47.085		0.79923			4
2026.04.01	01:58:48.970		0.79924			4
2026.04.01	01:58:51.668		0.79923			4
2026.04.01	01:59:00.397	0.79909				2
2026.04.01	01:59:07.870		0.79922			4
2026.04.01	01:59:22.477	0.79908	0.79921			6
2026.04.01	01:59:23.403	0.79910	0.79922			6
2026.04.01	01:59:25.269		0.79923			4
2026.04.01	01:59:56.470		0.79922			4
2026.04.01	02:00:00.005	0.79910				2
2026.04.01	02:00:00.306		0.79921			4
2026.04.01	02:00:02.442		0.79922			4
2026.04.01	02:00:03.041	0.79908	0.79920			6
2026.04.01	02:00:03.343	0.79907	0.79919			6
2026.04.01	02:00:05.025	0.79903	0.79915			6
2026.04.01	02:00:07.869		0.79916			4
2026.04.01	02:00:08.643	0.79902				2
2026.04.01	02:00:11.170		0.79915			4
2026.04.01	02:00:16.835		0.79916			4
2026.04.01	02:00:18.296	0.79903				2
2026.04.01	02:00:20.173		0.79917			4
2026.04.01	02:00:23.852	0.79904				2
2026.04.01	02:00:31.235	0.79903	0.79916			6
2026.04.01	02:00:40.277		0.79917			4
2026.04.01	02:00:43.111	0.79904				2
2026.04.01	02:00:43.412		0.79918			4
2026.04.01	02:00:45.267		0.79917			4
2026.04.01	02:00:51.069		0.79918			4
2026.04.01	02:00:56.183		0.79917			4
2026.04.01	02:01:01.087	0.79904				2
2026.04.01	02:01:01.870		0.79918			4
2026.04.01	02:01:06.578	0.79908	0.79922			6
2026.04.01	02:01:07.793	0.79909				2
2026.04.01	02:01:09.110		0.79923			4
2026.04.01	02:01:09.410		0.79924			4
2026.04.01	02:01:13.837		0.79923			4
2026.04.01	02:01:21.709	0.79907	0.79920			6
2026.04.01	02:01:25.422		0.79921			4
2026.04.01	02:01:26.849	0.79903	0.79916			6
2026.04.01	02:01:34.031		0.79917			4
2026.04.01	02:01:35.124		0.79916			4
2026.04.01	02:01:42.021		0.79917			4
2026.04.01	02:01:48.416	0.79906	0.79919			6
2026.04.01	02:01:55.373		0.79920			4
2026.04.01	02:01:57.705		0.79919			4
2026.04.01	02:02:00.104	0.79906				2
2026.04.01	02:02:00.405	0.79905	0.79918			6
2026.04.01	02:02:04.142	0.79909	0.79923			6
2026.04.01	02:02:23.877		0.79924			4
2026.04.01	02:02:27.032		0.79923			4
2026.04.01	02:02:50.565	0.79905	0.79918			6
2026.04.01	02:02:53.052	0.79904				2
2026.04.01	02:02:57.953	0.79906	0.79919			6
2026.04.01	02:03:00.143	0.79906				2
2026.04.01	02:03:01.570		0.79920			4
2026.04.01	02:03:05.169		0.79919			4
2026.04.01	02:03:06.070		0.79920			4
2026.04.01	02:03:20.743		0.79921			4
2026.04.01	02:03:21.474		0.79920			4
2026.04.01	02:03:23.571		0.79921			4
2026.04.01	02:03:24.878		0.79920			4
2026.04.01	02:03:40.570	0.79908	0.79922			6
2026.04.01	02:03:46.341	0.79911	0.79925			6
2026.04.01	02:03:47.428	0.79913	0.79927			6
2026.04.01	02:03:48.557	0.79916	0.79930			6
2026.04.01	02:03:49.811		0.79929			4
2026.04.01	02:03:50.111		0.79930			4
2026.04.01	02:03:50.412		0.79929			4
2026.04.01	02:03:52.569	0.79917				2
2026.04.01	02:03:52.870		0.79928			4
2026.04.01	02:03:58.902		0.79931			4
2026.04.01	02:04:00.572	0.79917				2
2026.04.01	02:04:01.475	0.79916	0.79928			6
2026.04.01	02:04:05.618		0.79929			4
2026.04.01	02:04:11.968	0.79917				2
2026.04.01	02:04:28.383	0.79921	0.79924			6
2026.04.01	02:04:30.790	0.79917	0.79929			6
2026.04.01	02:04:33.369		0.79928			4
2026.04.01	02:04:40.432		0.79929			4
2026.04.01	02:04:40.732	0.79921	0.79924			6
2026.04.01	02:04:43.442	0.79917	0.79929			6
2026.04.01	02:04:54.212		0.79928			4
2026.04.01	02:04:56.464	0.79916	0.79927			6
2026.04.01	02:04:57.744		0.79928			4
2026.04.01	02:05:01.571	0.79916	0.79927			6
2026.04.01	02:05:05.526	0.79917	0.79928			6
2026.04.01	02:05:06.943	0.79916				2
2026.04.01	02:05:07.945	0.79915	0.79929			6
2026.04.01	02:05:08.731	0.79916	0.79928			6
2026.04.01	02:05:10.269	0.79915	0.79929			6
2026.04.01	02:05:17.170		0.79930			4
2026.04.01	02:05:18.813	0.79918				2
2026.04.01	02:05:19.714		0.79931			4
2026.04.01	02:05:38.422	0.79916	0.79929			6
2026.04.01	02:05:58.700		0.79928			4
2026.04.01	02:06:00.376	0.79916				2
2026.04.01	02:06:01.731	0.79917				2
2026.04.01	02:06:02.032		0.79927			4
2026.04.01	02:06:03.146		0.79928			4
2026.04.01	02:06:03.681	0.79916				2
2026.04.01	02:06:09.028		0.79926			4
2026.04.01	02:06:10.530	0.79915	0.79925			6
2026.04.01	02:06:17.470		0.79926			4
2026.04.01	02:06:31.569	0.79914				2
2026.04.01	02:06:36.988	0.79911	0.79922			6
2026.04.01	02:06:37.587	0.79910				2
2026.04.01	02:06:38.769		0.79921			4
2026.04.01	02:06:39.876	0.79909				2
2026.04.01	02:06:44.148		0.79922			4
2026.04.01	02:06:48.025		0.79921			4
2026.04.01	02:06:52.787	0.79908	0.79920			6
2026.04.01	02:06:53.469		0.79921			4
2026.04.01	02:06:57.372		0.79920			4
2026.04.01	02:07:00.970	0.79908				2
2026.04.01	02:07:01.973		0.79919			4
2026.04.01	02:07:37.028	0.79905	0.79916			6
2026.04.01	02:07:42.442	0.79902	0.79913			6
2026.04.01	02:08:00.749	0.79902	0.79914			6
2026.04.01	02:08:19.005		0.79913			4
2026.04.01	02:08:21.907	0.79901				2
2026.04.01	02:08:39.543		0.79914			4
2026.04.01	02:08:47.469		0.79913			4
2026.04.01	02:08:54.913	0.79900				2
2026.04.01	02:09:00.369	0.79900				2
2026.04.01	02:09:01.417	0.79902	0.79914			6
2026.04.01	02:09:03.474		0.79915			4
2026.04.01	02:09:14.590	0.79903				2
2026.04.01	02:09:55.269		0.79916			4
2026.04.01	02:10:00.369	0.79903	0.79915			6
2026.04.01	02:10:13.040	0.79899	0.79912			6
2026.04.01	02:10:15.670	0.79900	0.79911			6
2026.04.01	02:10:17.721	0.79898	0.79910			6
2026.04.01	02:10:37.621	0.79897	0.79908			6
2026.04.01	02:10:40.164	0.79896	0.79909			6
2026.04.01	02:10:42.669		0.79910			4
2026.04.01	02:10:59.782	0.79899	0.79911			6
2026.04.01	02:11:00.081	0.79899				2
2026.04.01	02:11:01.080		0.79912			4
2026.04.01	02:11:04.971		0.79911			4
2026.04.01	02:11:37.637	0.79907	0.79918			6
2026.04.01	02:11:44.502	0.79908	0.79920			6
2026.04.01	02:11:48.920	0.79909	0.79921			6
2026.04.01	02:12:05.406	0.79909				2
2026.04.01	02:12:16.064	0.79910	0.79922			6
2026.04.01	02:12:21.364	0.79909				2
2026.04.01	02:12:24.669		0.79921			4
2026.04.01	02:12:35.982	0.79906	0.79919			6
2026.04.01	02:13:01.087	0.79906				2
2026.04.01	02:13:03.758		0.79918			4
2026.04.01	02:13:05.889	0.79907				2
2026.04.01	02:13:15.169	0.79904	0.79915			6
2026.04.01	02:13:44.440	0.79898	0.79910			6
2026.04.01	02:13:49.569		0.79909			4
2026.04.01	02:14:02.420	0.79898				2
2026.04.01	02:14:13.270	0.79897				2
2026.04.01	02:14:50.439		0.79909			4
2026.04.01	02:15:00.004	0.79898	0.79908			6
2026.04.01	02:15:00.605	0.79897				2
2026.04.01	02:15:01.688	0.79899				2
2026.04.01	02:15:03.376	0.79898				2
2026.04.01	02:15:03.862	0.79899	0.79909			6
2026.04.01	02:15:20.265	0.79894	0.79905			6
2026.04.01	02:15:21.344		0.79904			4
2026.04.01	02:15:31.431	0.79888	0.79899			6
2026.04.01	02:15:53.187	0.79887				2
2026.04.01	02:16:00.113	0.79887				2
2026.04.01	02:16:00.413	0.79885	0.79896			6
2026.04.01	02:16:02.191		0.79895			4
2026.04.01	02:16:13.532		0.79894			4
2026.04.01	02:16:15.531	0.79881	0.79892			6
2026.04.01	02:16:26.817	0.79880				2
2026.04.01	02:16:29.996	0.79879	0.79890			6
2026.04.01	02:16:41.097	0.79878	0.79889			6
2026.04.01	02:16:51.383	0.79879				2
2026.04.01	02:16:54.002	0.79876	0.79886			6
2026.04.01	02:17:00.370	0.79876				2
2026.04.01	02:17:13.074	0.79877	0.79887			6
2026.04.01	02:17:37.950	0.79878				2
2026.04.01	02:17:47.916		0.79888			4
2026.04.01	02:18:00.125	0.79878				2
2026.04.01	02:18:01.078	0.79876	0.79885			6
2026.04.01	02:18:02.382	0.79872	0.79883			6
2026.04.01	02:18:11.565	0.79875	0.79885			6
2026.04.01	02:18:16.444	0.79876	0.79886			6
2026.04.01	02:18:23.685	0.79877	0.79887			6
2026.04.01	02:18:24.386	0.79878	0.79888			6
2026.04.01	02:18:25.400	0.79879	0.79889			6
2026.04.01	02:18:35.690	0.79881	0.79892			6
2026.04.01	02:19:00.179	0.79881				2
2026.04.01	02:19:10.037	0.79878	0.79888			6
2026.04.01	02:19:28.402	0.79876	0.79887			6
2026.04.01	02:19:43.089		0.79886			4
2026.04.01	02:19:53.786	0.79878	0.79887			6
2026.04.01	02:20:00.128	0.79878				2
2026.04.01	02:20:04.277	0.79877	0.79886			6
2026.04.01	02:20:19.204	0.79878				2
2026.04.01	02:20:29.184	0.79877				2
2026.04.01	02:20:30.939	0.79878	0.79887			6
2026.04.01	02:20:32.926	0.79876				2
2026.04.01	02:20:33.596	0.79877				2
2026.04.01	02:20:37.934	0.79878	0.79888			6
2026.04.01	02:20:39.152	0.79877	0.79887			6
2026.04.01	02:20:39.454	0.79878	0.79888			6
2026.04.01	02:20:42.713	0.79877	0.79887			6
2026.04.01	02:20:43.869		0.79888			4
2026.04.01	02:20:57.164	0.79879				2
2026.04.01	02:21:01.179	0.79879				2
2026.04.01	02:21:01.479	0.79878				2
2026.04.01	02:21:43.858		0.79887			4
2026.04.01	02:21:44.158		0.79888			4
2026.04.01	02:21:51.618	0.79876	0.79887			6
2026.04.01	02:21:51.919		0.79885			4
2026.04.01	02:22:00.285	0.79876				2
2026.04.01	02:22:01.788		0.79886			4
2026.04.01	02:22:10.794		0.79885			4
2026.04.01	02:22:28.411	0.79873	0.79884			6
2026.04.01	02:22:30.587		0.79883			4
2026.04.01	02:22:31.310	0.79872	0.79882			6
2026.04.01	02:22:34.739	0.79874	0.79884			6
2026.04.01	02:22:44.045	0.79876	0.79886			6
2026.04.01	02:22:44.346	0.79881	0.79890			6
2026.04.01	02:22:45.832	0.79880				2
2026.04.01	02:23:00.126	0.79880				2
2026.04.01	02:23:07.720	0.79881				2
2026.04.01	02:23:44.184	0.79879	0.79889			6
2026.04.01	02:23:44.484	0.79878				2
2026.04.01	02:23:46.290		0.79888			4
2026.04.01	02:23:47.369		0.79889			4
2026.04.01	02:23:54.348		0.79888			4
2026.04.01	02:24:00.362	0.79878				2
2026.04.01	02:24:00.663	0.79877	0.79886			6
2026.04.01	02:24:00.963	0.79878				2
2026.04.01	02:24:04.010	0.79876	0.79885			6
2026.04.01	02:24:13.743	0.79875				2
2026.04.01	02:24:18.755	0.79874	0.79883			6
2026.04.01	02:24:26.331	0.79873				2
2026.04.01	02:24:33.273	0.79870	0.79878			6
2026.04.01	02:24:33.573	0.79869				2
2026.04.01	02:24:34.303	0.79870	0.79879			6
2026.04.01	02:24:38.412	0.79869				2
2026.04.01	02:24:38.713	0.79868	0.79878			6
2026.04.01	02:24:40.590	0.79869				2
2026.04.01	02:24:43.499	0.79866	0.79875			6
2026.04.01	02:24:45.842	0.79867				2
2026.04.01	02:24:49.217		0.79876			4
2026.04.01	02:24:50.162	0.79868				2
2026.04.01	02:24:52.650	0.79867				2
2026.04.01	02:24:53.948	0.79868				2
2026.04.01	02:24:54.248	0.79867				2
2026.04.01	02:24:54.605	0.79868				2
2026.04.01	02:24:54.905	0.79867				2
2026.04.01	02:24:58.587	0.79868				2
2026.04.01	02:24:59.196	0.79867				2
2026.04.01	02:25:00.217	0.79867				2
2026.04.01	02:25:00.817	0.79868				2
2026.04.01	02:25:01.118		0.79877			4
2026.04.01	02:25:01.418	0.79867				2
2026.04.01	02:25:02.678		0.79876			4
2026.04.01	02:25:04.546	0.79868				2
2026.04.01	02:25:07.571	0.79869				2
2026.04.01	02:25:09.957	0.79868				2
2026.04.01	02:25:15.676	0.79869				2
2026.04.01	02:25:18.600		0.79877			4
2026.04.01	02:25:20.701		0.79876			4
2026.04.01	02:25:27.672	0.79865	0.79875			6
2026.04.01	02:25:28.117	0.79866				2
2026.04.01	02:25:30.420	0.79868	0.79877			6
2026.04.01	02:25:31.009	0.79872				2
2026.04.01	02:25:31.611	0.79868	0.79874			6
2026.04.01	02:25:31.911	0.79872	0.79877			6
2026.04.01	02:25:32.211	0.79868	0.79876			6
2026.04.01	02:25:32.511	0.79872	0.79877			6
2026.04.01	02:25:32.812	0.79865	0.79872			6
2026.04.01	02:25:33.113	0.79871	0.79875			6
2026.04.01	02:25:33.478	0.79866	0.79874			6
2026.04.01	02:25:33.783	0.79871	0.79875			6
2026.04.01	02:25:34.082	0.79872	0.79876			6
2026.04.01	02:25:34.383	0.79866	0.79873			6
2026.04.01	02:25:34.682	0.79869	0.79875			6
2026.04.01	02:25:34.983	0.79866	0.79873			6
2026.04.01	02:25:35.286		0.79875			4
2026.04.01	02:25:36.226	0.79864	0.79872			6
2026.04.01	02:25:37.492	0.79863				2
2026.04.01	02:25:38.665	0.79858	0.79867			6
2026.04.01	02:25:41.537	0.79856	0.79865			6
2026.04.01	02:25:42.167		0.79864			4
2026.04.01	02:25:44.257	0.79852	0.79861			6
2026.04.01	02:25:44.857	0.79853				2
2026.04.01	02:25:47.592		0.79860			4
2026.04.01	02:25:49.918	0.79852				2
2026.04.01	02:25:50.221	0.79853				2
2026.04.01	02:25:55.069	0.79852				2
2026.04.01	02:25:59.453	0.79855	0.79861			6
2026.04.01	02:26:00.054	0.79855	0.79860			6
2026.04.01	02:26:02.655		0.79859			4
2026.04.01	02:26:02.955		0.79861			4
2026.04.01	02:26:05.110	0.79854				2
2026.04.01	02:26:05.410	0.79855				2
2026.04.01	02:26:11.379	0.79857	0.79862			6
2026.04.01	02:26:11.679	0.79856				2
2026.04.01	02:26:14.868	0.79857				2
2026.04.01	02:26:15.667	0.79856				2
2026.04.01	02:26:18.076	0.79855				2
2026.04.01	02:26:26.462	0.79856				2
2026.04.01	02:26:32.831	0.79855				2
2026.04.01	02:26:35.440	0.79857				2
2026.04.01	02:26:35.741	0.79855				2
2026.04.01	02:26:41.769	0.79854				2
2026.04.01	02:26:47.423	0.79855				2
2026.04.01	02:26:47.795	0.79856				2
2026.04.01	02:26:52.799	0.79855				2
2026.04.01	02:26:56.152	0.79856				2
2026.04.01	02:26:58.232	0.79854				2
2026.04.01	02:26:58.532	0.79856	0.79863			6
2026.04.01	02:27:00.167	0.79856				2
2026.04.01	02:27:00.468	0.79857				2
2026.04.01	02:27:04.995	0.79856	0.79864			6
2026.04.01	02:27:05.296		0.79863			4
2026.04.01	02:27:10.446	0.79855				2
2026.04.01	02:27:10.745	0.79851	0.79857			6
2026.04.01	02:27:11.346	0.79852				2
2026.04.01	02:27:11.646	0.79851				2
2026.04.01	02:27:15.813	0.79850				2
2026.04.01	02:27:19.063	0.79848				2
2026.04.01	02:27:20.646	0.79851				2
2026.04.01	02:27:25.544	0.79852	0.79858			6
2026.04.01	02:27:27.803	0.79853	0.79860			6
2026.04.01	02:27:31.749	0.79858	0.79863			6
2026.04.01	02:27:32.770	0.79857				2
2026.04.01	02:27:33.075	0.79856				2
2026.04.01	02:27:33.844	0.79854				2
2026.04.01	02:27:37.639	0.79859	0.79864			6
2026.04.01	02:27:39.076	0.79858				2
2026.04.01	02:27:39.866	0.79859				2
2026.04.01	02:27:45.671		0.79865			4
2026.04.01	02:27:45.971	0.79861	0.79866			6
2026.04.01	02:27:48.127	0.79860				2
2026.04.01	02:27:48.761	0.79861				2
2026.04.01	02:27:56.160	0.79860				2
2026.04.01	02:28:00.360	0.79860				2
2026.04.01	02:28:03.603	0.79854	0.79864			6
2026.04.01	02:28:07.062		0.79863			4
2026.04.01	02:28:09.373	0.79860	0.79865			6
2026.04.01	02:28:14.649	0.79859				2
2026.04.01	02:28:16.705		0.79866			4
2026.04.01	02:28:27.670	0.79860				2
2026.04.01	02:28:37.070	0.79861				2
2026.04.01	02:28:37.369	0.79860				2
2026.04.01	02:28:37.671	0.79859	0.79864			6
2026.04.01	02:28:43.194	0.79860	0.79865			6
2026.04.01	02:28:47.606	0.79859				2
2026.04.01	02:28:47.907	0.79860				2
2026.04.01	02:28:49.791	0.79861				2
2026.04.01	02:28:55.883	0.79860				2
2026.04.01	02:28:56.184	0.79857	0.79863			6
2026.04.01	02:28:56.484	0.79856				2
2026.04.01	02:28:58.263	0.79857				2
2026.04.01	02:28:58.563	0.79859				2
2026.04.01	02:29:00.091	0.79859				2
2026.04.01	02:29:01.337	0.79860	0.79864			6
2026.04.01	02:29:02.247	0.79856	0.79863			6
2026.04.01	02:29:02.549	0.79858				2
2026.04.01	02:29:02.848	0.79859				2
2026.04.01	02:29:03.635	0.79858				2
2026.04.01	02:29:03.935	0.79859				2
2026.04.01	02:29:09.119	0.79860	0.79865			6
2026.04.01	02:29:10.369	0.79859	0.79863			6
2026.04.01	02:29:10.668	0.79856				2
2026.04.01	02:29:12.704		0.79864			4
2026.04.01	02:29:13.003	0.79857				2
2026.04.01	02:29:13.390	0.79856				2
2026.04.01	02:29:13.691	0.79861	0.79865			6
2026.04.01	02:29:16.101	0.79860				2
2026.04.01	02:29:29.196	0.79857	0.79864			6
2026.04.01	02:29:31.651	0.79856				2
2026.04.01	02:29:33.382		0.79863			4
2026.04.01	02:29:38.772	0.79857				2
2026.04.01	02:29:42.200	0.79856				2
2026.04.01	02:29:50.312	0.79859	0.79865			6
2026.04.01	02:30:00.166	0.79859				2
2026.04.01	02:30:01.068	0.79860				2
2026.04.01	02:30:12.405		0.79866			4
2026.04.01	02:30:12.899	0.79859				2
2026.04.01	02:30:13.500	0.79860				2
2026.04.01	02:30:14.531		0.79868			4
2026.04.01	02:30:15.188	0.79862	0.79869			6
2026.04.01	02:30:23.836	0.79861	0.79868			6
2026.04.01	02:30:28.427		0.79867			4
2026.04.01	02:30:33.970	0.79860				2
2026.04.01	02:30:37.766	0.79861	0.79868			6
2026.04.01	02:30:38.613	0.79860				2
2026.04.01	02:30:38.913	0.79858	0.79864			6
2026.04.01	02:30:40.880	0.79857				2
2026.04.01	02:30:41.588	0.79859	0.79865			6
2026.04.01	02:30:42.809	0.79860	0.79866			6
2026.04.01	02:30:43.411	0.79861	0.79867			6
2026.04.01	02:30:50.270	0.79862				2
2026.04.01	02:30:50.870	0.79861				2
2026.04.01	02:30:51.172		0.79866			4
2026.04.01	02:30:52.080	0.79860				2
2026.04.01	02:31:00.139	0.79860				2
2026.04.01	02:31:00.439	0.79856	0.79863			6
2026.04.01	02:31:00.739	0.79858				2
2026.04.01	02:31:01.040		0.79864			4
2026.04.01	02:31:01.340	0.79856	0.79863			6
2026.04.01	02:31:02.765	0.79857				2
2026.04.01	02:31:03.666	0.79858				2
2026.04.01	02:31:05.976	0.79855	0.79860			6
2026.04.01	02:31:08.366	0.79854				2
2026.04.01	02:31:11.280	0.79856	0.79862			6
