<DATE>	<TIME>	<BID>	<ASK>	<LAST>	<VOLUME>	<FLAGS>
2026.03.30	00:03:30.949	0.79522	0.79798			6
2026.03.30	00:04:00.142	0.79522				2
2026.03.30	00:04:31.178		0.79798			4
2026.03.30	00:05:00.085	0.79522				2
2026.03.30	00:05:01.885	0.79554	0.79830			6
2026.03.30	00:05:03.092	0.79522	0.79798			6
2026.03.30	00:06:00.236	0.79522				2
2026.03.30	00:06:02.948	0.79520	0.79796			6
2026.03.30	00:06:09.271	0.79797	0.79954			6
2026.03.30	00:06:11.683	0.79522	0.79798			6
2026.03.30	00:06:23.420	0.79732	0.79958			6
2026.03.30	00:06:41.193	0.79753	0.80017			6
2026.03.30	00:06:47.447		0.80015			4
2026.03.30	00:06:49.032	0.79752	0.80008			6
2026.03.30	00:06:51.087		0.80006			4
2026.03.30	00:06:59.057		0.79951			4
2026.03.30	00:06:59.357	0.79751				2
2026.03.30	00:07:01.087	0.79751				2
2026.03.30	00:07:11.865	0.79754				2
2026.03.30	00:07:27.584	0.79777				2
2026.03.30	00:07:29.065	0.79757				2
2026.03.30	00:07:29.368	0.79777				2
2026.03.30	00:07:35.299	0.79780				2
2026.03.30	00:07:39.064	0.79757				2
2026.03.30	00:07:39.364	0.79781				2
2026.03.30	00:07:49.066	0.79757				2
2026.03.30	00:07:49.367	0.79781				2
2026.03.30	00:07:59.066	0.79757	0.79951			6
2026.03.30	00:07:59.366	0.79782				2
2026.03.30	00:08:01.087	0.79782				2
2026.03.30	00:08:02.125	0.79522	0.79798			6
2026.03.30	00:08:03.025	0.79540	0.79816			6
2026.03.30	00:08:03.927		0.79951			4
2026.03.30	00:08:04.528	0.79525				2
2026.03.30	00:08:05.428	0.79540				2
2026.03.30	00:08:06.028	0.79526				2
2026.03.30	00:08:06.931	0.79525				2
2026.03.30	00:08:07.231	0.79526				2
2026.03.30	00:08:07.531	0.79525				2
2026.03.30	00:08:08.134	0.79526				2
2026.03.30	00:08:08.437	0.79525				2
2026.03.30	00:08:09.039	0.79526				2
2026.03.30	00:08:10.849	0.79525				2
2026.03.30	00:08:11.453	0.79526				2
2026.03.30	00:08:12.053	0.79525				2
2026.03.30	00:08:12.655	0.79526				2
2026.03.30	00:08:13.258	0.79525				2
2026.03.30	00:08:13.864	0.79526				2
2026.03.30	00:08:14.166	0.79525				2
2026.03.30	00:08:14.467	0.79526				2
2026.03.30	00:08:14.770	0.79525				2
2026.03.30	00:08:15.371	0.79526				2
2026.03.30	00:08:15.974	0.79525				2
2026.03.30	00:08:16.576	0.79526				2
2026.03.30	00:08:17.177	0.79525				2
2026.03.30	00:08:17.781	0.79526				2
2026.03.30	00:08:18.082	0.79524				2
2026.03.30	00:08:19.286	0.79528				2
2026.03.30	00:08:31.926	0.79524				2
2026.03.30	00:08:56.935	0.79489				2
2026.03.30	00:09:01.087	0.79489				2
2026.03.30	00:09:19.073	0.79546	0.79951			6
2026.03.30	00:09:32.853	0.79518				2
2026.03.30	00:09:41.335	0.79531				2
2026.03.30	00:09:41.636	0.79528				2
2026.03.30	00:09:46.347	0.79550				2
2026.03.30	00:09:49.276	0.79552				2
2026.03.30	00:10:00.280	0.79552				2
2026.03.30	00:10:01.306	0.79504				2
2026.03.30	00:10:01.606	0.79528	0.79804			6
2026.03.30	00:10:01.908	0.79454	0.79951			6
2026.03.30	00:10:09.370	0.79496				2
2026.03.30	00:10:16.812	0.79509				2
2026.03.30	00:10:17.112	0.79538				2
2026.03.30	00:10:23.107	0.79547				2
2026.03.30	00:10:36.970	0.79523				2
2026.03.30	00:10:43.571	0.79561				2
2026.03.30	00:10:44.770	0.79509				2
2026.03.30	00:10:49.140	0.79528				2
2026.03.30	00:10:49.441	0.79530				2
2026.03.30	00:10:56.171	0.79538				2
2026.03.30	00:11:00.369	0.79538				2
2026.03.30	00:11:03.070		0.79951			4
2026.03.30	00:11:09.971	0.79511				2
2026.03.30	00:11:20.936	0.79586				2
2026.03.30	00:11:21.235	0.79579				2
2026.03.30	00:11:21.660	0.79586				2
2026.03.30	00:11:23.288	0.79576				2
2026.03.30	00:11:45.493	0.79548				2
2026.03.30	00:11:49.147	0.79546				2
2026.03.30	00:11:49.459	0.79563				2
2026.03.30	00:11:49.759	0.79530				2
2026.03.30	00:11:54.580	0.79539				2
2026.03.30	00:12:00.369	0.79539				2
2026.03.30	00:12:03.369		0.79951			4
2026.03.30	00:12:05.652	0.79732	0.79901			6
2026.03.30	00:12:06.855		0.79995			4
2026.03.30	00:12:07.157	0.79714				2
2026.03.30	00:12:07.458	0.79792				2
2026.03.30	00:12:08.118	0.79542	0.79818			6
2026.03.30	00:12:11.426	0.79486	0.79762			6
2026.03.30	00:12:12.628	0.79542	0.79818			6
2026.03.30	00:12:31.898	0.79540	0.79816			6
2026.03.30	00:12:33.404	0.79511	0.79951			6
2026.03.30	00:12:48.852	0.79490				2
2026.03.30	00:12:49.163	0.79528				2
2026.03.30	00:13:00.070	0.79528				2
2026.03.30	00:13:03.070	0.79504				2
2026.03.30	00:13:20.169	0.79498				2
2026.03.30	00:13:30.069	0.79496				2
2026.03.30	00:13:33.612		0.79951			4
2026.03.30	00:14:00.369	0.79496				2
2026.03.30	00:14:15.109	0.79576				2
2026.03.30	00:14:15.410	0.79572				2
2026.03.30	00:14:28.852	0.79540				2
2026.03.30	00:14:29.152	0.79579				2
2026.03.30	00:14:34.522	0.79564	0.79945			6
2026.03.30	00:14:42.970	0.79532	0.79946			6
2026.03.30	00:14:45.412	0.79561	0.79951			6
2026.03.30	00:14:49.270	0.79555				2
2026.03.30	00:14:54.071	0.79541				2
2026.03.30	00:15:00.004	0.79541				2
2026.03.30	00:15:01.217	0.79518				2
2026.03.30	00:15:04.570	0.79503				2
2026.03.30	00:15:09.121	0.79541				2
2026.03.30	00:15:09.421	0.79518				2
2026.03.30	00:15:16.727	0.79515				2
2026.03.30	00:15:17.028	0.79488				2
2026.03.30	00:15:17.687	0.79470				2
2026.03.30	00:15:19.125	0.79506				2
2026.03.30	00:15:19.426	0.79487				2
2026.03.30	00:15:29.132	0.79512				2
2026.03.30	00:15:29.433	0.79489				2
2026.03.30	00:15:33.366	0.79514				2
2026.03.30	00:15:39.127	0.79492				2
2026.03.30	00:15:39.428	0.79477				2
2026.03.30	00:15:42.711	0.79526				2
2026.03.30	00:15:43.011	0.79521				2
2026.03.30	00:15:43.312	0.79500				2
2026.03.30	00:15:45.674		0.79951			4
2026.03.30	00:15:49.077	0.79487				2
2026.03.30	00:15:49.377	0.79513				2
2026.03.30	00:15:49.680	0.79510				2
2026.03.30	00:15:59.077	0.79511				2
2026.03.30	00:15:59.377	0.79537				2
2026.03.30	00:15:59.681	0.79515				2
2026.03.30	00:16:00.369	0.79515				2
2026.03.30	00:16:07.955	0.79530	0.79806			6
2026.03.30	00:16:08.255	0.79515	0.79951			6
2026.03.30	00:16:08.860	0.79512				2
2026.03.30	00:16:19.270	0.79538				2
2026.03.30	00:16:19.584	0.79517				2
2026.03.30	00:16:29.169	0.79558				2
2026.03.30	00:16:29.469	0.79540				2
2026.03.30	00:16:29.769	0.79518				2
2026.03.30	00:16:39.385	0.79541				2
2026.03.30	00:16:39.686	0.79520				2
2026.03.30	00:16:49.085	0.79519				2
2026.03.30	00:16:49.385	0.79543				2
2026.03.30	00:16:49.691	0.79522				2
2026.03.30	00:16:59.173	0.79544				2
2026.03.30	00:16:59.777	0.79523				2
2026.03.30	00:17:00.077	0.79523				2
2026.03.30	00:17:08.769		0.79951			4
2026.03.30	00:17:09.087	0.79522				2
2026.03.30	00:17:09.390	0.79546				2
2026.03.30	00:17:09.690	0.79524				2
2026.03.30	00:17:19.090	0.79523				2
2026.03.30	00:17:19.392	0.79547				2
2026.03.30	00:17:19.692	0.79525				2
2026.03.30	00:17:29.170	0.79567				2
2026.03.30	00:17:29.470	0.79548				2
2026.03.30	00:17:29.773	0.79527				2
2026.03.30	00:17:39.092	0.79526				2
2026.03.30	00:17:39.397	0.79550				2
2026.03.30	00:17:39.696	0.79528				2
2026.03.30	00:17:49.269	0.79551				2
2026.03.30	00:17:49.870	0.79530				2
2026.03.30	00:17:56.334	0.79528				2
2026.03.30	00:18:00.669	0.79528				2
2026.03.30	00:18:03.357	0.79509				2
2026.03.30	00:18:03.969	0.79543				2
2026.03.30	00:18:09.145	0.79566	0.79951			6
2026.03.30	00:18:09.446	0.79533				2
2026.03.30	00:18:09.755	0.79548				2
2026.03.30	00:18:19.148	0.79572				2
2026.03.30	00:18:19.448	0.79538				2
2026.03.30	00:18:29.098	0.79534				2
2026.03.30	00:18:29.398	0.79558				2
2026.03.30	00:18:29.700	0.79536				2
2026.03.30	00:18:39.370	0.79559				2
2026.03.30	00:18:39.670	0.79537				2
2026.03.30	00:18:44.269	0.79464				2
2026.03.30	00:18:46.649	0.79462				2
2026.03.30	00:18:47.770	0.79464				2
2026.03.30	00:19:00.969	0.79464				2
2026.03.30	00:19:05.982	0.79494	0.79770			6
2026.03.30	00:19:06.888	0.79496	0.79772			6
2026.03.30	00:19:17.423	0.79462	0.79951			6
2026.03.30	00:19:27.649	0.79453				2
2026.03.30	00:19:27.950		0.79916			4
2026.03.30	00:20:00.669	0.79453				2
2026.03.30	00:20:11.470	0.79476				2
2026.03.30	00:20:19.806	0.79488				2
2026.03.30	00:20:22.869		0.79901			4
2026.03.30	00:20:36.968	0.79423				2
2026.03.30	00:20:42.970	0.79508	0.79784			6
2026.03.30	00:20:43.270	0.79500	0.79776			6
2026.03.30	00:21:00.124	0.79500				2
2026.03.30	00:21:43.163	0.79504	0.79780			6
2026.03.30	00:22:00.004	0.79504				2
2026.03.30	00:22:06.319	0.79484	0.79760			6
2026.03.30	00:22:11.729	0.79500	0.79776			6
2026.03.30	00:23:00.218	0.79500				2
2026.03.30	00:23:11.644	0.79504	0.79780			6
2026.03.30	00:24:00.091	0.79504				2
2026.03.30	00:24:11.824	0.79506	0.79782			6
2026.03.30	00:25:00.244	0.79506				2
2026.03.30	00:25:11.977		0.79782			4
2026.03.30	00:25:40.849	0.79507	0.79783			6
2026.03.30	00:25:42.658	0.79508	0.79784			6
2026.03.30	00:25:46.874	0.79506	0.79782			6
2026.03.30	00:25:47.174	0.79516	0.79792			6
2026.03.30	00:25:47.475	0.79500	0.79776			6
2026.03.30	00:25:47.778	0.79510	0.79786			6
2026.03.30	00:25:48.980	0.79500	0.79776			6
2026.03.30	00:25:49.281	0.79510	0.79786			6
2026.03.30	00:25:50.487	0.79500	0.79776			6
2026.03.30	00:25:51.088	0.79510	0.79786			6
2026.03.30	00:25:51.691	0.79500	0.79776			6
2026.03.30	00:25:51.991	0.79510	0.79786			6
2026.03.30	00:25:53.499	0.79500	0.79776			6
2026.03.30	00:25:54.102	0.79510	0.79786			6
2026.03.30	00:25:56.811	0.79504	0.79780			6
2026.03.30	00:25:57.411	0.79510	0.79786			6
2026.03.30	00:25:58.913	0.79504	0.79780			6
2026.03.30	00:25:59.213	0.79510	0.79786			6
2026.03.30	00:25:59.513	0.79503	0.79779			6
2026.03.30	00:25:59.816	0.79510	0.79786			6
2026.03.30	00:26:00.115	0.79510				2
2026.03.30	00:26:03.123	0.79502	0.79778			6
2026.03.30	00:26:03.424	0.79510	0.79786			6
2026.03.30	00:26:03.724	0.79502	0.79778			6
2026.03.30	00:26:04.024	0.79510	0.79786			6
2026.03.30	00:26:05.226	0.79502	0.79778			6
2026.03.30	00:26:05.527	0.79510	0.79786			6
2026.03.30	00:26:08.531	0.79502	0.79778			6
2026.03.30	00:26:08.832	0.79510	0.79786			6
2026.03.30	00:26:09.432	0.79504	0.79780			6
2026.03.30	00:26:09.732	0.79510	0.79786			6
2026.03.30	00:26:12.741	0.79502	0.79778			6
2026.03.30	00:26:13.042	0.79510	0.79786			6
2026.03.30	00:26:14.844	0.79502	0.79778			6
2026.03.30	00:26:15.145	0.79510	0.79786			6
2026.03.30	00:26:16.957	0.79502	0.79778			6
2026.03.30	00:26:17.860	0.79504	0.79780			6
2026.03.30	00:26:18.160	0.79510	0.79786			6
2026.03.30	00:26:24.187	0.79500	0.79776			6
2026.03.30	00:26:24.487	0.79510	0.79786			6
2026.03.30	00:26:25.391	0.79501	0.79777			6
2026.03.30	00:26:25.692	0.79510	0.79786			6
2026.03.30	00:26:25.993	0.79501	0.79777			6
2026.03.30	00:26:26.294	0.79510	0.79786			6
2026.03.30	00:26:27.202	0.79501	0.79777			6
2026.03.30	00:26:27.504	0.79510	0.79786			6
2026.03.30	00:26:29.309	0.79501	0.79777			6
2026.03.30	00:26:29.610	0.79510	0.79786			6
2026.03.30	00:26:30.815	0.79501	0.79777			6
2026.03.30	00:26:31.117	0.79510	0.79786			6
2026.03.30	00:26:31.718	0.79498	0.79774			6
2026.03.30	00:27:00.028	0.79498				2
2026.03.30	00:27:31.629	0.79499	0.79775			6
2026.03.30	00:27:32.831	0.79498	0.79774			6
2026.03.30	00:27:34.334	0.79499	0.79775			6
2026.03.30	00:27:41.577	0.79502	0.79778			6
2026.03.30	00:27:49.713	0.79501	0.79777			6
2026.03.30	00:27:50.014	0.79500	0.79776			6
2026.03.30	00:27:57.527	0.79492	0.79768			6
2026.03.30	00:28:00.235	0.79492				2
2026.03.30	00:28:21.304	0.79520	0.79796			6
2026.03.30	00:28:22.808	0.79522	0.79798			6
2026.03.30	00:28:27.920	0.79621	0.79890			6
2026.03.30	00:28:28.220	0.79662	0.79931			6
2026.03.30	00:28:32.427	0.79702	0.79968			6
2026.03.30	00:28:32.728	0.79711				2
2026.03.30	00:28:37.175	0.79702	0.79969			6
2026.03.30	00:28:44.588	0.79710	0.79944			6
2026.03.30	00:28:44.887	0.79708	0.79966			6
2026.03.30	00:29:00.669	0.79708				2
2026.03.30	00:29:31.170	0.79695	0.79965			6
2026.03.30	00:30:00.141	0.79696	0.79964			6
2026.03.30	00:30:06.157		0.79951			4
2026.03.30	00:30:13.394	0.79698				2
2026.03.30	00:30:19.711	0.79707	0.79911			6
2026.03.30	00:30:26.987	0.79715	0.79913			6
2026.03.30	00:30:27.288	0.79718	0.79912			6
2026.03.30	00:30:31.510	0.79698	0.79951			6
2026.03.30	00:30:37.804	0.79752				2
2026.03.30	00:30:45.901	0.79750				2
2026.03.30	00:30:49.270	0.79752				2
2026.03.30	00:30:57.974		0.79966			4
2026.03.30	00:30:59.471	0.79766	0.79961			6
2026.03.30	00:31:00.055	0.79754	0.79962			6
2026.03.30	00:31:02.993	0.79758	0.79969			6
2026.03.30	00:31:03.297	0.79763				2
2026.03.30	00:31:06.718	0.79760				2
2026.03.30	00:31:07.020	0.79774				2
2026.03.30	00:31:07.517	0.79765	0.79962			6
2026.03.30	00:31:49.870	0.79759	0.79961			6
2026.03.30	00:31:52.981	0.79760				2
2026.03.30	00:31:55.390		0.79963			4
2026.03.30	00:31:59.652		0.79962			4
2026.03.30	00:32:01.270	0.79760				2
2026.03.30	00:32:26.852		0.79961			4
2026.03.30	00:32:44.170	0.79761	0.79926			6
2026.03.30	00:32:46.790	0.79760	0.79962			6
2026.03.30	00:33:00.071	0.79760				2
2026.03.30	00:33:09.062	0.79808				2
2026.03.30	00:33:09.363	0.79831	0.79951			6
2026.03.30	00:33:18.548	0.79837	0.79950			6
2026.03.30	00:33:19.482	0.79838	0.79953			6
2026.03.30	00:33:23.477		0.79950			4
2026.03.30	00:33:23.778	0.79824	0.79949			6
2026.03.30	00:33:27.070	0.79790	0.79959			6
2026.03.30	00:33:27.370		0.79953			4
2026.03.30	00:34:00.069	0.79790				2
2026.03.30	00:34:03.971	0.79860	0.79954			6
2026.03.30	00:34:08.169	0.79799	0.79962			6
2026.03.30	00:34:08.472		0.79956			4
2026.03.30	00:34:14.170		0.79953			4
2026.03.30	00:35:00.970	0.79799				2
2026.03.30	00:35:13.928		0.79956			4
2026.03.30	00:35:15.652		0.79952			4
2026.03.30	00:35:15.957		0.79951			4
2026.03.30	00:35:16.719		0.79956			4
2026.03.30	00:35:17.019		0.79953			4
2026.03.30	00:35:17.843		0.79951			4
2026.03.30	00:35:18.144		0.79945			4
2026.03.30	00:35:23.531		0.79950			4
2026.03.30	00:35:58.271	0.79795				2
2026.03.30	00:36:00.969	0.79795				2
2026.03.30	00:36:17.327		0.79949			4
2026.03.30	00:36:23.470		0.79951			4
2026.03.30	00:36:39.301		0.79950			4
2026.03.30	00:36:39.601		0.79957			4
2026.03.30	00:36:45.088		0.79961			4
2026.03.30	00:36:49.303		0.79960			4
2026.03.30	00:36:52.388		0.79964			4
2026.03.30	00:36:53.015	0.79786	0.79961			6
2026.03.30	00:36:53.387		0.79960			4
2026.03.30	00:36:59.607		0.79959			4
2026.03.30	00:37:00.370	0.79786				2
2026.03.30	00:37:21.508		0.79956			4
2026.03.30	00:37:42.698		0.79959			4
2026.03.30	00:37:46.520		0.79957			4
2026.03.30	00:37:47.698		0.79955			4
2026.03.30	00:37:48.298	0.79785				2
2026.03.30	00:37:48.697		0.79957			4
2026.03.30	00:37:50.087		0.79955			4
2026.03.30	00:38:00.370	0.79785				2
2026.03.30	00:38:12.970		0.79957			4
2026.03.30	00:38:13.270		0.79955			4
2026.03.30	00:38:14.697		0.79957			4
2026.03.30	00:38:15.047		0.79955			4
2026.03.30	00:38:15.348		0.79957			4
2026.03.30	00:38:15.697		0.79955			4
2026.03.30	00:38:20.087		0.79952			4
2026.03.30	00:38:21.216		0.79954			4
2026.03.30	00:38:43.017	0.79789				2
2026.03.30	00:39:00.669	0.79789				2
2026.03.30	00:39:21.370		0.79953			4
2026.03.30	00:39:26.937		0.79954			4
2026.03.30	00:39:38.019	0.79783				2
2026.03.30	00:40:00.734	0.79783				2
2026.03.30	00:40:06.852		0.79953			4
2026.03.30	00:40:21.216		0.79956			4
2026.03.30	00:40:44.469		0.79948			4
2026.03.30	00:41:00.391	0.79783				2
2026.03.30	00:41:23.710		0.79949			4
2026.03.30	00:41:28.021	0.79782				2
2026.03.30	00:41:44.437		0.79951			4
2026.03.30	00:42:03.069	0.79782				2
2026.03.30	00:42:09.078		0.79952			4
2026.03.30	00:42:09.384		0.79956			4
2026.03.30	00:42:19.234		0.79955			4
2026.03.30	00:42:23.169	0.79792				2
2026.03.30	00:42:23.782		0.79953			4
2026.03.30	00:42:25.330		0.79954			4
2026.03.30	00:42:28.477		0.79953			4
2026.03.30	00:42:28.777		0.79959			4
2026.03.30	00:42:31.330		0.79956			4
2026.03.30	00:42:32.231		0.79954			4
2026.03.30	00:42:32.531		0.79953			4
2026.03.30	00:42:33.481		0.79949			4
2026.03.30	00:42:40.615		0.79944			4
2026.03.30	00:42:40.916		0.79952			4
2026.03.30	00:42:50.411		0.79963			4
2026.03.30	00:42:54.577		0.79952			4
2026.03.30	00:42:57.861		0.79944			4
2026.03.30	00:42:59.359		0.79952			4
2026.03.30	00:42:59.660		0.79944			4
2026.03.30	00:43:00.670	0.79792				2
2026.03.30	00:43:09.357		0.79953			4
2026.03.30	00:43:09.659		0.79944			4
2026.03.30	00:43:18.023	0.79784				2
2026.03.30	00:43:19.670		0.79951			4
2026.03.30	00:43:42.287		0.79950			4
2026.03.30	00:44:00.969	0.79784				2
2026.03.30	00:44:13.270	0.79783				2
2026.03.30	00:44:14.853		0.79949			4
2026.03.30	00:44:15.153		0.79955			4
2026.03.30	00:44:23.698		0.79953			4
2026.03.30	00:44:33.331		0.79952			4
2026.03.30	00:44:39.673		0.79941			4
2026.03.30	00:45:00.670	0.79783				2
2026.03.30	00:45:02.179	0.79730				2
2026.03.30	00:45:02.491	0.79711	0.79909			6
2026.03.30	00:45:03.091	0.79710	0.79908			6
2026.03.30	00:45:04.902	0.79783	0.79941			6
2026.03.30	00:45:08.025	0.79786				2
2026.03.30	00:45:14.931		0.79946			4
2026.03.30	00:45:18.790		0.79947			4
2026.03.30	00:45:21.329		0.79948			4
2026.03.30	00:45:23.469		0.79949			4
2026.03.30	00:45:23.770		0.79952			4
2026.03.30	00:45:25.329		0.79953			4
2026.03.30	00:46:00.236	0.79786				2
2026.03.30	00:46:03.244	0.79782				2
2026.03.30	00:46:04.148		0.79957			4
2026.03.30	00:46:07.877		0.79945			4
2026.03.30	00:46:58.027	0.79787				2
2026.03.30	00:47:02.183	0.79666				2
2026.03.30	00:47:02.483	0.79655	0.79923			6
2026.03.30	00:47:04.290	0.79787	0.79945			6
2026.03.30	00:47:07.793		0.79946			4
2026.03.30	00:47:19.793		0.79962			4
2026.03.30	00:47:29.399		0.79961			4
2026.03.30	00:47:29.704		0.79958			4
2026.03.30	00:47:53.028	0.79784				2
2026.03.30	00:48:00.670	0.79784				2
2026.03.30	00:48:01.851		0.79954			4
2026.03.30	00:48:29.470		0.79959			4
2026.03.30	00:48:39.412		0.79958			4
2026.03.30	00:48:48.030	0.79782	0.79957			6
2026.03.30	00:48:49.711		0.79954			4
2026.03.30	00:49:00.369	0.79782				2
2026.03.30	00:49:16.852		0.79953			4
2026.03.30	00:49:43.031	0.79792				2
2026.03.30	00:49:55.852		0.79952			4
2026.03.30	00:50:00.399	0.79792				2
2026.03.30	00:50:21.368		0.79959			4
2026.03.30	00:50:22.853	0.79804	0.79951			6
2026.03.30	00:50:42.828	0.79789	0.79956			6
2026.03.30	00:51:00.970	0.79789				2
2026.03.30	00:51:08.771		0.79957			4
2026.03.30	00:51:09.071	0.79779	0.79951			6
2026.03.30	00:51:14.576	0.79790	0.79957			6
2026.03.30	00:51:14.876	0.79780	0.79951			6
2026.03.30	00:52:00.969	0.79780				2
2026.03.30	00:52:16.270		0.79951			4
2026.03.30	00:52:25.686	0.79791				2
2026.03.30	00:52:31.088	0.79792				2
2026.03.30	00:52:41.834	0.79815	0.79952			6
2026.03.30	00:52:46.441	0.79803				2
2026.03.30	00:53:00.070	0.79803				2
2026.03.30	00:53:09.591		0.79951			4
2026.03.30	00:53:09.891		0.79955			4
2026.03.30	00:53:41.343	0.79808	0.79957			6
2026.03.30	00:54:00.070	0.79808				2
2026.03.30	00:54:04.366		0.79954			4
2026.03.30	00:54:06.073		0.79953			4
2026.03.30	00:54:06.374		0.79956			4
2026.03.30	00:54:07.422		0.79957			4
2026.03.30	00:54:18.054	0.79787	0.79960			6
2026.03.30	00:54:38.852		0.79958			4
2026.03.30	00:54:50.769		0.79951			4
2026.03.30	00:55:00.069	0.79787				2
2026.03.30	00:55:09.055	0.79770	0.79958			6
2026.03.30	00:55:09.355	0.79787	0.79951			6
2026.03.30	00:55:14.414	0.79800	0.79958			6
2026.03.30	00:56:00.127	0.79800				2
2026.03.30	00:56:05.236	0.79802				2
2026.03.30	00:56:14.548		0.79958			4
2026.03.30	00:56:14.850		0.79956			4
2026.03.30	00:57:00.276	0.79807				2
2026.03.30	00:57:04.491		0.79954			4
2026.03.30	00:57:05.696		0.79953			4
2026.03.30	00:57:29.756		0.79955			4
2026.03.30	00:57:45.419		0.79956			4
2026.03.30	00:57:55.028		0.79955			4
2026.03.30	00:57:55.328	0.79805				2
2026.03.30	00:58:00.135	0.79805				2
2026.03.30	00:58:40.470		0.79957			4
2026.03.30	00:58:42.276		0.79952			4
2026.03.30	00:58:50.105	0.79806	0.79951			6
2026.03.30	00:59:00.030	0.79806				2
2026.03.30	00:59:06.332	0.79825	0.79959			6
2026.03.30	00:59:25.875	0.79815	0.79957			6
2026.03.30	00:59:27.684	0.79829				2
2026.03.30	00:59:27.983	0.79825				2
2026.03.30	00:59:28.289	0.79827	0.79951			6
2026.03.30	00:59:28.590	0.79826	0.79952			6
2026.03.30	00:59:29.490	0.79825	0.79959			6
2026.03.30	00:59:30.393	0.79824				2
2026.03.30	00:59:51.132	0.79804				2
2026.03.30	01:00:00.152	0.79748	0.79954			6
2026.03.30	01:00:00.456	0.79786				2
2026.03.30	01:00:00.755	0.79785				2
2026.03.30	01:00:01.056	0.79804				2
2026.03.30	01:00:01.356	0.79818	0.79982			6
2026.03.30	01:00:01.654		0.79954			4
2026.03.30	01:00:02.257		0.79984			4
2026.03.30	01:00:02.560	0.79750	0.79932			6
2026.03.30	01:00:02.856	0.79752	0.79934			6
2026.03.30	01:00:03.456	0.79798	0.79980			6
2026.03.30	01:00:04.363	0.79806	0.79988			6
2026.03.30	01:00:04.956	0.79840	0.79984			6
2026.03.30	01:00:05.557		0.79986			4
2026.03.30	01:00:05.858		0.79985			4
2026.03.30	01:00:07.662		0.79991			4
2026.03.30	01:00:08.863		0.79984			4
2026.03.30	01:00:09.166		0.79982			4
2026.03.30	01:00:12.770		0.79994			4
2026.03.30	01:00:17.270		0.79990			4
2026.03.30	01:00:21.777		0.79991			4
2026.03.30	01:00:27.789	0.79854	0.79993			6
2026.03.30	01:00:29.289	0.79856	0.79992			6
2026.03.30	01:00:29.591	0.79857	0.79990			6
2026.03.30	01:00:30.491	0.79851	0.79989			6
2026.03.30	01:00:39.799	0.79849	0.79988			6
2026.03.30	01:00:46.703	0.79857	0.79989			6
2026.03.30	01:00:53.612	0.79850	0.79983			6
2026.03.30	01:00:53.911	0.79848				2
2026.03.30	01:00:57.517	0.79850				2
2026.03.30	01:00:57.814	0.79849				2
2026.03.30	01:00:59.015	0.79875	0.79991			6
2026.03.30	01:00:59.313		0.79990			4
2026.03.30	01:01:00.222	0.79875	0.79988			6
2026.03.30	01:01:00.520	0.79874	0.79991			6
2026.03.30	01:01:00.820	0.79880	0.79994			6
2026.03.30	01:01:01.420		0.79993			4
2026.03.30	01:01:02.921		0.79994			4
2026.03.30	01:01:03.220	0.79887				2
2026.03.30	01:01:04.426	0.79895				2
2026.03.30	01:01:05.321	0.79887				2
2026.03.30	01:01:05.923	0.79886				2
2026.03.30	01:01:08.025	0.79895	0.79985			6
2026.03.30	01:01:09.529	0.79899	0.79991			6
2026.03.30	01:01:09.824	0.79903				2
2026.03.30	01:01:10.131	0.79899	0.79988			6
2026.03.30	01:01:10.429	0.79895	0.79985			6
2026.03.30	01:01:19.134	0.79900				2
2026.03.30	01:01:20.335	0.79903				2
2026.03.30	01:01:31.147	0.79904				2
2026.03.30	01:01:54.283	0.79908				2
2026.03.30	01:02:00.294	0.79908				2
2026.03.30	01:02:01.496	0.79914	0.79994			6
2026.03.30	01:02:01.796	0.79917				2
2026.03.30	01:02:04.199	0.79914				2
2026.03.30	01:02:04.497	0.79917				2
2026.03.30	01:02:05.700	0.79911	0.79991			6
2026.03.30	01:02:06.301		0.79988			4
2026.03.30	01:02:06.601	0.79908				2
2026.03.30	01:02:07.202	0.79899	0.79981			6
2026.03.30	01:02:07.500		0.79982			4
2026.03.30	01:02:08.702	0.79902				2
2026.03.30	01:02:09.604	0.79896				2
2026.03.30	01:02:10.208		0.79979			4
2026.03.30	01:02:10.504		0.79980			4
2026.03.30	01:02:11.408		0.79981			4
2026.03.30	01:02:12.008	0.79883	0.79965			6
2026.03.30	01:02:12.307	0.79886				2
2026.03.30	01:02:12.907		0.79954			4
2026.03.30	01:02:15.009		0.79960			4
2026.03.30	01:02:15.908	0.79888				2
2026.03.30	01:02:16.808	0.79900				2
2026.03.30	01:02:17.707	0.79892	0.79963			6
2026.03.30	01:02:22.214		0.79958			4
2026.03.30	01:02:23.415		0.79964			4
2026.03.30	01:02:26.419	0.79878				2
2026.03.30	01:02:28.822	0.79881				2
2026.03.30	01:02:32.124		0.79965			4
2026.03.30	01:02:38.429	0.79893				2
2026.03.30	01:02:45.341		0.79964			4
2026.03.30	01:02:46.842		0.79965			4
2026.03.30	01:02:49.547	0.79892				2
2026.03.30	01:02:50.448	0.79878				2
2026.03.30	01:02:53.453		0.79962			4
2026.03.30	01:02:56.759		0.79965			4
2026.03.30	01:03:00.070	0.79878				2
2026.03.30	01:03:00.366		0.79963			4
2026.03.30	01:03:07.576		0.79961			4
2026.03.30	01:03:07.878		0.79963			4
2026.03.30	01:03:10.277	0.79881				2
2026.03.30	01:03:10.580	0.79880				2
2026.03.30	01:03:10.879		0.79960			4
2026.03.30	01:03:11.179		0.79959			4
2026.03.30	01:03:12.083		0.79962			4
2026.03.30	01:03:12.386	0.79892				2
2026.03.30	01:03:15.986	0.79904				2
2026.03.30	01:03:16.285	0.79905				2
2026.03.30	01:03:17.786		0.79963			4
2026.03.30	01:03:18.384		0.79960			4
2026.03.30	01:03:19.286		0.79962			4
2026.03.30	01:03:27.397		0.79961			4
2026.03.30	01:03:29.503		0.79959			4
2026.03.30	01:03:30.108		0.79961			4
2026.03.30	01:03:32.506		0.79960			4
2026.03.30	01:03:39.714		0.79959			4
2026.03.30	01:03:46.619	0.79906				2
2026.03.30	01:03:46.921	0.79905				2
2026.03.30	01:03:48.126		0.79958			4
2026.03.30	01:03:48.426		0.79959			4
2026.03.30	01:03:48.724	0.79910	0.79957			6
2026.03.30	01:03:50.525	0.79913				2
2026.03.30	01:03:51.124	0.79916				2
2026.03.30	01:03:57.432	0.79921				2
2026.03.30	01:03:57.731	0.79919	0.79956			6
2026.03.30	01:03:58.932	0.79921				2
2026.03.30	01:03:59.231	0.79918	0.79955			6
2026.03.30	01:04:00.130	0.79918				2
2026.03.30	01:04:00.436	0.79910	0.79962			6
2026.03.30	01:04:00.732		0.79957			4
2026.03.30	01:04:01.031		0.79956			4
2026.03.30	01:04:01.929		0.79959			4
2026.03.30	01:04:02.230	0.79914				2
2026.03.30	01:04:03.432	0.79918				2
2026.03.30	01:04:03.730		0.79955			4
2026.03.30	01:04:04.332	0.79913				2
2026.03.30	01:04:05.232	0.79908				2
2026.03.30	01:04:05.833	0.79913				2
2026.03.30	01:04:06.731	0.79908				2
2026.03.30	01:04:08.234	0.79913				2
2026.03.30	01:04:12.137		0.79952			4
2026.03.30	01:04:13.939		0.79951			4
2026.03.30	01:04:17.242		0.79949			4
2026.03.30	01:04:22.047		0.79946			4
2026.03.30	01:04:24.156		0.79948			4
2026.03.30	01:04:25.359		0.79955			4
2026.03.30	01:04:26.263		0.79956			4
2026.03.30	01:04:27.160		0.79961			4
2026.03.30	01:04:27.763		0.79962			4
2026.03.30	01:04:28.067		0.79961			4
2026.03.30	01:04:28.368		0.79977			4
2026.03.30	01:04:28.663	0.79916	0.79974			6
2026.03.30	01:04:28.965	0.79907				2
2026.03.30	01:04:29.266	0.79911	0.79972			6
2026.03.30	01:04:30.470		0.79971			4
2026.03.30	01:04:30.768		0.79972			4
2026.03.30	01:04:32.867	0.79917				2
2026.03.30	01:04:33.465	0.79919				2
2026.03.30	01:04:39.473	0.79920	0.79974			6
2026.03.30	01:04:39.776	0.79917	0.79971			6
2026.03.30	01:04:40.973		0.79970			4
2026.03.30	01:04:42.780		0.79969			4
2026.03.30	01:04:45.180	0.79921	0.79970			6
2026.03.30	01:04:45.780	0.79918				2
2026.03.30	01:04:46.383	0.79917				2
2026.03.30	01:04:47.586	0.79916				2
2026.03.30	01:04:51.191		0.79969			4
2026.03.30	01:04:51.489	0.79919	0.79967			6
2026.03.30	01:04:52.090	0.79913	0.79968			6
2026.03.30	01:04:52.692	0.79914	0.79969			6
2026.03.30	01:04:53.591	0.79921				2
2026.03.30	01:04:54.493		0.79970			4
2026.03.30	01:04:56.595	0.79920				2
2026.03.30	01:04:56.897		0.79969			4
2026.03.30	01:04:58.398		0.79968			4
2026.03.30	01:04:58.999	0.79919				2
2026.03.30	01:04:59.601		0.79970			4
2026.03.30	01:04:59.901		0.79969			4
2026.03.30	01:05:00.204	0.79917	0.79964			6
2026.03.30	01:05:00.509	0.79919	0.79965			6
2026.03.30	01:05:02.301	0.79915	0.79962			6
2026.03.30	01:05:02.908	0.79912	0.79964			6
2026.03.30	01:05:03.204	0.79911	0.79965			6
2026.03.30	01:05:03.503		0.79966			4
2026.03.30	01:05:05.309	0.79920	0.79967			6
2026.03.30	01:05:05.610	0.79919				2
2026.03.30	01:05:09.508		0.79973			4
2026.03.30	01:05:10.710	0.79928	0.79974			6
2026.03.30	01:05:13.419	0.79931	0.79975			6
2026.03.30	01:05:14.620		0.79976			4
2026.03.30	01:05:15.224		0.79975			4
2026.03.30	01:05:15.522	0.79928				2
2026.03.30	01:05:16.125		0.79974			4
2026.03.30	01:05:20.630	0.79927	0.79975			6
2026.03.30	01:05:26.035	0.79928				2
2026.03.30	01:05:26.635	0.79929	0.79976			6
2026.03.30	01:05:28.137	0.79938				2
2026.03.30	01:05:28.438		0.79973			4
2026.03.30	01:05:34.138		0.79974			4
2026.03.30	01:05:35.337	0.79937	0.79977			6
2026.03.30	01:05:38.648		0.79973			4
2026.03.30	01:05:38.948	0.79935	0.79977			6
2026.03.30	01:05:39.545	0.79936				2
2026.03.30	01:05:42.852		0.79976			4
2026.03.30	01:05:46.464	0.79937				2
2026.03.30	01:05:47.366	0.79938	0.79977			6
2026.03.30	01:05:47.662	0.79939				2
2026.03.30	01:05:47.965	0.79938	0.79973			6
2026.03.30	01:05:56.073		0.79975			4
2026.03.30	01:05:57.276		0.79973			4
2026.03.30	01:05:58.476	0.79939	0.79974			6
2026.03.30	01:05:58.779		0.79972			4
2026.03.30	01:06:00.284	0.79938	0.79974			6
2026.03.30	01:06:00.580	0.79940	0.79972			6
2026.03.30	01:06:00.880	0.79941	0.79967			6
2026.03.30	01:06:01.481	0.79940				2
2026.03.30	01:06:06.289		0.79969			4
2026.03.30	01:06:06.890		0.79975			4
2026.03.30	01:06:08.688	0.79939	0.79968			6
2026.03.30	01:06:09.893	0.79937				2
2026.03.30	01:06:11.696	0.79929				2
2026.03.30	01:06:11.997	0.79938				2
2026.03.30	01:06:12.895	0.79944	0.79967			6
2026.03.30	01:06:13.496	0.79938	0.79973			6
2026.03.30	01:06:13.798	0.79937	0.79974			6
2026.03.30	01:06:14.099	0.79938				2
2026.03.30	01:06:14.399	0.79937	0.79973			6
2026.03.30	01:06:14.699	0.79932				2
2026.03.30	01:06:16.805	0.79936	0.79971			6
2026.03.30	01:06:18.003		0.79972			4
2026.03.30	01:06:18.603	0.79931				2
2026.03.30	01:06:25.208	0.79932	0.79973			6
2026.03.30	01:06:25.510	0.79931				2
2026.03.30	01:06:29.115		0.79974			4
2026.03.30	01:06:30.015		0.79976			4
2026.03.30	01:06:30.314	0.79932	0.79975			6
2026.03.30	01:06:31.515		0.79974			4
2026.03.30	01:06:32.117	0.79934				2
2026.03.30	01:06:32.419	0.79939				2
2026.03.30	01:06:33.018	0.79934				2
2026.03.30	01:06:34.226	0.79936	0.79975			6
2026.03.30	01:06:34.527	0.79938	0.79979			6
2026.03.30	01:06:34.822	0.79939	0.79976			6
2026.03.30	01:06:35.126	0.79942	0.79978			6
2026.03.30	01:06:35.425		0.79977			4
2026.03.30	01:06:35.721	0.79940				2
2026.03.30	01:06:36.322	0.79941				2
2026.03.30	01:06:41.123		0.79976			4
2026.03.30	01:06:41.427	0.79942				2
2026.03.30	01:06:41.726	0.79943	0.79978			6
2026.03.30	01:06:42.023	0.79942	0.79979			6
2026.03.30	01:06:42.327		0.79980			4
2026.03.30	01:06:42.927	0.79945	0.79977			6
2026.03.30	01:06:45.625	0.79944				2
2026.03.30	01:06:46.227	0.79941				2
2026.03.30	01:06:48.927		0.79976			4
2026.03.30	01:06:49.529	0.79939	0.79975			6
2026.03.30	01:06:50.430	0.79943				2
2026.03.30	01:06:50.730	0.79942	0.79977			6
2026.03.30	01:06:51.331	0.79943				2
2026.03.30	01:06:52.231	0.79945				2
2026.03.30	01:06:53.131	0.79942	0.79976			6
2026.03.30	01:06:53.431		0.79977			4
2026.03.30	01:06:54.336	0.79937	0.79976			6
2026.03.30	01:06:55.235	0.79938				2
2026.03.30	01:07:00.043	0.79938				2
2026.03.30	01:07:00.340	0.79935				2
2026.03.30	01:07:00.942	0.79938				2
2026.03.30	01:07:01.240	0.79940				2
2026.03.30	01:07:06.047		0.79982			4
2026.03.30	01:07:08.756		0.79984			4
2026.03.30	01:07:09.955		0.79982			4
2026.03.30	01:07:13.865		0.79984			4
2026.03.30	01:07:18.363		0.79982			4
2026.03.30	01:07:18.663		0.79983			4
2026.03.30	01:07:20.164	0.79945	0.79984			6
2026.03.30	01:07:20.765		0.79986			4
2026.03.30	01:07:21.064		0.79985			4
2026.03.30	01:07:21.365		0.79984			4
2026.03.30	01:07:24.970		0.79983			4
2026.03.30	01:07:25.870		0.79981			4
2026.03.30	01:07:27.975		0.79983			4
2026.03.30	01:07:28.873		0.79981			4
2026.03.30	01:07:29.772		0.79983			4
2026.03.30	01:07:32.780		0.79981			4
2026.03.30	01:07:33.982	0.79944				2
2026.03.30	01:07:34.582	0.79935	0.79987			6
2026.03.30	01:07:34.885	0.79936				2
2026.03.30	01:07:35.183	0.79935				2
2026.03.30	01:07:39.688		0.79977			4
2026.03.30	01:07:41.787		0.79981			4
2026.03.30	01:07:43.891		0.79987			4
2026.03.30	01:07:50.504		0.79984			4
2026.03.30	01:07:50.805		0.79987			4
2026.03.30	01:07:55.607		0.79985			4
2026.03.30	01:07:55.913		0.79984			4
2026.03.30	01:07:56.511	0.79946				2
2026.03.30	01:08:00.111	0.79946				2
2026.03.30	01:08:01.616		0.79985			4
2026.03.30	01:08:06.424		0.79984			4
2026.03.30	01:08:12.126		0.79983			4
2026.03.30	01:08:15.729	0.79944	0.79982			6
2026.03.30	01:08:20.239		0.79981			4
2026.03.30	01:08:21.737		0.79983			4
2026.03.30	01:08:22.941		0.79982			4
2026.03.30	01:08:25.347	0.79928				2
2026.03.30	01:08:26.849	0.79930				2
2026.03.30	01:08:27.151		0.79983			4
2026.03.30	01:08:29.555		0.79982			4
2026.03.30	01:08:31.659	0.79919				2
2026.03.30	01:08:31.958	0.79916				2
2026.03.30	01:08:35.264		0.79981			4
2026.03.30	01:08:37.974		0.79982			4
2026.03.30	01:08:39.777	0.79917	0.79981			6
2026.03.30	01:08:40.076	0.79918				2
2026.03.30	01:08:40.984		0.79982			4
2026.03.30	01:08:46.690		0.79983			4
2026.03.30	01:08:48.192		0.79982			4
2026.03.30	01:08:49.091	0.79919	0.79983			6
2026.03.30	01:08:49.391	0.79921				2
2026.03.30	01:08:50.293	0.79917				2
2026.03.30	01:08:51.494	0.79919				2
2026.03.30	01:08:53.299	0.79921				2
2026.03.30	01:08:53.600		0.79982			4
2026.03.30	01:08:54.202	0.79919				2
2026.03.30	01:08:57.208	0.79918				2
2026.03.30	01:08:59.910	0.79928	0.79984			6
2026.03.30	01:09:00.212	0.79926				2
2026.03.30	01:09:00.510		0.79985			4
2026.03.30	01:09:01.111	0.79927	0.79986			6
2026.03.30	01:09:01.412	0.79923	0.79983			6
2026.03.30	01:09:02.014	0.79917	0.79984			6
2026.03.30	01:09:02.314	0.79923	0.79983			6
2026.03.30	01:09:02.613	0.79918				2
2026.03.30	01:09:02.915	0.79923	0.79984			6
2026.03.30	01:09:03.211	0.79922	0.79982			6
2026.03.30	01:09:03.515	0.79921	0.79981			6
2026.03.30	01:09:03.812	0.79923	0.79984			6
2026.03.30	01:09:04.115	0.79922				2
2026.03.30	01:09:05.615	0.79923				2
2026.03.30	01:09:05.915		0.79981			4
2026.03.30	01:09:06.511	0.79910	0.79982			6
2026.03.30	01:09:07.714		0.79981			4
2026.03.30	01:09:08.012		0.79982			4
2026.03.30	01:09:08.314		0.79981			4
2026.03.30	01:09:09.214	0.79928				2
2026.03.30	01:09:11.920	0.79910	0.79982			6
2026.03.30	01:09:12.220		0.79981			4
2026.03.30	01:09:12.824	0.79902				2
2026.03.30	01:09:13.423	0.79928	0.79980			6
2026.03.30	01:09:20.328	0.79935	0.79981			6
2026.03.30	01:09:24.827		0.79980			4
2026.03.30	01:09:30.233		0.79981			4
2026.03.30	01:09:32.637	0.79934	0.79982			6
2026.03.30	01:09:35.036		0.79981			4
2026.03.30	01:09:35.337		0.79980			4
2026.03.30	01:09:38.340		0.79981			4
2026.03.30	01:09:38.940		0.79982			4
2026.03.30	01:09:41.642		0.79981			4
2026.03.30	01:09:41.945		0.79980			4
2026.03.30	01:09:44.645		0.79981			4
2026.03.30	01:09:45.545		0.79980			4
2026.03.30	01:09:52.454		0.79981			4
2026.03.30	01:09:53.056		0.79980			4
2026.03.30	01:09:53.655		0.79982			4
2026.03.30	01:09:54.858		0.79980			4
2026.03.30	01:10:00.271	0.79922				2
2026.03.30	01:10:00.867		0.79981			4
2026.03.30	01:10:10.782		0.79980			4
2026.03.30	01:10:11.685	0.79921				2
2026.03.30	01:10:13.788		0.79981			4
2026.03.30	01:10:14.986		0.79980			4
2026.03.30	01:10:15.288		0.79981			4
2026.03.30	01:10:15.890		0.79980			4
2026.03.30	01:10:21.596		0.79981			4
2026.03.30	01:10:21.896		0.79982			4
2026.03.30	01:10:24.897		0.79981			4
2026.03.30	01:10:41.127	0.79924				2
2026.03.30	01:11:00.036	0.79924				2
2026.03.30	01:11:00.337	0.79926				2
2026.03.30	01:11:01.842	0.79925				2
2026.03.30	01:11:06.343	0.79923				2
2026.03.30	01:11:24.968		0.79981			4
2026.03.30	01:11:26.169	0.79919				2
2026.03.30	01:11:43.294	0.79934	0.79977			6
2026.03.30	01:11:43.594		0.79980			4
2026.03.30	01:11:44.499	0.79935	0.79978			6
2026.03.30	01:11:45.397		0.79979			4
2026.03.30	01:11:46.599		0.79980			4
2026.03.30	01:11:47.201		0.79979			4
2026.03.30	01:11:49.006		0.79978			4
2026.03.30	01:11:50.509		0.79979			4
2026.03.30	01:11:51.704		0.79978			4
2026.03.30	01:11:53.807		0.79977			4
2026.03.30	01:11:55.010		0.79976			4
2026.03.30	01:11:55.610		0.79977			4
2026.03.30	01:11:57.417		0.79978			4
2026.03.30	01:11:57.717		0.79977			4
2026.03.30	01:11:58.915		0.79976			4
2026.03.30	01:11:59.515		0.79975			4
2026.03.30	01:11:59.817		0.79976			4
2026.03.30	01:12:00.118	0.79935				2
2026.03.30	01:12:00.419	0.79937	0.79978			6
2026.03.30	01:12:01.022		0.79977			4
2026.03.30	01:12:01.621		0.79978			4
2026.03.30	01:12:02.522		0.79975			4
2026.03.30	01:12:02.824	0.79938	0.79972			6
2026.03.30	01:12:03.123		0.79971			4
2026.03.30	01:12:03.420	0.79936				2
2026.03.30	01:12:04.320	0.79937				2
2026.03.30	01:12:04.622	0.79935	0.79972			6
2026.03.30	01:12:04.920		0.79973			4
2026.03.30	01:12:05.822		0.79972			4
2026.03.30	01:12:06.126	0.79934				2
2026.03.30	01:12:08.228	0.79935	0.79969			6
2026.03.30	01:12:08.526		0.79970			4
2026.03.30	01:12:08.824	0.79930	0.79968			6
2026.03.30	01:12:09.125	0.79933				2
2026.03.30	01:12:10.926		0.79966			4
2026.03.30	01:12:13.027		0.79965			4
2026.03.30	01:12:13.630	0.79932	0.79966			6
2026.03.30	01:12:15.431		0.79967			4
2026.03.30	01:12:16.634	0.79929	0.79966			6
2026.03.30	01:12:17.835	0.79928				2
2026.03.30	01:12:19.035		0.79967			4
2026.03.30	01:12:20.540		0.79966			4
2026.03.30	01:12:22.039	0.79930	0.79965			6
2026.03.30	01:12:26.241		0.79966			4
2026.03.30	01:12:29.849		0.79965			4
2026.03.30	01:12:30.448	0.79927	0.79961			6
2026.03.30	01:12:31.653		0.79959			4
2026.03.30	01:12:31.953	0.79925	0.79961			6
2026.03.30	01:12:32.551	0.79924	0.79960			6
2026.03.30	01:12:32.852		0.79959			4
2026.03.30	01:12:34.352		0.79962			4
2026.03.30	01:12:35.554		0.79960			4
2026.03.30	01:12:35.851		0.79961			4
2026.03.30	01:12:36.452		0.79962			4
2026.03.30	01:12:37.656	0.79926				2
2026.03.30	01:12:37.958	0.79925				2
2026.03.30	01:12:38.856		0.79961			4
2026.03.30	01:12:39.159		0.79962			4
2026.03.30	01:12:39.457	0.79926	0.79963			6
2026.03.30	01:12:40.059	0.79927				2
2026.03.30	01:12:42.459		0.79962			4
2026.03.30	01:12:42.756	0.79928	0.79964			6
2026.03.30	01:12:44.257	0.79929	0.79963			6
2026.03.30	01:12:45.760		0.79962			4
2026.03.30	01:12:46.067		0.79963			4
2026.03.30	01:12:46.667	0.79930	0.79965			6
2026.03.30	01:12:46.967	0.79935	0.79974			6
2026.03.30	01:12:48.466		0.79975			4
2026.03.30	01:12:52.073		0.79973			4
2026.03.30	01:12:59.886	0.79931	0.79976			6
2026.03.30	01:13:00.187	0.79932				2
2026.03.30	01:13:00.486	0.79933				2
2026.03.30	01:13:13.717	0.79934				2
2026.03.30	01:13:18.225	0.79933				2
2026.03.30	01:13:20.326		0.79975			4
2026.03.30	01:13:21.824	0.79937				2
2026.03.30	01:13:23.029	0.79934	0.79974			6
2026.03.30	01:13:23.331	0.79933	0.79972			6
2026.03.30	01:13:23.628		0.79973			4
2026.03.30	01:13:24.833		0.79972			4
2026.03.30	01:13:25.133	0.79932	0.79969			6
2026.03.30	01:13:25.431	0.79931				2
2026.03.30	01:13:25.728	0.79932	0.79968			6
2026.03.30	01:13:26.337	0.79939	0.79976			6
2026.03.30	01:13:26.631	0.79938	0.79977			6
2026.03.30	01:13:26.930		0.79976			4
2026.03.30	01:13:29.934	0.79944				2
2026.03.30	01:13:30.535	0.79945				2
2026.03.30	01:13:30.837	0.79934				2
2026.03.30	01:13:31.436	0.79941				2
2026.03.30	01:13:32.338	0.79935				2
2026.03.30	01:13:32.939	0.79945				2
2026.03.30	01:13:33.243	0.79934				2
2026.03.30	01:13:33.841	0.79940				2
2026.03.30	01:13:41.656	0.79939	0.79979			6
2026.03.30	01:13:41.955	0.79942				2
2026.03.30	01:13:48.266		0.79978			4
2026.03.30	01:13:48.562	0.79940	0.79974			6
2026.03.30	01:13:48.861	0.79938				2
2026.03.30	01:13:49.163	0.79936	0.79975			6
2026.03.30	01:13:49.759	0.79940				2
2026.03.30	01:13:50.965		0.79977			4
2026.03.30	01:13:51.863		0.79976			4
2026.03.30	01:13:52.466		0.79974			4
2026.03.30	01:13:54.567		0.79975			4
2026.03.30	01:13:54.865		0.79976			4
2026.03.30	01:14:00.277	0.79940				2
2026.03.30	01:14:02.979		0.79975			4
2026.03.30	01:14:03.285	0.79939	0.79976			6
2026.03.30	01:14:03.579		0.79974			4
2026.03.30	01:14:04.783		0.79975			4
2026.03.30	01:14:05.088	0.79938				2
2026.03.30	01:14:05.380		0.79974			4
2026.03.30	01:14:06.583	0.79934	0.79972			6
2026.03.30	01:14:08.982		0.79971			4
2026.03.30	01:14:11.089		0.79970			4
2026.03.30	01:14:11.687	0.79935	0.79969			6
2026.03.30	01:14:13.791		0.79970			4
2026.03.30	01:14:14.395	0.79933	0.79967			6
2026.03.30	01:14:15.598		0.79966			4
2026.03.30	01:14:15.899	0.79932				2
2026.03.30	01:14:16.500	0.79933	0.79974			6
2026.03.30	01:14:25.207	0.79935				2
2026.03.30	01:14:25.808		0.79973			4
2026.03.30	01:14:33.019	0.79933	0.79972			6
2026.03.30	01:14:35.720		0.79971			4
2026.03.30	01:14:41.428	0.79934				2
2026.03.30	01:14:42.628	0.79933				2
2026.03.30	01:14:42.928	0.79934	0.79970			6
2026.03.30	01:14:43.224	0.79933	0.79971			6
2026.03.30	01:14:48.028	0.79927	0.79963			6
2026.03.30	01:14:48.633	0.79926				2
2026.03.30	01:14:48.930	0.79927	0.79962			6
2026.03.30	01:14:49.235	0.79929				2
2026.03.30	01:14:49.832	0.79928				2
2026.03.30	01:14:51.933		0.79961			4
2026.03.30	01:14:52.233		0.79962			4
2026.03.30	01:14:54.334	0.79927				2
2026.03.30	01:14:54.635	0.79928				2
2026.03.30	01:14:55.538		0.79963			4
2026.03.30	01:14:57.640	0.79929				2
2026.03.30	01:14:59.438		0.79962			4
2026.03.30	01:15:00.043	0.79929				2
2026.03.30	01:15:00.643	0.79922				2
2026.03.30	01:15:01.240	0.79921				2
2026.03.30	01:15:01.545	0.79920	0.79967			6
2026.03.30	01:15:01.843	0.79921	0.79968			6
2026.03.30	01:15:03.340		0.79967			4
2026.03.30	01:15:04.243		0.79966			4
2026.03.30	01:15:04.846		0.79964			4
2026.03.30	01:15:05.141	0.79923	0.79965			6
2026.03.30	01:15:06.342		0.79964			4
2026.03.30	01:15:06.943		0.79965			4
2026.03.30	01:15:08.749	0.79925	0.79966			6
2026.03.30	01:15:09.042		0.79972			4
2026.03.30	01:15:10.847		0.79971			4
2026.03.30	01:15:11.147		0.79969			4
2026.03.30	01:15:12.344		0.79968			4
2026.03.30	01:15:12.652	0.79930				2
2026.03.30	01:15:12.948	0.79926	0.79969			6
2026.03.30	01:15:14.146	0.79928	0.79970			6
2026.03.30	01:15:16.259	0.79925	0.79969			6
2026.03.30	01:15:16.555		0.79968			4
2026.03.30	01:15:25.558		0.79969			4
2026.03.30	01:15:27.059		0.79968			4
2026.03.30	01:15:27.662	0.79926				2
2026.03.30	01:15:33.675		0.79967			4
2026.03.30	01:15:34.874	0.79925				2
2026.03.30	01:15:43.591	0.79922	0.79962			6
2026.03.30	01:15:46.885		0.79961			4
2026.03.30	01:15:51.696	0.79925	0.79962			6
2026.03.30	01:15:54.698		0.79963			4
2026.03.30	01:15:55.597		0.79962			4
2026.03.30	01:15:58.600		0.79969			4
2026.03.30	01:16:00.101	0.79925				2
2026.03.30	01:16:00.702	0.79926				2
2026.03.30	01:16:01.299		0.79968			4
2026.03.30	01:16:05.508	0.79921	0.79965			6
2026.03.30	01:16:05.806		0.79963			4
2026.03.30	01:16:12.416	0.79927	0.79971			6
2026.03.30	01:16:12.717	0.79926	0.79970			6
2026.03.30	01:16:13.912	0.79930	0.79975			6
2026.03.30	01:16:14.218		0.79974			4
2026.03.30	01:16:15.114	0.79934	0.79975			6
2026.03.30	01:16:15.419		0.79974			4
2026.03.30	01:16:17.825	0.79938	0.79976			6
2026.03.30	01:16:18.418		0.79977			4
2026.03.30	01:16:19.323	0.79932	0.79970			6
2026.03.30	01:16:19.619	0.79931	0.79974			6
2026.03.30	01:16:20.820	0.79932	0.79973			6
2026.03.30	01:16:21.421		0.79974			4
2026.03.30	01:16:23.824		0.79973			4
2026.03.30	01:16:25.325	0.79937				2
2026.03.30	01:16:25.624	0.79932	0.79974			6
2026.03.30	01:16:27.124	0.79934	0.79973			6
2026.03.30	01:16:28.630	0.79935	0.79977			6
2026.03.30	01:16:33.133	0.79941				2
2026.03.30	01:16:33.428	0.79935				2
2026.03.30	01:16:39.431	0.79939	0.79978			6
2026.03.30	01:16:39.732	0.79941				2
2026.03.30	01:16:40.634	0.79942				2
2026.03.30	01:16:41.534	0.79940				2
2026.03.30	01:16:49.640	0.79939	0.79983			6
2026.03.30	01:16:49.946		0.79982			4
2026.03.30	01:16:52.644	0.79944	0.79981			6
2026.03.30	01:16:52.944		0.79982			4
2026.03.30	01:16:53.243	0.79943				2
2026.03.30	01:16:58.052	0.79942	0.79985			6
2026.03.30	01:17:00.168	0.79942	0.79984			6
2026.03.30	01:17:00.461		0.79983			4
2026.03.30	01:17:01.658		0.79982			4
2026.03.30	01:17:02.566	0.79943				2
2026.03.30	01:17:02.859		0.79981			4
2026.03.30	01:17:03.461	0.79950	0.79983			6
2026.03.30	01:17:04.662		0.79982			4
2026.03.30	01:17:06.463		0.79983			4
2026.03.30	01:17:08.267	0.79953	0.79982			6
2026.03.30	01:17:09.167		0.79983			4
2026.03.30	01:17:12.481		0.79984			4
2026.03.30	01:17:13.083		0.79983			4
2026.03.30	01:17:21.192		0.79984			4
2026.03.30	01:17:22.995		0.79983			4
2026.03.30	01:17:23.599	0.79954				2
2026.03.30	01:17:26.008	0.79953				2
2026.03.30	01:17:29.005		0.79984			4
2026.03.30	01:17:30.207	0.79954	0.79983			6
2026.03.30	01:17:38.319		0.79984			4
2026.03.30	01:17:39.822		0.79983			4
2026.03.30	01:17:41.623	0.79958	0.79985			6
2026.03.30	01:17:41.928	0.79953				2
2026.03.30	01:17:42.823	0.79958				2
2026.03.30	01:17:43.422		0.79984			4
2026.03.30	01:17:44.024	0.79957	0.79985			6
2026.03.30	01:17:51.831	0.79958				2
2026.03.30	01:17:52.135	0.79959				2
2026.03.30	01:17:52.435	0.79957				2
2026.03.30	01:17:54.238	0.79960				2
2026.03.30	01:17:54.545	0.79954	0.79984			6
2026.03.30	01:17:54.842		0.79985			4
2026.03.30	01:18:00.246	0.79954				2
2026.03.30	01:18:04.755		0.79984			4
2026.03.30	01:18:05.057		0.79983			4
2026.03.30	01:18:10.172	0.79950	0.79984			6
2026.03.30	01:18:13.486	0.79953				2
2026.03.30	01:18:14.086	0.79956				2
2026.03.30	01:18:21.312	0.79958				2
2026.03.30	01:18:23.417		0.79983			4
2026.03.30	01:18:24.622		0.79984			4
2026.03.30	01:18:30.033	0.79956				2
2026.03.30	01:18:33.333	0.79958				2
2026.03.30	01:18:33.931		0.79983			4
2026.03.30	01:18:35.133		0.79984			4
2026.03.30	01:18:48.953		0.79983			4
2026.03.30	01:18:50.155		0.79984			4
2026.03.30	01:18:52.857		0.79983			4
2026.03.30	01:18:56.461	0.79953	0.79982			6
2026.03.30	01:19:00.067	0.79953				2
2026.03.30	01:19:02.772		0.79981			4
2026.03.30	01:19:03.070		0.79980			4
2026.03.30	01:19:06.673		0.79979			4
2026.03.30	01:19:13.291		0.79978			4
2026.03.30	01:19:13.594		0.79980			4
2026.03.30	01:19:15.099	0.79950	0.79979			6
2026.03.30	01:19:16.301	0.79952	0.79981			6
2026.03.30	01:19:22.915	0.79953	0.79983			6
2026.03.30	01:19:24.421		0.79982			4
2026.03.30	01:19:26.218	0.79952				2
2026.03.30	01:19:28.919		0.79983			4
2026.03.30	01:19:34.026	0.79950	0.79981			6
2026.03.30	01:19:34.326	0.79953				2
2026.03.30	01:19:38.829		0.79980			4
2026.03.30	01:19:40.339	0.79948	0.79979			6
2026.03.30	01:19:40.639	0.79947	0.79977			6
2026.03.30	01:19:41.837		0.79979			4
2026.03.30	01:19:42.734		0.79980			4
2026.03.30	01:19:44.537		0.79979			4
2026.03.30	01:19:47.240	0.79957	0.79982			6
2026.03.30	01:19:48.448	0.79955	0.79981			6
2026.03.30	01:19:50.847		0.79982			4
2026.03.30	01:19:53.851		0.79981			4
2026.03.30	01:19:56.859		0.79978			4
2026.03.30	01:19:57.159		0.79976			4
2026.03.30	01:19:57.462		0.79977			4
2026.03.30	01:19:58.359	0.79948	0.79976			6
2026.03.30	01:19:58.960	0.79949				2
2026.03.30	01:20:00.164	0.79949				2
2026.03.30	01:20:08.874		0.79975			4
2026.03.30	01:20:10.380	0.79946	0.79969			6
2026.03.30	01:20:10.685	0.79935	0.79963			6
2026.03.30	01:20:11.581	0.79936				2
2026.03.30	01:20:12.488		0.79964			4
2026.03.30	01:20:19.706	0.79939				2
2026.03.30	01:20:20.006		0.79963			4
2026.03.30	01:20:21.510		0.79964			4
2026.03.30	01:20:23.318		0.79963			4
2026.03.30	01:20:23.616		0.79964			4
2026.03.30	01:20:24.217		0.79963			4
2026.03.30	01:20:24.519	0.79937	0.79961			6
2026.03.30	01:20:28.128		0.79958			4
2026.03.30	01:20:28.425	0.79928				2
2026.03.30	01:20:28.724		0.79959			4
2026.03.30	01:20:29.021		0.79958			4
2026.03.30	01:20:29.925	0.79931				2
2026.03.30	01:20:30.221		0.79956			4
2026.03.30	01:20:37.731		0.79957			4
2026.03.30	01:20:42.838		0.79956			4
2026.03.30	01:20:44.336		0.79957			4
2026.03.30	01:20:44.939		0.79956			4
2026.03.30	01:20:46.740		0.79957			4
2026.03.30	01:20:49.439		0.79958			4
2026.03.30	01:20:50.642		0.79962			4
2026.03.30	01:20:58.751	0.79934	0.79960			6
2026.03.30	01:21:00.260	0.79934				2
2026.03.30	01:21:02.062		0.79961			4
2026.03.30	01:21:02.962		0.79962			4
2026.03.30	01:21:03.867		0.79960			4
2026.03.30	01:21:05.363		0.79961			4
2026.03.30	01:21:05.963		0.79960			4
2026.03.30	01:21:06.864	0.79926	0.79955			6
2026.03.30	01:21:08.363		0.79954			4
2026.03.30	01:21:11.676	0.79925	0.79953			6
2026.03.30	01:21:12.877	0.79928	0.79958			6
2026.03.30	01:21:23.109		0.79959			4
2026.03.30	01:21:23.718		0.79960			4
2026.03.30	01:21:24.012	0.79931	0.79962			6
2026.03.30	01:21:24.315	0.79932	0.79964			6
2026.03.30	01:21:27.617	0.79933				2
2026.03.30	01:21:37.234	0.79934	0.79969			6
2026.03.30	01:21:43.533		0.79967			4
2026.03.30	01:21:45.635		0.79968			4
2026.03.30	01:21:48.939	0.79933	0.79966			6
2026.03.30	01:21:52.836	0.79936				2
2026.03.30	01:21:53.740		0.79967			4
2026.03.30	01:22:00.050	0.79936				2
2026.03.30	01:22:03.048		0.79968			4
2026.03.30	01:22:05.151		0.79967			4
2026.03.30	01:22:06.354		0.79966			4
2026.03.30	01:22:08.160		0.79965			4
2026.03.30	01:22:08.460		0.79966			4
2026.03.30	01:22:08.762		0.79965			4
2026.03.30	01:22:09.360		0.79967			4
2026.03.30	01:22:09.660		0.79966			4
2026.03.30	01:22:10.263		0.79965			4
2026.03.30	01:22:10.864	0.79934				2
2026.03.30	01:22:11.465		0.79964			4
2026.03.30	01:22:15.072		0.79963			4
2026.03.30	01:22:22.277		0.79964			4
2026.03.30	01:22:24.385		0.79965			4
2026.03.30	01:22:25.286	0.79937	0.79968			6
2026.03.30	01:22:26.486	0.79938	0.79970			6
2026.03.30	01:22:30.993	0.79937	0.79969			6
2026.03.30	01:22:31.301	0.79933	0.79972			6
2026.03.30	01:22:31.600	0.79932	0.79971			6
2026.03.30	01:22:35.806		0.79970			4
2026.03.30	01:22:37.610		0.79971			4
2026.03.30	01:22:37.908	0.79939				2
2026.03.30	01:22:38.203	0.79936				2
2026.03.30	01:22:39.408		0.79972			4
2026.03.30	01:22:50.520	0.79939				2
2026.03.30	01:22:55.327	0.79938	0.79974			6
2026.03.30	01:22:55.628	0.79932				2
2026.03.30	01:22:57.428	0.79933	0.79973			6
2026.03.30	01:22:59.530		0.79972			4
2026.03.30	01:22:59.828	0.79938				2
2026.03.30	01:23:00.128	0.79938				2
2026.03.30	01:23:00.432		0.79971			4
2026.03.30	01:23:00.732	0.79935	0.79969			6
2026.03.30	01:23:01.629		0.79970			4
2026.03.30	01:23:02.233		0.79969			4
2026.03.30	01:23:04.635		0.79970			4
2026.03.30	01:23:05.229		0.79969			4
2026.03.30	01:23:07.334		0.79970			4
2026.03.30	01:23:09.438		0.79969			4
2026.03.30	01:23:12.442		0.79968			4
2026.03.30	01:23:12.741	0.79936	0.79970			6
2026.03.30	01:23:20.252	0.79934	0.79974			6
2026.03.30	01:23:20.554		0.79975			4
2026.03.30	01:23:20.853		0.79974			4
2026.03.30	01:23:21.153	0.79935	0.79973			6
2026.03.30	01:23:22.955		0.79972			4
2026.03.30	01:23:24.755		0.79973			4
2026.03.30	01:23:26.859		0.79972			4
2026.03.30	01:23:27.463	0.79938	0.79976			6
2026.03.30	01:23:27.761	0.79943	0.79977			6
2026.03.30	01:23:28.062	0.79961	0.79982			6
2026.03.30	01:23:28.357		0.79979			4
2026.03.30	01:23:28.657	0.79960	0.79977			6
2026.03.30	01:23:28.958	0.79962	0.79975			6
2026.03.30	01:23:31.663	0.79966	0.79979			6
2026.03.30	01:23:32.563	0.79965	0.79978			6
2026.03.30	01:23:33.161		0.79979			4
2026.03.30	01:23:35.576	0.79966				2
2026.03.30	01:23:37.979	0.79967				2
2026.03.30	01:23:41.285	0.79968	0.79980			6
2026.03.30	01:23:46.088	0.79969	0.79982			6
2026.03.30	01:23:47.296	0.79970	0.79983			6
2026.03.30	01:23:48.500	0.79971				2
2026.03.30	01:23:50.306	0.79970	0.79981			6
2026.03.30	01:24:00.217	0.79970				2
2026.03.30	01:24:01.120		0.79982			4
2026.03.30	01:24:04.720	0.79967	0.79979			6
2026.03.30	01:24:06.524	0.79969	0.79980			6
2026.03.30	01:24:06.823	0.79968				2
2026.03.30	01:24:23.033	0.79969				2
2026.03.30	01:24:25.440	0.79968				2
2026.03.30	01:24:26.639	0.79970	0.79981			6
2026.03.30	01:24:32.048	0.79968	0.79979			6
2026.03.30	01:24:41.355	0.79970	0.79981			6
2026.03.30	01:24:45.559	0.79971	0.79982			6
2026.03.30	01:24:49.163	0.79972	0.79983			6
2026.03.30	01:24:50.972		0.79982			4
2026.03.30	01:24:55.775	0.79969	0.79979			6
2026.03.30	01:24:56.978	0.79970	0.79980			6
2026.03.30	01:24:58.175	0.79969	0.79979			6
2026.03.30	01:25:00.278	0.79969				2
2026.03.30	01:25:03.288	0.79970	0.79980			6
2026.03.30	01:25:03.586	0.79971	0.79981			6
2026.03.30	01:25:05.088	0.79972	0.79982			6
2026.03.30	01:25:09.594	0.79973	0.79983			6
2026.03.30	01:25:12.900	0.79974	0.79984			6
2026.03.30	01:25:25.817	0.79973	0.79983			6
2026.03.30	01:25:34.226	0.79974	0.79984			6
2026.03.30	01:25:37.829	0.79973	0.79983			6
2026.03.30	01:25:44.134	0.79974	0.79984			6
2026.03.30	01:25:57.655	0.79976	0.79986			6
2026.03.30	01:25:58.861	0.79975	0.79985			6
2026.03.30	01:25:59.163	0.79976	0.79987			6
2026.03.30	01:26:00.067	0.79976				2
2026.03.30	01:26:03.071	0.79974	0.79984			6
2026.03.30	01:26:16.892	0.79976	0.79986			6
2026.03.30	01:26:17.496	0.79981	0.79990			6
2026.03.30	01:26:17.791	0.79978	0.79988			6
2026.03.30	01:26:18.696		0.79987			4
2026.03.30	01:26:19.296	0.79977				2
2026.03.30	01:26:19.898	0.79978				2
2026.03.30	01:26:21.099	0.79977	0.79986			6
2026.03.30	01:26:21.403	0.79976	0.79985			6
2026.03.30	01:26:22.304	0.79975				2
2026.03.30	01:26:25.308		0.79986			4
2026.03.30	01:26:25.607		0.79985			4
2026.03.30	01:26:27.411	0.79976	0.79986			6
2026.03.30	01:26:36.723	0.79977	0.79987			6
2026.03.30	01:26:38.521	0.79976	0.79986			6
2026.03.30	01:26:41.524	0.79975				2
2026.03.30	01:26:46.033	0.79973	0.79983			6
2026.03.30	01:26:54.740	0.79975	0.79986			6
2026.03.30	01:26:56.847	0.79973	0.79983			6
2026.03.30	01:27:00.150	0.79973				2
2026.03.30	01:27:01.651	0.79977	0.79987			6
2026.03.30	01:27:01.954		0.79986			4
2026.03.30	01:27:02.556	0.79976				2
2026.03.30	01:27:06.766	0.79973	0.79983			6
2026.03.30	01:27:11.573	0.79974				2
2026.03.30	01:27:13.078	0.79973				2
2026.03.30	01:27:21.806	0.79972	0.79981			6
2026.03.30	01:27:43.738	0.79973	0.79982			6
2026.03.30	01:27:44.037		0.79980			4
2026.03.30	01:27:49.442		0.79981			4
2026.03.30	01:27:50.347	0.79972				2
2026.03.30	01:27:55.761	0.79973	0.79982			6
2026.03.30	01:28:00.265	0.79973				2
2026.03.30	01:28:00.566	0.79972	0.79981			6
2026.03.30	01:28:00.868	0.79973				2
2026.03.30	01:28:01.469	0.79972				2
2026.03.30	01:28:03.568	0.79973				2
2026.03.30	01:28:05.676		0.79980			4
2026.03.30	01:28:05.972		0.79981			4
2026.03.30	01:28:11.996		0.79980			4
2026.03.30	01:28:12.299		0.79981			4
2026.03.30	01:28:14.102	0.79972				2
2026.03.30	01:28:18.013	0.79973				2
2026.03.30	01:28:20.420	0.79972				2
2026.03.30	01:28:23.127	0.79973				2
2026.03.30	01:28:27.934	0.79972				2
2026.03.30	01:28:31.541		0.79980			4
2026.03.30	01:28:31.840		0.79979			4
2026.03.30	01:28:32.741		0.79981			4
2026.03.30	01:28:33.039		0.79979			4
2026.03.30	01:28:33.342		0.79981			4
2026.03.30	01:28:33.641		0.79979			4
2026.03.30	01:28:35.743	0.79971	0.79978			6
2026.03.30	01:28:36.943	0.79972	0.79979			6
2026.03.30	01:28:37.243	0.79973	0.79981			6
2026.03.30	01:28:45.052	0.79972	0.79980			6
2026.03.30	01:29:00.073	0.79972				2
2026.03.30	01:29:00.373	0.79973	0.79981			6
2026.03.30	01:29:01.575	0.79974				2
2026.03.30	01:29:03.677	0.79973				2
2026.03.30	01:29:05.180		0.79982			4
2026.03.30	01:29:07.285	0.79974				2
2026.03.30	01:29:08.791	0.79975				2
2026.03.30	01:29:09.391	0.79976	0.79983			6
2026.03.30	01:29:09.691	0.79981	0.79987			6
2026.03.30	01:29:09.988	0.79983	0.79988			6
2026.03.30	01:29:10.589	0.79982	0.79989			6
2026.03.30	01:29:12.390		0.79988			4
2026.03.30	01:29:13.293	0.79983				2
2026.03.30	01:29:13.597	0.79982	0.79989			6
2026.03.30	01:29:14.493		0.79988			4
2026.03.30	01:29:14.794		0.79989			4
2026.03.30	01:29:15.694		0.79988			4
2026.03.30	01:29:15.998		0.79989			4
2026.03.30	01:29:17.802	0.79978	0.79987			6
2026.03.30	01:29:21.110	0.79976	0.79984			6
2026.03.30	01:29:21.415	0.79975				2
2026.03.30	01:29:22.011	0.79976	0.79983			6
2026.03.30	01:29:22.614		0.79984			4
2026.03.30	01:29:22.915		0.79985			4
2026.03.30	01:29:25.016		0.79983			4
2026.03.30	01:29:25.915		0.79985			4
2026.03.30	01:29:26.218	0.79979	0.79986			6
2026.03.30	01:29:26.818	0.79978	0.79985			6
2026.03.30	01:29:27.115		0.79986			4
2026.03.30	01:29:27.418		0.79985			4
2026.03.30	01:29:28.320		0.79986			4
2026.03.30	01:29:29.525	0.79977	0.79982			6
2026.03.30	01:29:31.023		0.79985			4
2026.03.30	01:29:31.323		0.79982			4
2026.03.30	01:29:33.428	0.79976	0.79983			6
2026.03.30	01:29:35.529	0.79977	0.79982			6
2026.03.30	01:29:37.027		0.79985			4
2026.03.30	01:29:37.930		0.79986			4
2026.03.30	01:29:38.532		0.79982			4
2026.03.30	01:29:39.733	0.79976	0.79983			6
2026.03.30	01:29:41.229	0.79977	0.79982			6
2026.03.30	01:29:43.031	0.79980	0.79986			6
2026.03.30	01:29:43.634		0.79987			4
2026.03.30	01:29:44.235		0.79988			4
2026.03.30	01:29:44.836	0.79979				2
2026.03.30	01:29:46.337	0.79978	0.79986			6
2026.03.30	01:29:46.939	0.79979	0.79988			6
2026.03.30	01:29:47.538	0.79978	0.79986			6
2026.03.30	01:29:48.137		0.79988			4
2026.03.30	01:29:49.040	0.79979	0.79986			6
2026.03.30	01:29:49.339		0.79988			4
2026.03.30	01:29:54.451		0.79987			4
2026.03.30	01:29:55.647		0.79986			4
2026.03.30	01:29:55.949	0.79980	0.79987			6
2026.03.30	01:29:56.249		0.79986			4
2026.03.30	01:29:57.452	0.79979				2
2026.03.30	01:29:58.960	0.79982	0.79988			6
2026.03.30	01:29:59.260		0.79989			4
2026.03.30	01:30:00.160	0.79982				2
2026.03.30	01:30:00.462	0.79979	0.79988			6
2026.03.30	01:30:00.759	0.79978	0.79987			6
2026.03.30	01:30:01.061	0.79977				2
2026.03.30	01:30:01.359	0.79976	0.79986			6
2026.03.30	01:30:02.258	0.79975				2
2026.03.30	01:30:02.560	0.79978	0.79981			6
2026.03.30	01:30:04.966	0.79976	0.79986			6
2026.03.30	01:30:05.264		0.79985			4
2026.03.30	01:30:05.866		0.79986			4
2026.03.30	01:30:06.465	0.79977				2
2026.03.30	01:30:06.770	0.79976				2
2026.03.30	01:30:07.068	0.79975	0.79984			6
2026.03.30	01:30:07.667	0.79974	0.79983			6
2026.03.30	01:30:08.873	0.79973				2
2026.03.30	01:30:09.473	0.79974	0.79984			6
2026.03.30	01:30:09.779	0.79973	0.79981			6
2026.03.30	01:30:10.078		0.79982			4
2026.03.30	01:30:10.675	0.79972	0.79980			6
2026.03.30	01:30:10.979	0.79974	0.79982			6
2026.03.30	01:30:11.577		0.79983			4
2026.03.30	01:30:11.876	0.79975	0.79982			6
2026.03.30	01:30:14.281	0.79974				2
2026.03.30	01:30:14.578	0.79975				2
2026.03.30	01:30:17.581		0.79983			4
2026.03.30	01:30:19.381	0.79977	0.79985			6
2026.03.30	01:30:20.584	0.79978	0.79986			6
2026.03.30	01:30:22.083	0.79977				2
2026.03.30	01:30:22.984	0.79979				2
2026.03.30	01:30:26.588		0.79987			4
2026.03.30	01:30:26.891		0.79986			4
2026.03.30	01:30:27.189		0.79987			4
2026.03.30	01:30:29.897		0.79986			4
2026.03.30	01:30:30.499	0.79980	0.79988			6
2026.03.30	01:30:31.703	0.79981				2
2026.03.30	01:30:32.906		0.79989			4
2026.03.30	01:30:34.109	0.79980				2
2026.03.30	01:30:34.408	0.79979				2
2026.03.30	01:30:35.006	0.79980	0.79988			6
2026.03.30	01:30:35.608	0.79981				2
2026.03.30	01:30:36.208	0.79980				2
2026.03.30	01:30:38.612	0.79979	0.79986			6
2026.03.30	01:30:38.913	0.79978	0.79987			6
2026.03.30	01:30:40.714	0.79980	0.79988			6
2026.03.30	01:30:41.916	0.79979				2
2026.03.30	01:30:42.519		0.79989			4
2026.03.30	01:30:43.121	0.79980				2
2026.03.30	01:30:44.620		0.79988			4
2026.03.30	01:30:47.023		0.79989			4
2026.03.30	01:30:47.926		0.79988			4
2026.03.30	01:30:49.428	0.79979				2
2026.03.30	01:30:52.127	0.79980				2
2026.03.30	01:30:53.928	0.79981	0.79989			6
2026.03.30	01:30:56.335		0.79990			4
2026.03.30	01:30:58.435		0.79991			4
2026.03.30	01:30:58.735		0.79990			4
2026.03.30	01:30:59.033		0.79991			4
2026.03.30	01:31:00.235	0.79981				2
2026.03.30	01:31:00.538	0.79982	0.79992			6
2026.03.30	01:31:11.957	0.79981	0.79991			6
2026.03.30	01:31:12.261	0.79982				2
2026.03.30	01:31:12.560	0.79981				2
2026.03.30	01:31:17.368	0.79982	0.79992			6
2026.03.30	01:31:21.876		0.79991			4
2026.03.30	01:31:24.279		0.79992			4
2026.03.30	01:31:28.484		0.79991			4
2026.03.30	01:31:30.287		0.79992			4
2026.03.30	01:31:31.183	0.79981	0.79991			6
2026.03.30	01:31:32.388	0.79982	0.79992			6
2026.03.30	01:31:35.995	0.79988	0.79997			6
2026.03.30	01:31:36.296	0.79989	0.79998			6
2026.03.30	01:31:36.595		0.79997			4
2026.03.30	01:31:37.795	0.79988				2
2026.03.30	01:31:41.401		0.79996			4
2026.03.30	01:31:43.204		0.79995			4
2026.03.30	01:31:46.206	0.79987	0.79996			6
2026.03.30	01:31:49.814		0.79995			4
2026.03.30	01:31:50.714	0.79988	0.79997			6
2026.03.30	01:31:51.017	0.79987	0.79996			6
2026.03.30	01:31:51.618	0.79985	0.79995			6
2026.03.30	01:31:52.218		0.79994			4
2026.03.30	01:31:52.513	0.79984	0.79993			6
2026.03.30	01:31:53.413		0.79994			4
2026.03.30	01:31:59.721	0.79985	0.79993			6
2026.03.30	01:32:00.023	0.79985				2
2026.03.30	01:32:00.324	0.79983	0.79992			6
2026.03.30	01:32:02.727	0.79984				2
2026.03.30	01:32:03.324	0.79983				2
2026.03.30	01:32:04.225	0.79984				2
2026.03.30	01:32:05.429	0.79987	0.79995			6
2026.03.30	01:32:05.728	0.79985	0.79994			6
2026.03.30	01:32:06.027		0.79995			4
2026.03.30	01:32:06.327	0.79987				2
2026.03.30	01:32:06.630	0.79986	0.79994			6
2026.03.30	01:32:08.125	0.79985				2
2026.03.30	01:32:10.533	0.79986	0.79995			6
2026.03.30	01:32:11.734	0.79985				2
2026.03.30	01:32:12.033		0.79994			4
2026.03.30	01:32:12.334		0.79993			4
2026.03.30	01:32:14.138		0.79992			4
2026.03.30	01:32:16.240	0.79984	0.79993			6
2026.03.30	01:32:18.043		0.79992			4
2026.03.30	01:32:19.247	0.79983				2
2026.03.30	01:32:20.446	0.79984				2
2026.03.30	01:32:21.945	0.79981	0.79991			6
2026.03.30	01:32:24.047	0.79983	0.79992			6
2026.03.30	01:32:24.947	0.79981	0.79991			6
2026.03.30	01:32:26.450	0.79982				2
2026.03.30	01:32:29.151	0.79980	0.79989			6
2026.03.30	01:32:29.455		0.79988			4
2026.03.30	01:32:30.955	0.79981				2
2026.03.30	01:32:32.765	0.79980				2
2026.03.30	01:32:33.069	0.79983	0.79992			6
2026.03.30	01:32:33.371	0.79982	0.79989			6
2026.03.30	01:32:34.567	0.79981	0.79990			6
2026.03.30	01:32:35.167		0.79989			4
2026.03.30	01:32:36.068		0.79990			4
2026.03.30	01:32:36.369		0.79989			4
2026.03.30	01:32:37.271		0.79990			4
2026.03.30	01:32:37.568	0.79980	0.79989			6
2026.03.30	01:32:38.769		0.79988			4
2026.03.30	01:32:39.371		0.79989			4
2026.03.30	01:32:40.571		0.79988			4
2026.03.30	01:32:41.777		0.79989			4
2026.03.30	01:32:44.180		0.79988			4
2026.03.30	01:32:45.076	0.79981	0.79989			6
2026.03.30	01:32:46.878	0.79980				2
2026.03.30	01:32:47.775		0.79988			4
2026.03.30	01:32:55.888	0.79982	0.79990			6
2026.03.30	01:32:56.186	0.79983				2
2026.03.30	01:32:56.487	0.79982	0.79991			6
2026.03.30	01:32:56.786		0.79990			4
2026.03.30	01:32:57.089	0.79981				2
2026.03.30	01:32:58.289	0.79982				2
2026.03.30	01:33:00.095	0.79983				2
2026.03.30	01:33:00.694	0.79982				2
2026.03.30	01:33:00.993	0.79983	0.79991			6
2026.03.30	01:33:02.796	0.79980	0.79989			6
2026.03.30	01:33:03.095	0.79983	0.79991			6
2026.03.30	01:33:03.400	0.79980	0.79988			6
2026.03.30	01:33:05.497		0.79987			4
2026.03.30	01:33:05.800	0.79976	0.79985			6
2026.03.30	01:33:07.600	0.79974	0.79984			6
2026.03.30	01:33:08.802	0.79975				2
2026.03.30	01:33:17.520		0.79983			4
2026.03.30	01:33:22.932	0.79977	0.79985			6
2026.03.30	01:33:24.129		0.79986			4
2026.03.30	01:33:25.626		0.79987			4
2026.03.30	01:33:27.432		0.79986			4
2026.03.30	01:33:28.030		0.79987			4
2026.03.30	01:33:28.928		0.79986			4
2026.03.30	01:33:32.235	0.79972	0.79981			6
2026.03.30	01:33:35.536	0.79971	0.79980			6
2026.03.30	01:33:35.835	0.79973	0.79982			6
2026.03.30	01:33:36.141	0.79972				2
2026.03.30	01:33:36.738	0.79973				2
2026.03.30	01:33:37.037	0.79972				2
2026.03.30	01:33:37.344	0.79973				2
2026.03.30	01:33:37.644	0.79974				2
2026.03.30	01:33:37.938	0.79973				2
2026.03.30	01:33:40.642	0.79975	0.79984			6
2026.03.30	01:33:40.941	0.79976				2
2026.03.30	01:33:41.541	0.79975				2
2026.03.30	01:33:57.460	0.79976				2
2026.03.30	01:33:58.068		0.79985			4
2026.03.30	01:34:00.169	0.79976				2
2026.03.30	01:34:03.172	0.79972	0.79982			6
2026.03.30	01:34:04.067	0.79974	0.79984			6
2026.03.30	01:34:04.368	0.79973	0.79982			6
2026.03.30	01:34:04.668	0.79972				2
2026.03.30	01:34:05.272	0.79971	0.79981			6
2026.03.30	01:34:06.468	0.79970	0.79980			6
2026.03.30	01:34:08.576	0.79971	0.79981			6
2026.03.30	01:34:10.075	0.79972	0.79980			6
2026.03.30	01:34:12.475	0.79973	0.79982			6
2026.03.30	01:34:12.776	0.79974	0.79984			6
2026.03.30	01:34:17.888	0.79971	0.79981			6
2026.03.30	01:34:20.596	0.79972				2
2026.03.30	01:34:21.794		0.79982			4
2026.03.30	01:34:22.091	0.79973	0.79983			6
2026.03.30	01:34:28.706	0.79974				2
2026.03.30	01:34:29.307	0.79976	0.79984			6
2026.03.30	01:34:30.209		0.79986			4
2026.03.30	01:34:31.110		0.79985			4
2026.03.30	01:34:31.408		0.79986			4
2026.03.30	01:34:32.310	0.79975	0.79984			6
2026.03.30	01:34:35.915	0.79973	0.79983			6
2026.03.30	01:34:37.121	0.79974	0.79984			6
2026.03.30	01:34:42.524	0.79975				2
2026.03.30	01:34:43.126		0.79985			4
2026.03.30	01:34:43.426	0.79977				2
2026.03.30	01:34:47.628	0.79975	0.79984			6
2026.03.30	01:34:47.928	0.79976				2
2026.03.30	01:34:57.837	0.79975				2
2026.03.30	01:35:00.245	0.79974				2
2026.03.30	01:35:00.548		0.79983			4
2026.03.30	01:35:02.343	0.79969	0.79979			6
2026.03.30	01:35:02.642	0.79971	0.79980			6
2026.03.30	01:35:03.241	0.79970				2
2026.03.30	01:35:04.447		0.79979			4
2026.03.30	01:35:10.149	0.79971	0.79980			6
2026.03.30	01:35:11.352	0.79972	0.79981			6
2026.03.30	01:35:11.654		0.79980			4
2026.03.30	01:35:13.154	0.79971				2
2026.03.30	01:35:13.458	0.79972				2
2026.03.30	01:35:14.660		0.79981			4
2026.03.30	01:35:14.960	0.79971	0.79980			6
2026.03.30	01:35:16.167	0.79972				2
2026.03.30	01:35:20.078	0.79971				2
2026.03.30	01:35:22.188	0.79976	0.79984			6
2026.03.30	01:35:22.488	0.79977	0.79985			6
2026.03.30	01:35:23.689	0.79976				2
2026.03.30	01:35:25.788	0.79975	0.79984			6
2026.03.30	01:35:27.288	0.79974				2
2026.03.30	01:35:27.588	0.79975				2
2026.03.30	01:35:29.690	0.79976				2
2026.03.30	01:35:35.703	0.79977	0.79985			6
2026.03.30	01:35:38.704		0.79986			4
2026.03.30	01:35:47.112	0.79978				2
2026.03.30	01:35:47.711	0.79977				2
2026.03.30	01:35:55.530	0.79976	0.79985			6
2026.03.30	01:35:56.725	0.79977				2
2026.03.30	01:35:59.430	0.79976				2
2026.03.30	01:36:00.032	0.79978	0.79986			6
2026.03.30	01:36:00.629	0.79977				2
2026.03.30	01:36:02.133	0.79978				2
2026.03.30	01:36:03.331	0.79977				2
2026.03.30	01:36:03.633		0.79987			4
2026.03.30	01:36:04.834	0.79978				2
2026.03.30	01:36:05.438	0.79977	0.79986			6
2026.03.30	01:36:08.441		0.79985			4
2026.03.30	01:36:08.741		0.79987			4
2026.03.30	01:36:10.846		0.79985			4
2026.03.30	01:36:11.443	0.79976				2
2026.03.30	01:36:13.545	0.79977				2
2026.03.30	01:36:19.548	0.79976				2
2026.03.30	01:36:21.048	0.79977				2
2026.03.30	01:36:22.251	0.79976				2
2026.03.30	01:36:30.960	0.79977				2
2026.03.30	01:36:37.272	0.79976				2
2026.03.30	01:36:43.279	0.79977	0.79987			6
2026.03.30	01:36:45.682		0.79985			4
2026.03.30	01:36:46.585		0.79987			4
2026.03.30	01:36:49.292	0.79979	0.79988			6
2026.03.30	01:36:50.495	0.79980				2
2026.03.30	01:36:51.993	0.79979				2
2026.03.30	01:36:53.497	0.79980				2
2026.03.30	01:36:56.204	0.79981	0.79990			6
2026.03.30	01:37:00.117	0.79981				2
2026.03.30	01:37:02.518	0.79982				2
2026.03.30	01:37:03.118	0.79983	0.79992			6
2026.03.30	01:37:05.527	0.79982	0.79991			6
2026.03.30	01:37:06.426	0.79983				2
2026.03.30	01:37:06.727	0.79982				2
2026.03.30	01:37:11.230	0.79980	0.79990			6
2026.03.30	01:37:11.831	0.79981				2
2026.03.30	01:37:13.628	0.79980				2
2026.03.30	01:37:18.441	0.79982	0.79991			6
2026.03.30	01:37:18.733	0.79983				2
2026.03.30	01:37:19.336	0.79982				2
2026.03.30	01:37:19.637	0.79983				2
2026.03.30	01:37:19.939	0.79982				2
2026.03.30	01:37:26.245	0.79983				2
2026.03.30	01:37:26.547		0.79992			4
2026.03.30	01:37:28.348	0.79984				2
2026.03.30	01:37:28.650	0.79983				2
2026.03.30	01:37:28.951	0.79982				2
2026.03.30	01:37:29.544	0.79983				2
2026.03.30	01:37:32.852	0.79982	0.79991			6
2026.03.30	01:37:39.170		0.79990			4
2026.03.30	01:37:42.176	0.79983				2
2026.03.30	01:37:42.477	0.79982				2
2026.03.30	01:37:43.675	0.79983				2
2026.03.30	01:37:43.974	0.79982				2
2026.03.30	01:37:44.575	0.79983				2
2026.03.30	01:37:44.876	0.79982				2
2026.03.30	01:37:45.177	0.79983				2
2026.03.30	01:37:48.187	0.79982				2
2026.03.30	01:37:48.487	0.79983				2
2026.03.30	01:37:49.092	0.79982				2
2026.03.30	01:37:49.390	0.79983	0.79991			6
2026.03.30	01:37:49.690	0.79982				2
2026.03.30	01:37:50.296	0.79983				2
2026.03.30	01:37:51.790	0.79982				2
2026.03.30	01:37:54.194	0.79983				2
2026.03.30	01:37:54.492	0.79984	0.79992			6
2026.03.30	01:37:55.694	0.79986	0.79994			6
2026.03.30	01:37:56.895	0.79987				2
2026.03.30	01:37:58.395	0.79983	0.79993			6
2026.03.30	01:38:00.198	0.79983				2
2026.03.30	01:38:02.603	0.79985	0.79995			6
2026.03.30	01:38:03.505	0.79983	0.79993			6
2026.03.30	01:38:04.102	0.79982	0.79992			6
2026.03.30	01:38:05.610		0.79993			4
2026.03.30	01:38:05.911	0.79984	0.79994			6
2026.03.30	01:38:06.212		0.79993			4
2026.03.30	01:38:07.111	0.79983	0.79994			6
2026.03.30	01:38:10.721	0.79985				2
2026.03.30	01:38:19.730	0.79986				2
2026.03.30	01:38:20.630		0.79995			4
2026.03.30	01:38:22.132		0.79994			4
2026.03.30	01:38:26.335	0.79984				2
2026.03.30	01:38:26.645	0.79983				2
2026.03.30	01:38:27.542	0.79984	0.79993			6
2026.03.30	01:38:28.443	0.79985	0.79994			6
2026.03.30	01:38:43.159		0.79993			4
2026.03.30	01:38:46.764	0.79983				2
2026.03.30	01:38:49.469		0.79992			4
2026.03.30	01:38:49.768		0.79993			4
2026.03.30	01:38:50.068		0.79992			4
2026.03.30	01:38:51.573	0.79980	0.79989			6
2026.03.30	01:38:51.871	0.79979	0.79990			6
2026.03.30	01:38:52.771		0.79989			4
2026.03.30	01:38:53.670		0.79990			4
2026.03.30	01:38:59.980	0.79978	0.79989			6
2026.03.30	01:39:00.278	0.79979				2
2026.03.30	01:39:01.482	0.79984	0.79993			6
2026.03.30	01:39:03.885	0.79982	0.79992			6
2026.03.30	01:39:04.182	0.79983				2
2026.03.30	01:39:10.488	0.79982				2
2026.03.30	01:39:17.401	0.79983				2
2026.03.30	01:39:24.302	0.79982	0.79991			6
2026.03.30	01:39:31.507	0.79981	0.79990			6
2026.03.30	01:39:32.108	0.79980	0.79988			6
2026.03.30	01:39:35.417	0.79982	0.79991			6
2026.03.30	01:39:35.718	0.79981	0.79990			6
2026.03.30	01:39:37.219	0.79982	0.79991			6
2026.03.30	01:39:42.324	0.79983	0.79992			6
2026.03.30	01:40:00.039	0.79983				2
2026.03.30	01:40:00.642	0.79982	0.79991			6
2026.03.30	01:40:02.444	0.79980	0.79989			6
2026.03.30	01:40:02.743	0.79981				2
2026.03.30	01:40:04.248	0.79982				2
2026.03.30	01:40:05.748	0.79981				2
2026.03.30	01:40:08.752	0.79983	0.79992			6
2026.03.30	01:40:15.061	0.79984	0.79993			6
2026.03.30	01:40:22.869	0.79985	0.79994			6
2026.03.30	01:40:30.388	0.79984	0.79993			6
2026.03.30	01:40:31.593	0.79982	0.79991			6
2026.03.30	01:41:00.127	0.79982				2
2026.03.30	01:41:17.545		0.79990			4
2026.03.30	01:41:18.744	0.79981				2
2026.03.30	01:41:29.853		0.79991			4
2026.03.30	01:41:41.271		0.79990			4
2026.03.30	01:41:47.573	0.79982				2
2026.03.30	01:41:53.583	0.79983				2
2026.03.30	01:41:57.494	0.79982				2
2026.03.30	01:41:58.402	0.79984	0.79993			6
2026.03.30	01:41:58.703	0.79983	0.79992			6
2026.03.30	01:41:58.999	0.79984	0.79993			6
2026.03.30	01:42:00.205	0.79984				2
2026.03.30	01:42:00.503	0.79983	0.79992			6
2026.03.30	01:42:01.105	0.79982	0.79990			6
2026.03.30	01:42:02.608	0.79983				2
2026.03.30	01:42:03.207	0.79982				2
2026.03.30	01:42:05.008	0.79983				2
2026.03.30	01:42:05.310	0.79982				2
2026.03.30	01:42:08.614	0.79983				2
2026.03.30	01:42:22.426	0.79982				2
2026.03.30	01:42:23.928	0.79983				2
2026.03.30	01:42:26.931	0.79982				2
2026.03.30	01:42:28.129	0.79983				2
2026.03.30	01:42:28.430	0.79985	0.79994			6
2026.03.30	01:42:28.728	0.79983	0.79991			6
2026.03.30	01:42:29.931	0.79984	0.79993			6
2026.03.30	01:42:33.237	0.79982	0.79991			6
2026.03.30	01:42:33.538	0.79983				2
2026.03.30	01:42:34.738	0.79984				2
2026.03.30	01:42:35.340		0.79993			4
2026.03.30	01:42:36.241		0.79991			4
2026.03.30	01:42:36.544	0.79983				2
2026.03.30	01:42:37.139	0.79984				2
2026.03.30	01:42:38.343		0.79990			4
2026.03.30	01:42:38.942	0.79983				2
2026.03.30	01:42:41.048		0.79989			4
2026.03.30	01:42:44.945	0.79984				2
2026.03.30	01:42:46.447	0.79983				2
2026.03.30	01:42:48.853	0.79984				2
2026.03.30	01:42:50.051		0.79990			4
2026.03.30	01:42:53.054	0.79983				2
2026.03.30	01:42:55.159	0.79982				2
2026.03.30	01:42:56.960	0.79983				2
2026.03.30	01:42:59.964	0.79984				2
2026.03.30	01:43:00.264	0.79983	0.79989			6
2026.03.30	01:43:01.163	0.79981	0.79988			6
2026.03.30	01:43:07.769		0.79989			4
2026.03.30	01:43:08.069	0.79982				2
2026.03.30	01:43:09.272	0.79983				2
2026.03.30	01:43:11.975	0.79982				2
2026.03.30	01:43:14.977	0.79983				2
2026.03.30	01:43:18.286		0.79988			4
2026.03.30	01:43:18.587	0.79982				2
2026.03.30	01:43:22.190		0.79989			4
2026.03.30	01:43:26.094	0.79983				2
2026.03.30	01:43:27.299	0.79982				2
2026.03.30	01:43:28.504	0.79983				2
2026.03.30	01:43:37.515	0.79985	0.79992			6
2026.03.30	01:43:39.618		0.79991			4
2026.03.30	01:43:42.922	0.79984				2
2026.03.30	01:43:43.221	0.79985				2
2026.03.30	01:43:44.127	0.79986	0.79994			6
2026.03.30	01:43:46.521	0.79987	0.79993			6
2026.03.30	01:43:46.827	0.79984	0.79992			6
2026.03.30	01:43:47.128	0.79986	0.79993			6
2026.03.30	01:43:48.623		0.79992			4
2026.03.30	01:43:49.827	0.79987				2
2026.03.30	01:43:50.427	0.79991	0.79997			6
2026.03.30	01:43:50.726	0.79990				2
2026.03.30	01:43:53.730	0.79991				2
2026.03.30	01:43:54.328	0.79990				2
2026.03.30	01:43:54.928		0.79996			4
2026.03.30	01:43:56.732	0.79988	0.79995			6
2026.03.30	01:43:57.034	0.79986	0.79994			6
2026.03.30	01:43:57.332	0.79987				2
2026.03.30	01:44:00.036	0.79987				2
2026.03.30	01:44:01.839	0.79986				2
2026.03.30	01:44:02.740	0.79987				2
2026.03.30	01:44:03.041		0.79995			4
2026.03.30	01:44:04.241	0.79983	0.79990			6
2026.03.30	01:44:04.543		0.79989			4
2026.03.30	01:44:05.145	0.79984	0.79993			6
2026.03.30	01:44:05.443		0.79991			4
2026.03.30	01:44:08.746	0.79983				2
2026.03.30	01:44:10.847	0.79982				2
2026.03.30	01:44:11.152	0.79983	0.79990			6
2026.03.30	01:44:14.753	0.79982				2
2026.03.30	01:44:18.962	0.79983	0.79991			6
2026.03.30	01:44:20.464		0.79990			4
2026.03.30	01:44:21.669	0.79981	0.79988			6
2026.03.30	01:44:23.770	0.79982				2
2026.03.30	01:44:25.868	0.79981				2
2026.03.30	01:44:27.068	0.79980	0.79987			6
2026.03.30	01:44:30.075		0.79988			4
2026.03.30	01:44:31.576	0.79981				2
2026.03.30	01:44:33.979	0.79982				2
2026.03.30	01:44:36.080	0.79983	0.79990			6
2026.03.30	01:44:42.392	0.79984	0.79991			6
2026.03.30	01:44:42.996	0.79986	0.79993			6
2026.03.30	01:44:44.797	0.79985				2
2026.03.30	01:44:47.203	0.79986				2
2026.03.30	01:44:48.107	0.79985				2
2026.03.30	01:44:50.206		0.79992			4
2026.03.30	01:44:51.414	0.79986				2
2026.03.30	01:44:53.514		0.79993			4
2026.03.30	01:44:58.914	0.79988	0.79994			6
2026.03.30	01:45:00.114	0.79988				2
2026.03.30	01:45:00.417	0.79987				2
2026.03.30	01:45:01.319	0.79988				2
2026.03.30	01:45:01.618	0.79986				2
2026.03.30	01:45:02.819	0.79987				2
2026.03.30	01:45:08.820	0.79988				2
2026.03.30	01:45:09.122		0.79995			4
2026.03.30	01:45:11.522	0.79986	0.79994			6
2026.03.30	01:45:16.795	0.79974	0.79983			6
2026.03.30	01:45:17.077		0.79982			4
2026.03.30	01:45:18.453	0.79975	0.79983			6
2026.03.30	01:45:21.755	0.79976	0.79984			6
2026.03.30	01:45:22.055	0.79975				2
2026.03.30	01:45:31.569	0.79976				2
2026.03.30	01:45:33.670	0.79978	0.79987			6
2026.03.30	01:45:36.818	0.79974	0.79983			6
2026.03.30	01:45:38.271	0.79977	0.79986			6
2026.03.30	01:45:44.430	0.79978	0.79987			6
2026.03.30	01:45:45.631	0.79979				2
2026.03.30	01:45:47.109	0.79978				2
2026.03.30	01:45:48.069	0.79979				2
2026.03.30	01:45:49.571	0.79978				2
2026.03.30	01:45:49.871	0.79979				2
2026.03.30	01:45:50.250	0.79978				2
2026.03.30	01:45:50.941	0.79979	0.79989			6
2026.03.30	01:45:52.443	0.79980				2
2026.03.30	01:45:53.309	0.79979				2
2026.03.30	01:45:55.089	0.79980				2
2026.03.30	01:45:57.958	0.79979				2
2026.03.30	01:45:58.256	0.79980				2
2026.03.30	01:46:00.264	0.79980				2
2026.03.30	01:46:07.267	0.79979	0.79988			6
2026.03.30	01:46:11.644	0.79980				2
2026.03.30	01:46:13.838	0.79979				2
2026.03.30	01:46:14.882	0.79980				2
2026.03.30	01:46:15.181	0.79979				2
2026.03.30	01:46:23.381	0.79980				2
2026.03.30	01:46:27.167		0.79990			4
2026.03.30	01:46:29.295	0.79982	0.79991			6
2026.03.30	01:46:30.345	0.79979	0.79989			6
2026.03.30	01:46:34.653	0.79978	0.79988			6
2026.03.30	01:46:42.992	0.79979				2
2026.03.30	01:46:44.437	0.79978				2
2026.03.30	01:47:00.281	0.79978				2
2026.03.30	01:47:00.880	0.79977	0.79987			6
2026.03.30	01:47:07.272	0.79976	0.79986			6
2026.03.30	01:47:17.615		0.79985			4
2026.03.30	01:47:33.517	0.79977	0.79986			6
2026.03.30	01:47:35.469	0.79978				2
2026.03.30	01:47:35.959		0.79984			4
2026.03.30	01:47:38.387	0.79977				2
2026.03.30	01:47:40.055	0.79978				2
2026.03.30	01:47:41.652	0.79977				2
2026.03.30	01:47:42.969	0.79978				2
2026.03.30	01:47:49.869	0.79977				2
2026.03.30	01:47:53.432		0.79983			4
2026.03.30	01:47:54.508	0.79976				2
2026.03.30	01:47:54.808	0.79975				2
2026.03.30	01:47:56.404		0.79981			4
2026.03.30	01:47:57.617	0.79974				2
2026.03.30	01:48:00.302	0.79974				2
2026.03.30	01:48:00.669	0.79975				2
2026.03.30	01:48:02.559	0.79974				2
2026.03.30	01:48:06.260	0.79979	0.79986			6
2026.03.30	01:48:09.478	0.79980				2
2026.03.30	01:48:11.673	0.79978	0.79985			6
2026.03.30	01:48:28.568	0.79980	0.79986			6
2026.03.30	01:48:30.447	0.79979				2
2026.03.30	01:48:33.217	0.79978	0.79984			6
2026.03.30	01:48:44.205	0.79977				2
2026.03.30	01:48:54.669	0.79978				2
2026.03.30	01:49:00.146	0.79978				2
2026.03.30	01:49:03.070	0.79976	0.79980			6
2026.03.30	01:49:03.371	0.79975	0.79981			6
2026.03.30	01:49:03.671	0.79976				2
2026.03.30	01:49:24.643		0.79982			4
2026.03.30	01:49:34.784		0.79983			4
2026.03.30	01:49:38.769	0.79975				2
2026.03.30	01:49:43.869	0.79976				2
2026.03.30	01:49:48.413		0.79985			4
2026.03.30	01:49:50.724		0.79984			4
2026.03.30	01:49:52.346	0.79975	0.79983			6
2026.03.30	01:49:52.948	0.79974	0.79982			6
2026.03.30	01:50:00.185	0.79974				2
2026.03.30	01:50:00.485	0.79975				2
2026.03.30	01:50:01.139		0.79983			4
2026.03.30	01:50:01.439	0.79976				2
2026.03.30	01:50:10.916		0.79984			4
2026.03.30	01:50:12.186	0.79978	0.79986			6
2026.03.30	01:50:12.487	0.79981	0.79987			6
2026.03.30	01:50:13.388	0.79982	0.79990			6
2026.03.30	01:50:18.268		0.79991			4
2026.03.30	01:50:29.338	0.79979	0.79986			6
2026.03.30	01:50:32.980		0.79985			4
2026.03.30	01:50:34.615		0.79987			4
2026.03.30	01:50:34.915		0.79986			4
2026.03.30	01:50:37.505		0.79985			4
2026.03.30	01:50:37.806		0.79986			4
2026.03.30	01:50:38.109	0.79977	0.79985			6
2026.03.30	01:50:49.757	0.79979	0.79988			6
2026.03.30	01:50:54.926	0.79981	0.79990			6
2026.03.30	01:50:55.224	0.79982				2
2026.03.30	01:51:00.434	0.79982				2
2026.03.30	01:51:06.161		0.79991			4
2026.03.30	01:51:07.167		0.79990			4
2026.03.30	01:51:09.669		0.79991			4
2026.03.30	01:51:12.369		0.79990			4
2026.03.30	01:51:19.600		0.79991			4
2026.03.30	01:51:21.970		0.79990			4
2026.03.30	01:51:22.269	0.79981				2
2026.03.30	01:51:33.138	0.79982				2
2026.03.30	01:51:48.611		0.79988			4
2026.03.30	01:51:49.137	0.79980				2
2026.03.30	01:51:50.776	0.79981	0.79989			6
2026.03.30	01:51:52.790	0.79980				2
2026.03.30	01:51:53.090	0.79982				2
2026.03.30	01:51:54.970		0.79990			4
2026.03.30	01:51:58.569		0.79989			4
2026.03.30	01:52:00.116	0.79982	0.79990			6
2026.03.30	01:52:13.271		0.79989			4
2026.03.30	01:52:15.131		0.79990			4
2026.03.30	01:52:18.243		0.79989			4
2026.03.30	01:52:24.970		0.79988			4
2026.03.30	01:52:25.665	0.79979				2
2026.03.30	01:52:31.281	0.79980				2
2026.03.30	01:52:31.881	0.79979	0.79987			6
2026.03.30	01:52:35.718		0.79986			4
2026.03.30	01:52:41.434	0.79980	0.79987			6
2026.03.30	01:52:43.913	0.79979				2
2026.03.30	01:52:44.384	0.79980				2
2026.03.30	01:52:44.685	0.79979				2
2026.03.30	01:52:45.548	0.79980				2
2026.03.30	01:52:45.849	0.79979				2
2026.03.30	01:52:46.149	0.79980				2
2026.03.30	01:52:46.449	0.79981				2
2026.03.30	01:52:47.273	0.79979				2
2026.03.30	01:52:48.041	0.79980				2
2026.03.30	01:52:48.872	0.79979				2
2026.03.30	01:52:49.519	0.79980				2
2026.03.30	01:52:49.820	0.79979				2
2026.03.30	01:52:50.120	0.79980				2
2026.03.30	01:52:51.021	0.79979				2
2026.03.30	01:52:52.512	0.79980				2
2026.03.30	01:52:55.009	0.79979				2
2026.03.30	01:52:55.309	0.79980				2
2026.03.30	01:52:55.909	0.79979				2
2026.03.30	01:52:57.226	0.79980				2
2026.03.30	01:52:57.525	0.79979				2
2026.03.30	01:52:58.479		0.79986			4
2026.03.30	01:52:58.780	0.79980				2
2026.03.30	01:53:02.172	0.79979				2
2026.03.30	01:53:06.924	0.79980				2
2026.03.30	01:53:07.745	0.79979				2
2026.03.30	01:53:08.993	0.79978				2
2026.03.30	01:53:12.167	0.79979				2
2026.03.30	01:53:14.954	0.79978				2
2026.03.30	01:53:15.255	0.79976	0.79983			6
2026.03.30	01:53:17.005	0.79974	0.79981			6
2026.03.30	01:53:17.304	0.79973				2
2026.03.30	01:53:26.650	0.79974				2
2026.03.30	01:53:44.169	0.79973				2
2026.03.30	01:53:49.870	0.79970	0.79977			6
2026.03.30	01:53:51.169		0.79978			4
2026.03.30	01:53:51.769	0.79971				2
2026.03.30	01:54:00.184	0.79971				2
2026.03.30	01:54:25.470		0.79979			4
2026.03.30	01:54:34.053	0.79972	0.79980			6
2026.03.30	01:54:34.966	0.79973				2
2026.03.30	01:54:40.134	0.79972	0.79979			6
2026.03.30	01:54:43.155		0.79977			4
2026.03.30	01:54:45.489	0.79971				2
2026.03.30	01:55:01.088	0.79971	0.79978			6
2026.03.30	01:55:02.998	0.79970				2
2026.03.30	01:55:03.297	0.79971	0.79979			6
2026.03.30	01:55:03.602	0.79970	0.79978			6
2026.03.30	01:55:03.900	0.79968	0.79977			6
2026.03.30	01:55:05.469	0.79969				2
2026.03.30	01:55:07.526	0.79970				2
2026.03.30	01:55:08.128	0.79971				2
2026.03.30	01:55:09.135	0.79972	0.79978			6
2026.03.30	01:55:12.352	0.79971				2
2026.03.30	01:55:13.452	0.79970				2
2026.03.30	01:55:16.870	0.79971				2
2026.03.30	01:55:21.216	0.79966	0.79974			6
2026.03.30	01:55:21.516	0.79965	0.79972			6
2026.03.30	01:55:24.539	0.79968	0.79974			6
2026.03.30	01:55:31.918	0.79969				2
2026.03.30	01:55:32.219	0.79965	0.79972			6
2026.03.30	01:55:35.568	0.79967	0.79973			6
2026.03.30	01:55:36.468	0.79965				2
2026.03.30	01:55:36.768	0.79967				2
2026.03.30	01:55:37.285	0.79965				2
2026.03.30	01:55:37.585	0.79967				2
2026.03.30	01:55:52.799	0.79965				2
2026.03.30	01:55:54.040	0.79966				2
2026.03.30	01:55:56.107	0.79967				2
2026.03.30	01:56:00.047	0.79967				2
2026.03.30	01:56:00.347	0.79966				2
2026.03.30	01:56:01.394	0.79967				2
2026.03.30	01:56:02.385	0.79965				2
2026.03.30	01:56:02.686	0.79967				2
2026.03.30	01:56:11.535	0.79965				2
2026.03.30	01:56:14.291	0.79967				2
2026.03.30	01:56:14.590	0.79968	0.79976			6
2026.03.30	01:56:15.822		0.79975			4
2026.03.30	01:56:26.719	0.79969				2
2026.03.30	01:56:30.703	0.79967				2
2026.03.30	01:56:35.630	0.79965	0.79972			6
2026.03.30	01:56:39.628	0.79968	0.79974			6
2026.03.30	01:56:55.982		0.79973			4
2026.03.30	01:57:00.252	0.79968				2
2026.03.30	01:57:08.245	0.79966				2
2026.03.30	01:57:14.306		0.79972			4
2026.03.30	01:57:15.520	0.79965				2
2026.03.30	01:57:15.820		0.79971			4
2026.03.30	01:57:20.580	0.79966	0.79972			6
2026.03.30	01:57:25.263	0.79968	0.79973			6
2026.03.30	01:57:26.948		0.79974			4
2026.03.30	01:57:27.250	0.79971	0.79977			6
2026.03.30	01:57:30.370	0.79973	0.79980			6
2026.03.30	01:57:30.670	0.79974				2
2026.03.30	01:57:36.331	0.79975	0.79981			6
2026.03.30	01:57:40.639	0.79977	0.79983			6
2026.03.30	01:57:42.145	0.79978				2
2026.03.30	01:57:42.444	0.79977				2
2026.03.30	01:57:42.744	0.79978				2
2026.03.30	01:57:45.369	0.79977				2
2026.03.30	01:57:47.489	0.79976	0.79982			6
2026.03.30	01:57:49.231	0.79978	0.79983			6
2026.03.30	01:57:56.173	0.79979	0.79986			6
2026.03.30	01:57:56.473	0.79980				2
2026.03.30	01:57:58.076	0.79979				2
2026.03.30	01:57:58.571	0.79980				2
2026.03.30	01:57:58.871	0.79979				2
2026.03.30	01:58:00.119	0.79979				2
2026.03.30	01:58:01.635	0.79978				2
2026.03.30	01:58:05.411	0.79979				2
2026.03.30	01:58:06.716	0.79980				2
2026.03.30	01:58:08.791	0.79979				2
2026.03.30	01:58:09.799		0.79985			4
2026.03.30	01:58:10.191	0.79980				2
2026.03.30	01:58:10.490	0.79979				2
2026.03.30	01:58:12.879	0.79980				2
2026.03.30	01:58:13.519	0.79979				2
2026.03.30	01:58:15.823	0.79975	0.79984			6
2026.03.30	01:58:17.262	0.79976				2
2026.03.30	01:58:18.837	0.79975				2
2026.03.30	01:58:19.593	0.79978				2
2026.03.30	01:58:19.892	0.79976				2
2026.03.30	01:58:23.968	0.79978				2
2026.03.30	01:58:24.735	0.79976				2
2026.03.30	01:58:26.122	0.79978				2
2026.03.30	01:58:26.723	0.79979	0.79987			6
2026.03.30	01:58:29.238	0.79976	0.79984			6
2026.03.30	01:58:30.902	0.79978	0.79985			6
2026.03.30	01:58:33.754		0.79986			4
2026.03.30	01:58:34.927	0.79979				2
2026.03.30	01:58:36.145		0.79988			4
2026.03.30	01:58:37.027		0.79986			4
2026.03.30	01:58:37.327		0.79988			4
2026.03.30	01:58:39.069		0.79987			4
2026.03.30	01:58:39.370	0.79981	0.79989			6
2026.03.30	01:58:40.162		0.79990			4
2026.03.30	01:58:40.462		0.79988			4
2026.03.30	01:58:41.032		0.79990			4
2026.03.30	01:58:41.334		0.79988			4
2026.03.30	01:58:42.021		0.79989			4
2026.03.30	01:58:44.607		0.79990			4
2026.03.30	01:58:45.508		0.79988			4
2026.03.30	01:58:46.853		0.79990			4
2026.03.30	01:58:57.120	0.79984	0.79991			6
2026.03.30	01:58:59.029		0.79992			4
2026.03.30	01:58:59.457		0.79991			4
2026.03.30	01:59:00.119	0.79984				2
2026.03.30	01:59:03.422		0.79989			4
2026.03.30	01:59:05.461		0.79991			4
2026.03.30	01:59:05.786		0.79990			4
2026.03.30	01:59:09.190		0.79991			4
2026.03.30	01:59:10.869		0.79990			4
2026.03.30	01:59:11.169		0.79991			4
2026.03.30	01:59:12.806	0.79979	0.79986			6
2026.03.30	01:59:13.104		0.79987			4
2026.03.30	01:59:13.404	0.79981				2
2026.03.30	01:59:13.705		0.79988			4
2026.03.30	01:59:14.346	0.79984	0.79990			6
2026.03.30	01:59:18.670		0.79989			4
2026.03.30	01:59:21.334		0.79991			4
2026.03.30	01:59:22.929		0.79990			4
2026.03.30	01:59:23.227		0.79989			4
2026.03.30	01:59:24.560		0.79988			4
2026.03.30	01:59:26.184	0.79980				2
2026.03.30	01:59:27.164		0.79987			4
2026.03.30	01:59:27.467		0.79988			4
2026.03.30	01:59:29.096	0.79982	0.79989			6
2026.03.30	01:59:30.118		0.79990			4
2026.03.30	01:59:31.060		0.79988			4
2026.03.30	01:59:32.314		0.79989			4
2026.03.30	01:59:39.011		0.79988			4
2026.03.30	01:59:40.948	0.79981	0.79989			6
2026.03.30	01:59:43.109		0.79988			4
2026.03.30	01:59:43.869		0.79987			4
2026.03.30	01:59:44.519	0.79983	0.79989			6
2026.03.30	01:59:45.714		0.79988			4
2026.03.30	01:59:52.486	0.79982				2
2026.03.30	01:59:52.787	0.79981				2
2026.03.30	01:59:53.691	0.79982	0.79989			6
2026.03.30	01:59:55.088		0.79988			4
2026.03.30	01:59:58.293		0.79989			4
2026.03.30	01:59:58.939		0.79988			4
2026.03.30	01:59:59.806	0.79983				2
2026.03.30	02:00:00.106	0.79983				2
2026.03.30	02:00:02.169		0.79989			4
2026.03.30	02:00:06.525		0.79988			4
2026.03.30	02:00:07.516		0.79989			4
2026.03.30	02:00:08.162	0.79982	0.79988			6
2026.03.30	02:00:08.463	0.79978	0.79985			6
2026.03.30	02:00:09.364		0.79986			4
2026.03.30	02:00:12.030		0.79985			4
2026.03.30	02:00:12.632	0.79979	0.79986			6
2026.03.30	02:00:12.932		0.79985			4
2026.03.30	02:00:13.836	0.79976	0.79984			6
2026.03.30	02:00:14.135	0.79974	0.79979			6
2026.03.30	02:00:14.435	0.79975	0.79981			6
2026.03.30	02:00:15.034	0.79974				2
2026.03.30	02:00:15.335		0.79980			4
2026.03.30	02:00:16.946		0.79981			4
2026.03.30	02:00:17.248		0.79980			4
2026.03.30	02:00:22.241		0.79979			4
2026.03.30	02:00:22.541	0.79972	0.79980			6
2026.03.30	02:00:22.841	0.79971	0.79977			6
2026.03.30	02:00:23.442		0.79976			4
2026.03.30	02:00:23.741	0.79970				2
2026.03.30	02:00:30.332		0.79977			4
2026.03.30	02:00:38.830	0.79966	0.79973			6
2026.03.30	02:00:39.131		0.79974			4
2026.03.30	02:00:41.576		0.79973			4
2026.03.30	02:00:42.295		0.79974			4
2026.03.30	02:00:42.596		0.79973			4
2026.03.30	02:00:48.380		0.79974			4
2026.03.30	02:00:52.208	0.79963	0.79971			6
2026.03.30	02:00:53.217	0.79961	0.79968			6
2026.03.30	02:00:53.518	0.79964	0.79972			6
2026.03.30	02:00:55.378		0.79973			4
2026.03.30	02:00:59.392		0.79972			4
2026.03.30	02:01:00.293	0.79964				2
2026.03.30	02:01:02.426		0.79973			4
2026.03.30	02:01:02.726		0.79972			4
2026.03.30	02:01:03.122		0.79973			4
2026.03.30	02:01:04.421	0.79965	0.79972			6
2026.03.30	02:01:04.722		0.79973			4
2026.03.30	02:01:05.921		0.79974			4
2026.03.30	02:01:06.221	0.79966				2
2026.03.30	02:01:10.166	0.79967				2
2026.03.30	02:01:10.783	0.79966				2
2026.03.30	02:01:11.383	0.79965	0.79973			6
2026.03.30	02:01:11.985	0.79966	0.79974			6
2026.03.30	02:01:12.285		0.79973			4
2026.03.30	02:01:13.043		0.79974			4
2026.03.30	02:01:13.910		0.79973			4
2026.03.30	02:01:14.296		0.79974			4
2026.03.30	02:01:14.606		0.79973			4
2026.03.30	02:01:15.207	0.79967				2
2026.03.30	02:01:16.863		0.79974			4
2026.03.30	02:01:17.620		0.79975			4
2026.03.30	02:01:17.919	0.79968				2
2026.03.30	02:01:18.222	0.79970	0.79976			6
2026.03.30	02:01:18.520		0.79977			4
2026.03.30	02:01:19.953	0.79971	0.79979			6
2026.03.30	02:01:21.492	0.79970	0.79976			6
2026.03.30	02:01:25.663	0.79972	0.79980			6
2026.03.30	02:01:26.263		0.79978			4
2026.03.30	02:01:30.154	0.79974	0.79980			6
2026.03.30	02:01:31.354	0.79975	0.79979			6
2026.03.30	02:01:32.156		0.79980			4
2026.03.30	02:01:35.979	0.79973	0.79982			6
2026.03.30	02:01:37.821		0.79980			4
2026.03.30	02:01:39.356	0.79976	0.79982			6
2026.03.30	02:01:39.656		0.79981			4
2026.03.30	02:01:39.956	0.79974				2
2026.03.30	02:01:41.297	0.79973				2
2026.03.30	02:01:42.127		0.79980			4
2026.03.30	02:01:44.613	0.79971	0.79976			6
2026.03.30	02:01:44.912	0.79969				2
2026.03.30	02:01:46.046	0.79970				2
2026.03.30	02:01:46.991	0.79972	0.79978			6
2026.03.30	02:01:50.032		0.79977			4
2026.03.30	02:01:53.235		0.79978			4
2026.03.30	02:01:56.278	0.79973	0.79980			6
2026.03.30	02:01:56.578		0.79981			4
2026.03.30	02:01:56.991	0.79974				2
2026.03.30	02:01:59.857		0.79980			4
2026.03.30	02:02:00.158	0.79974				2
2026.03.30	02:02:02.722	0.79972	0.79978			6
2026.03.30	02:02:03.020		0.79977			4
2026.03.30	02:02:04.076		0.79978			4
2026.03.30	02:02:06.650		0.79977			4
2026.03.30	02:02:08.423	0.79978	0.79984			6
2026.03.30	02:02:09.521		0.79982			4
2026.03.30	02:02:09.822		0.79983			4
2026.03.30	02:02:13.407	0.79979	0.79987			6
2026.03.30	02:02:13.709		0.79986			4
2026.03.30	02:02:14.927		0.79983			4
2026.03.30	02:02:18.069	0.79977	0.79984			6
2026.03.30	02:02:18.370		0.79983			4
2026.03.30	02:02:18.972	0.79978				2
2026.03.30	02:02:20.108	0.79983	0.79990			6
2026.03.30	02:02:22.694		0.79989			4
2026.03.30	02:02:22.994		0.79988			4
2026.03.30	02:02:24.388		0.79991			4
2026.03.30	02:02:24.929		0.79989			4
2026.03.30	02:02:25.530		0.79990			4
2026.03.30	02:02:26.424		0.79988			4
2026.03.30	02:02:29.600		0.79987			4
2026.03.30	02:02:30.354		0.79989			4
2026.03.30	02:02:31.688		0.79988			4
2026.03.30	02:02:33.751		0.79989			4
2026.03.30	02:02:34.681		0.79990			4
2026.03.30	02:02:34.982		0.79989			4
2026.03.30	02:02:35.749		0.79990			4
2026.03.30	02:02:36.047		0.79989			4
2026.03.30	02:02:39.289		0.79988			4
2026.03.30	02:02:41.503		0.79987			4
2026.03.30	02:02:42.323		0.79988			4
2026.03.30	02:02:47.638	0.79981				2
2026.03.30	02:02:48.295	0.79979				2
2026.03.30	02:02:50.170		0.79987			4
2026.03.30	02:02:50.470	0.79978	0.79986			6
2026.03.30	02:02:50.770		0.79985			4
2026.03.30	02:02:54.340		0.79983			4
2026.03.30	02:02:54.641		0.79985			4
2026.03.30	02:02:56.897	0.79980				2
2026.03.30	02:02:57.804		0.79987			4
2026.03.30	02:02:58.103		0.79986			4
2026.03.30	02:03:00.170	0.79980				2
2026.03.30	02:03:00.472	0.79981	0.79987			6
2026.03.30	02:03:01.223		0.79988			4
2026.03.30	02:03:01.523	0.79980	0.79987			6
2026.03.30	02:03:04.036		0.79986			4
2026.03.30	02:03:04.931	0.79978				2
2026.03.30	02:03:05.232	0.79977				2
2026.03.30	02:03:06.133	0.79978				2
2026.03.30	02:03:08.839		0.79983			4
2026.03.30	02:03:09.641		0.79984			4
2026.03.30	02:03:13.509	0.79977				2
2026.03.30	02:03:14.108		0.79983			4
2026.03.30	02:03:15.385	0.79982	0.79988			6
2026.03.30	02:03:16.885	0.79979	0.79986			6
2026.03.30	02:03:18.317	0.79978				2
2026.03.30	02:03:19.912	0.79981	0.79987			6
2026.03.30	02:03:20.212		0.79989			4
2026.03.30	02:03:20.512		0.79990			4
2026.03.30	02:03:21.602		0.79989			4
2026.03.30	02:03:21.903	0.79982	0.79990			6
2026.03.30	02:03:22.317	0.79981				2
2026.03.30	02:03:24.878		0.79989			4
2026.03.30	02:03:25.781	0.79983	0.79991			6
2026.03.30	02:03:26.382	0.79982	0.79990			6
2026.03.30	02:03:27.727	0.79983	0.79991			6
2026.03.30	02:03:49.960	0.79982	0.79990			6
2026.03.30	02:04:01.094	0.79982				2
2026.03.30	02:04:02.189	0.79983				2
2026.03.30	02:04:03.317	0.79984				2
2026.03.30	02:04:06.860	0.79982				2
2026.03.30	02:04:14.113		0.79989			4
2026.03.30	02:04:20.235	0.79983				2
2026.03.30	02:04:25.993		0.79990			4
2026.03.30	02:04:26.293	0.79985	0.79986			6
2026.03.30	02:04:28.695	0.79983	0.79989			6
2026.03.30	02:04:30.847		0.79990			4
2026.03.30	02:04:33.450		0.79989			4
2026.03.30	02:04:34.228	0.79982				2
2026.03.30	02:04:38.341	0.79981				2
2026.03.30	02:04:41.621	0.79982				2
2026.03.30	02:04:43.590	0.79983	0.79990			6
2026.03.30	02:04:43.889	0.79985	0.79991			6
2026.03.30	02:04:44.190		0.79990			4
2026.03.30	02:04:44.791		0.79991			4
2026.03.30	02:04:47.860		0.79992			4
2026.03.30	02:04:48.241		0.79991			4
2026.03.30	02:04:48.541		0.79990			4
2026.03.30	02:04:48.842	0.79983	0.79988			6
2026.03.30	02:04:50.420	0.79982	0.79989			6
2026.03.30	02:04:50.720		0.79988			4
2026.03.30	02:04:51.020	0.79980	0.79986			6
2026.03.30	02:04:51.620	0.79981	0.79988			6
2026.03.30	02:04:54.414		0.79989			4
2026.03.30	02:04:56.152	0.79984	0.79990			6
2026.03.30	02:05:00.203	0.79984				2
2026.03.30	02:05:00.504	0.79982	0.79988			6
2026.03.30	02:05:01.705	0.79980	0.79987			6
2026.03.30	02:05:02.376		0.79986			4
2026.03.30	02:05:04.410	0.79976	0.79982			6
2026.03.30	02:05:06.517		0.79981			4
2026.03.30	02:05:07.404	0.79975				2
2026.03.30	02:05:10.716		0.79982			4
2026.03.30	02:05:13.420		0.79983			4
2026.03.30	02:05:18.425		0.79984			4
2026.03.30	02:05:20.846	0.79978	0.79987			6
2026.03.30	02:05:23.215	0.79979	0.79986			6
2026.03.30	02:05:25.809	0.79981	0.79989			6
2026.03.30	02:05:26.171		0.79990			4
2026.03.30	02:05:26.471		0.79989			4
2026.03.30	02:05:26.771		0.79990			4
2026.03.30	02:05:29.742	0.79988	0.79995			6
2026.03.30	02:05:30.942		0.79993			4
2026.03.30	02:05:32.855	0.79987				2
2026.03.30	02:05:45.568	0.79989	0.79995			6
2026.03.30	02:05:47.584		0.79996			4
2026.03.30	02:05:49.672	0.79991	0.79998			6
2026.03.30	02:05:50.410		0.79996			4
2026.03.30	02:05:52.623	0.79990				2
2026.03.30	02:05:52.923		0.79997			4
2026.03.30	02:05:58.825	0.79991				2
2026.03.30	02:05:59.917		0.79998			4
2026.03.30	02:06:00.218	0.79992	0.79999			6
2026.03.30	02:06:02.444		0.79998			4
2026.03.30	02:06:03.045		0.79997			4
2026.03.30	02:06:03.644		0.79998			4
2026.03.30	02:06:03.944		0.79999			4
2026.03.30	02:06:04.251	0.79991	0.79997			6
2026.03.30	02:06:04.546		0.79998			4
2026.03.30	02:06:05.769		0.79999			4
2026.03.30	02:06:07.766	0.79992				2
2026.03.30	02:06:13.755		0.79998			4
2026.03.30	02:06:14.630		0.79997			4
2026.03.30	02:06:15.231		0.79999			4
2026.03.30	02:06:20.553	0.79993				2
2026.03.30	02:06:26.116		0.80000			4
2026.03.30	02:06:26.716		0.79999			4
2026.03.30	02:06:27.016	0.79992				2
2026.03.30	02:06:29.817		0.79998			4
2026.03.30	02:06:30.118		0.79999			4
2026.03.30	02:06:30.417	0.79991	0.79998			6
2026.03.30	02:06:30.717	0.79993	0.79999			6
2026.03.30	02:06:32.418	0.79992				2
2026.03.30	02:06:35.121	0.79991	0.79997			6
2026.03.30	02:06:36.445		0.79996			4
2026.03.30	02:06:36.746		0.79997			4
2026.03.30	02:06:41.111		0.79998			4
2026.03.30	02:06:43.105		0.79999			4
2026.03.30	02:06:45.789	0.79992				2
2026.03.30	02:06:46.089	0.79991	0.79998			6
2026.03.30	02:06:46.743	0.79992	0.79999			6
2026.03.30	02:06:50.660	0.79991	0.79998			6
2026.03.30	02:06:50.960	0.79990				2
2026.03.30	02:06:51.260		0.79997			4
2026.03.30	02:06:53.583	0.79991	0.79998			6
2026.03.30	02:07:00.087	0.79991				2
2026.03.30	02:07:04.299	0.79990	0.79997			6
2026.03.30	02:07:04.599	0.79989				2
2026.03.30	02:07:05.543	0.79987	0.79993			6
2026.03.30	02:07:08.847	0.79988				2
2026.03.30	02:07:09.146	0.79987	0.79994			6
2026.03.30	02:07:11.333		0.79993			4
2026.03.30	02:07:14.417		0.79995			4
2026.03.30	02:07:15.319	0.79988				2
2026.03.30	02:07:18.865	0.79987	0.79994			6
2026.03.30	02:07:27.247	0.79990	0.79996			6
2026.03.30	02:07:30.415	0.79989	0.79997			6
2026.03.30	02:07:35.550	0.79990	0.79996			6
2026.03.30	02:07:35.851	0.79987	0.79994			6
2026.03.30	02:07:41.474	0.79989	0.79996			6
2026.03.30	02:07:43.276		0.79995			4
2026.03.30	02:07:45.964		0.79996			4
2026.03.30	02:07:49.280		0.79995			4
2026.03.30	02:07:49.581		0.79996			4
2026.03.30	02:07:51.532		0.79998			4
2026.03.30	02:07:52.585	0.79987	0.79994			6
2026.03.30	02:07:54.111		0.79993			4
2026.03.30	02:07:55.011	0.79986				2
2026.03.30	02:07:55.612		0.79994			4
2026.03.30	02:07:56.859		0.79993			4
2026.03.30	02:08:00.071	0.79987				2
2026.03.30	02:08:00.370	0.79985				2
2026.03.30	02:08:04.381	0.79986	0.79994			6
2026.03.30	02:08:05.583	0.79984	0.79993			6
2026.03.30	02:08:07.304	0.79986	0.79994			6
2026.03.30	02:08:07.970	0.79987	0.79995			6
2026.03.30	02:08:09.170	0.79988	0.79996			6
2026.03.30	02:08:10.371	0.79989	0.79998			6
2026.03.30	02:08:10.672	0.79990				2
2026.03.30	02:08:10.971	0.79989	0.79997			6
2026.03.30	02:08:13.778	0.79986	0.79995			6
2026.03.30	02:08:16.963	0.79988	0.79996			6
2026.03.30	02:08:20.291		0.79995			4
2026.03.30	02:08:24.825	0.79987				2
2026.03.30	02:08:25.126	0.79988				2
2026.03.30	02:08:27.062	0.79987				2
2026.03.30	02:08:27.437	0.79988				2
2026.03.30	02:08:32.701	0.79987	0.79993			6
2026.03.30	02:08:34.582	0.79988	0.79994			6
2026.03.30	02:08:34.882	0.79986				2
2026.03.30	02:08:35.182	0.79991	0.79999			6
2026.03.30	02:08:38.502		0.79998			4
2026.03.30	02:08:39.150	0.79989				2
2026.03.30	02:08:39.804		0.79997			4
2026.03.30	02:08:41.392		0.79998			4
2026.03.30	02:08:41.692		0.79997			4
2026.03.30	02:08:47.351	0.79988	0.79995			6
2026.03.30	02:08:47.651	0.79987	0.79996			6
2026.03.30	02:08:48.542	0.79990	0.79993			6
2026.03.30	02:08:49.141		0.79992			4
2026.03.30	02:08:50.341	0.79991				2
2026.03.30	02:08:51.243	0.79987	0.79996			6
2026.03.30	02:08:52.246	0.79988				2
2026.03.30	02:08:53.179	0.79989	0.79997			6
2026.03.30	02:08:58.588		0.79998			4
2026.03.30	02:09:00.277	0.79989				2
2026.03.30	02:09:01.177	0.79990				2
2026.03.30	02:09:02.469	0.79991	0.79999			6
2026.03.30	02:09:02.770		0.79998			4
2026.03.30	02:09:04.427	0.79992				2
2026.03.30	02:09:05.802	0.79991				2
2026.03.30	02:09:08.800		0.79996			4
2026.03.30	02:09:10.304		0.79997			4
2026.03.30	02:09:11.077		0.79996			4
2026.03.30	02:09:12.868	0.79990	0.79997			6
2026.03.30	02:09:15.147		0.79996			4
2026.03.30	02:09:17.307		0.79997			4
2026.03.30	02:09:21.121	0.79989	0.79995			6
2026.03.30	02:09:22.775	0.79988				2
2026.03.30	02:09:27.691	0.79989				2
2026.03.30	02:09:33.776		0.79996			4
2026.03.30	02:09:34.486	0.79988	0.79995			6
2026.03.30	02:09:36.267	0.79989				2
2026.03.30	02:09:36.567	0.79988				2
2026.03.30	02:09:41.386		0.79994			4
