<DATE>	<TIME>	<BID>	<ASK>	<LAST>	<VOLUME>	<FLAGS>
2026.03.13	00:03:30.584	0.78524	0.78577			6
2026.03.13	00:03:45.193		0.78579			4
2026.03.13	00:03:49.411		0.78574			4
2026.03.13	00:03:59.486		0.78577			4
2026.03.13	00:04:06.346	0.78524	0.78579			6
2026.03.13	00:04:08.347		0.78577			4
2026.03.13	00:04:08.647		0.78579			4
2026.03.13	00:04:51.347		0.78582			4
2026.03.13	00:04:57.347		0.78585			4
2026.03.13	00:05:00.036	0.78524				2
2026.03.13	00:05:00.339		0.78605			4
2026.03.13	00:05:00.639		0.78600			4
2026.03.13	00:05:06.470		0.78562			4
2026.03.13	00:05:06.770		0.78567			4
2026.03.13	00:05:07.672		0.78562			4
2026.03.13	00:05:08.169		0.78567			4
2026.03.13	00:05:30.329		0.78558			4
2026.03.13	00:05:40.013	0.78534	0.78573			6
2026.03.13	00:05:43.622	0.78551	0.78599			6
2026.03.13	00:06:11.057	0.78551				2
2026.03.13	00:06:16.927	0.78544	0.78587			6
2026.03.13	00:07:00.047	0.78544				2
2026.03.13	00:07:17.789		0.78587			4
2026.03.13	00:08:05.240	0.78544				2
2026.03.13	00:08:18.557		0.78587			4
2026.03.13	00:09:01.630	0.78544				2
2026.03.13	00:09:19.506		0.78587			4
2026.03.13	00:10:00.072	0.78544	0.78596			6
2026.03.13	00:10:11.499	0.78527	0.78602			6
2026.03.13	00:11:00.263	0.78527				2
2026.03.13	00:11:11.702		0.78602			4
2026.03.13	00:11:13.812		0.78601			4
2026.03.13	00:11:18.036	0.78520	0.78604			6
2026.03.13	00:11:19.095	0.78544	0.78596			6
2026.03.13	00:12:01.090	0.78544				2
2026.03.13	00:12:24.490		0.78596			4
2026.03.13	00:13:01.057	0.78544				2
2026.03.13	00:13:26.684		0.78596			4
2026.03.13	00:14:00.045	0.78544				2
2026.03.13	00:14:31.636		0.78596			4
2026.03.13	00:15:00.004	0.78544				2
2026.03.13	00:15:33.625		0.78596			4
2026.03.13	00:16:00.176	0.78544				2
2026.03.13	00:16:07.170		0.78607			4
2026.03.13	00:16:08.593		0.78596			4
2026.03.13	00:17:02.890	0.78544				2
2026.03.13	00:17:11.056		0.78596			4
2026.03.13	00:17:12.358		0.78600			4
2026.03.13	00:17:42.643		0.78606			4
2026.03.13	00:17:43.143		0.78600			4
2026.03.13	00:17:43.643		0.78595			4
2026.03.13	00:17:44.244		0.78600			4
2026.03.13	00:17:44.644		0.78606			4
2026.03.13	00:17:45.401		0.78600			4
2026.03.13	00:17:45.703		0.78606			4
2026.03.13	00:17:46.306		0.78600			4
2026.03.13	00:18:03.489	0.78544				2
2026.03.13	00:18:08.349		0.78602			4
2026.03.13	00:19:02.283	0.78544				2
2026.03.13	00:19:15.789		0.78602			4
2026.03.13	00:20:01.390	0.78544				2
2026.03.13	00:20:17.889		0.78602			4
2026.03.13	00:21:03.935	0.78544				2
2026.03.13	00:21:20.046		0.78602			4
2026.03.13	00:21:30.343	0.78551				2
2026.03.13	00:21:30.644	0.78544				2
2026.03.13	00:22:00.490	0.78544				2
2026.03.13	00:22:20.176		0.78602			4
2026.03.13	00:23:03.490	0.78544				2
2026.03.13	00:23:20.420		0.78602			4
2026.03.13	00:23:28.545		0.78601			4
2026.03.13	00:23:29.889		0.78600			4
2026.03.13	00:23:48.192		0.78601			4
2026.03.13	00:24:02.289	0.78544				2
2026.03.13	00:24:16.090		0.78602			4
2026.03.13	00:24:40.647	0.78550				2
2026.03.13	00:25:00.489	0.78549				2
2026.03.13	00:25:03.442	0.78546	0.78605			6
2026.03.13	00:25:07.690		0.78606			4
2026.03.13	00:25:47.053	0.78545				2
2026.03.13	00:25:59.290		0.78607			4
2026.03.13	00:26:01.090	0.78545				2
2026.03.13	00:27:00.423	0.78545	0.78607			6
2026.03.13	00:27:17.212	0.78544				2
2026.03.13	00:27:18.190	0.78545				2
2026.03.13	00:28:02.290	0.78544	0.78607			6
2026.03.13	00:28:12.190	0.78545				2
2026.03.13	00:28:16.390	0.78544				2
2026.03.13	00:28:42.492		0.78608			4
2026.03.13	00:28:52.278	0.78545	0.78607			6
2026.03.13	00:29:01.090	0.78545				2
2026.03.13	00:29:30.105	0.78544				2
2026.03.13	00:29:31.485		0.78608			4
2026.03.13	00:30:00.002	0.78544				2
2026.03.13	00:30:12.489		0.78609			4
2026.03.13	00:30:37.356	0.78546	0.78606			6
2026.03.13	00:30:37.655	0.78544	0.78609			6
2026.03.13	00:30:41.658	0.78546	0.78606			6
2026.03.13	00:30:41.958	0.78544	0.78609			6
2026.03.13	00:30:45.968	0.78546	0.78606			6
2026.03.13	00:30:49.094	0.78544	0.78608			6
2026.03.13	00:30:55.886		0.78609			4
2026.03.13	00:31:04.358	0.78544				2
2026.03.13	00:31:07.390		0.78610			4
2026.03.13	00:31:09.190		0.78609			4
2026.03.13	00:31:12.466	0.78545	0.78606			6
2026.03.13	00:31:16.656	0.78544	0.78609			6
2026.03.13	00:31:32.290		0.78608			4
2026.03.13	00:31:37.512	0.78532	0.78600			6
2026.03.13	00:31:49.850		0.78599			4
2026.03.13	00:32:01.989	0.78532				2
2026.03.13	00:32:16.716		0.78600			4
2026.03.13	00:32:20.175		0.78599			4
2026.03.13	00:32:26.891		0.78600			4
2026.03.13	00:32:30.175		0.78599			4
2026.03.13	00:32:37.581		0.78589			4
2026.03.13	00:32:51.651		0.78591			4
2026.03.13	00:33:00.175	0.78532				2
2026.03.13	00:33:52.692		0.78591			4
2026.03.13	00:34:00.176	0.78532				2
2026.03.13	00:34:46.707	0.78562				2
2026.03.13	00:34:47.015	0.78532				2
2026.03.13	00:34:47.318	0.78562				2
2026.03.13	00:34:47.624	0.78532				2
2026.03.13	00:34:47.925	0.78562				2
2026.03.13	00:34:48.230	0.78532				2
2026.03.13	00:34:48.530	0.78562				2
2026.03.13	00:34:48.831	0.78532				2
2026.03.13	00:34:49.131	0.78562				2
2026.03.13	00:34:49.432	0.78532				2
2026.03.13	00:34:49.732	0.78562				2
2026.03.13	00:34:50.034	0.78532				2
2026.03.13	00:34:52.992		0.78591			4
2026.03.13	00:35:06.591	0.78532	0.78599			6
2026.03.13	00:35:07.396		0.78596			4
2026.03.13	00:35:07.726		0.78599			4
2026.03.13	00:35:08.396		0.78596			4
2026.03.13	00:35:11.396		0.78599			4
2026.03.13	00:35:33.056		0.78596			4
2026.03.13	00:35:33.360		0.78599			4
2026.03.13	00:35:35.056		0.78596			4
2026.03.13	00:35:36.488		0.78591			4
2026.03.13	00:36:00.175	0.78532				2
2026.03.13	00:36:10.941		0.78596			4
2026.03.13	00:36:13.282		0.78599			4
2026.03.13	00:36:26.625		0.78590			4
2026.03.13	00:36:33.489		0.78595			4
2026.03.13	00:36:36.490		0.78590			4
2026.03.13	00:36:55.223		0.78591			4
2026.03.13	00:36:55.722		0.78590			4
2026.03.13	00:36:57.778		0.78589			4
2026.03.13	00:36:58.080		0.78598			4
2026.03.13	00:37:00.175	0.78532				2
2026.03.13	00:37:02.390		0.78590			4
2026.03.13	00:37:02.694		0.78589			4
2026.03.13	00:37:05.734	0.78533				2
2026.03.13	00:37:11.766	0.78532				2
2026.03.13	00:37:14.775		0.78590			4
2026.03.13	00:37:20.238		0.78591			4
2026.03.13	00:37:20.842		0.78590			4
2026.03.13	00:37:27.112		0.78591			4
2026.03.13	00:37:29.750		0.78589			4
2026.03.13	00:37:30.354	0.78539				2
2026.03.13	00:37:32.085	0.78532				2
2026.03.13	00:37:32.390	0.78539				2
2026.03.13	00:37:47.524	0.78532				2
2026.03.13	00:37:55.989	0.78539				2
2026.03.13	00:38:00.087	0.78539				2
2026.03.13	00:38:05.866		0.78590			4
2026.03.13	00:38:10.810		0.78589			4
2026.03.13	00:38:16.718	0.78544	0.78590			6
2026.03.13	00:38:21.098	0.78541				2
2026.03.13	00:38:21.401	0.78540				2
2026.03.13	00:38:44.535	0.78541				2
2026.03.13	00:38:44.836	0.78542				2
2026.03.13	00:38:48.791	0.78541				2
2026.03.13	00:38:54.540	0.78542				2
2026.03.13	00:38:55.402	0.78543				2
2026.03.13	00:38:57.696	0.78542				2
2026.03.13	00:39:00.176	0.78542				2
2026.03.13	00:39:04.690	0.78543				2
2026.03.13	00:39:11.124	0.78545				2
2026.03.13	00:39:12.905	0.78555				2
2026.03.13	00:39:13.740	0.78553				2
2026.03.13	00:39:14.287	0.78551				2
2026.03.13	00:39:14.588	0.78550				2
2026.03.13	00:39:16.425		0.78591			4
2026.03.13	00:39:25.105	0.78551				2
2026.03.13	00:39:33.720	0.78555				2
2026.03.13	00:39:40.390	0.78556				2
2026.03.13	00:39:43.091	0.78555				2
2026.03.13	00:39:54.215	0.78556				2
2026.03.13	00:39:56.390		0.78586			4
2026.03.13	00:39:56.889		0.78596			4
2026.03.13	00:39:57.389		0.78586			4
2026.03.13	00:39:57.889		0.78591			4
2026.03.13	00:39:58.389		0.78586			4
2026.03.13	00:39:58.889		0.78591			4
2026.03.13	00:39:59.390		0.78586			4
2026.03.13	00:39:59.890		0.78596			4
2026.03.13	00:40:00.189	0.78556				2
2026.03.13	00:40:00.490		0.78591			4
2026.03.13	00:41:01.002	0.78556	0.78591			6
2026.03.13	00:41:03.923	0.78557				2
2026.03.13	00:41:08.509	0.78556				2
2026.03.13	00:41:18.042	0.78553				2
2026.03.13	00:41:20.486	0.78554				2
2026.03.13	00:41:30.093	0.78555				2
2026.03.13	00:41:32.153		0.78590			4
2026.03.13	00:41:32.453		0.78591			4
2026.03.13	00:41:35.181		0.78590			4
2026.03.13	00:41:35.483	0.78557	0.78591			6
2026.03.13	00:41:38.281	0.78558				2
2026.03.13	00:41:49.389	0.78559				2
2026.03.13	00:42:02.157	0.78559				2
2026.03.13	00:42:15.490	0.78558				2
2026.03.13	00:42:25.046	0.78557				2
2026.03.13	00:42:34.456	0.78558				2
2026.03.13	00:42:36.363		0.78591			4
2026.03.13	00:42:55.376	0.78555				2
2026.03.13	00:43:00.175	0.78555				2
2026.03.13	00:43:01.813	0.78556				2
2026.03.13	00:43:16.033		0.78595			4
2026.03.13	00:43:17.034		0.78591			4
2026.03.13	00:43:18.534		0.78586			4
2026.03.13	00:43:19.033		0.78591			4
2026.03.13	00:43:21.133	0.78555				2
2026.03.13	00:43:40.104	0.78556				2
2026.03.13	00:43:43.074	0.78557				2
2026.03.13	00:44:09.370	0.78557				2
2026.03.13	00:44:15.574	0.78556				2
2026.03.13	00:44:19.033		0.78591			4
2026.03.13	00:44:50.590	0.78557				2
2026.03.13	00:45:00.177	0.78557				2
2026.03.13	00:45:00.825	0.78556				2
2026.03.13	00:45:03.083	0.78550	0.78596			6
2026.03.13	00:45:03.383	0.78547	0.78606			6
2026.03.13	00:45:06.697	0.78556	0.78591			6
2026.03.13	00:45:08.432	0.78554				2
2026.03.13	00:45:16.968	0.78553				2
2026.03.13	00:45:27.078	0.78552				2
2026.03.13	00:45:34.229	0.78551				2
2026.03.13	00:45:34.833	0.78553				2
2026.03.13	00:45:40.493	0.78555				2
2026.03.13	00:45:40.793	0.78556				2
2026.03.13	00:45:42.970	0.78555				2
2026.03.13	00:45:54.201	0.78556				2
2026.03.13	00:45:59.507		0.78586			4
2026.03.13	00:46:00.007	0.78556	0.78591			6
2026.03.13	00:46:00.507		0.78586			4
2026.03.13	00:46:01.008		0.78591			4
2026.03.13	00:46:02.008		0.78595			4
2026.03.13	00:46:02.507		0.78586			4
2026.03.13	00:46:03.007		0.78591			4
2026.03.13	00:46:08.127	0.78557				2
2026.03.13	00:46:10.103	0.78556				2
2026.03.13	00:46:17.531	0.78557				2
2026.03.13	00:46:17.831	0.78554				2
2026.03.13	00:46:48.092	0.78555				2
2026.03.13	00:47:01.056	0.78555				2
2026.03.13	00:47:03.038	0.78548	0.78596			6
2026.03.13	00:47:03.337	0.78547	0.78606			6
2026.03.13	00:47:06.345	0.78555	0.78591			6
2026.03.13	00:47:08.169	0.78554				2
2026.03.13	00:47:15.211	0.78557				2
2026.03.13	00:47:31.653	0.78558				2
2026.03.13	00:47:47.889	0.78557				2
2026.03.13	00:48:02.631	0.78556				2
2026.03.13	00:48:02.933	0.78557				2
2026.03.13	00:48:07.233		0.78591			4
2026.03.13	00:48:21.906	0.78558				2
2026.03.13	00:48:22.206	0.78556				2
2026.03.13	00:48:24.253	0.78554				2
2026.03.13	00:48:24.553	0.78556				2
2026.03.13	00:48:26.383	0.78554				2
2026.03.13	00:48:55.990	0.78555				2
2026.03.13	00:48:59.667	0.78558				2
2026.03.13	00:49:02.236	0.78558				2
2026.03.13	00:49:06.619	0.78557				2
2026.03.13	00:49:09.326		0.78591			4
2026.03.13	00:49:09.627	0.78554				2
2026.03.13	00:49:26.735	0.78558				2
2026.03.13	00:49:39.035		0.78592			4
2026.03.13	00:49:39.337	0.78556				2
2026.03.13	00:49:45.455	0.78554				2
2026.03.13	00:49:45.755	0.78557				2
2026.03.13	00:49:46.056	0.78554				2
2026.03.13	00:50:00.466	0.78554				2
2026.03.13	00:50:00.766	0.78555				2
2026.03.13	00:50:05.170	0.78556				2
2026.03.13	00:50:12.101	0.78555				2
2026.03.13	00:50:17.590	0.78554				2
2026.03.13	00:50:20.787	0.78553				2
2026.03.13	00:50:21.893	0.78554				2
2026.03.13	00:50:22.192	0.78557				2
2026.03.13	00:50:37.196	0.78555				2
2026.03.13	00:50:40.389	0.78556	0.78592			6
2026.03.13	00:50:41.590	0.78555				2
2026.03.13	00:50:41.891	0.78556				2
2026.03.13	00:50:44.590	0.78557				2
2026.03.13	00:50:54.974	0.78556				2
2026.03.13	00:50:55.275	0.78558				2
2026.03.13	00:51:02.590	0.78558				2
2026.03.13	00:51:07.302	0.78555				2
2026.03.13	00:51:07.602	0.78554				2
2026.03.13	00:51:16.750	0.78559				2
2026.03.13	00:51:17.373	0.78556				2
2026.03.13	00:51:35.890	0.78555				2
2026.03.13	00:51:43.390	0.78556	0.78592			6
2026.03.13	00:52:00.175	0.78556				2
2026.03.13	00:52:05.385	0.78558				2
2026.03.13	00:52:05.987	0.78554				2
2026.03.13	00:52:06.288	0.78558				2
2026.03.13	00:52:06.894	0.78556				2
2026.03.13	00:52:07.194	0.78555				2
2026.03.13	00:52:07.794	0.78558				2
2026.03.13	00:52:08.095	0.78556				2
2026.03.13	00:52:08.395	0.78555				2
2026.03.13	00:52:08.696	0.78558				2
2026.03.13	00:52:12.652	0.78555				2
2026.03.13	00:52:15.079	0.78556				2
2026.03.13	00:52:20.889	0.78555				2
2026.03.13	00:52:27.452	0.78556				2
2026.03.13	00:52:27.758	0.78559				2
2026.03.13	00:52:31.666	0.78558				2
2026.03.13	00:52:31.967	0.78559				2
2026.03.13	00:52:41.401	0.78564	0.78591			6
2026.03.13	00:52:47.589	0.78565				2
2026.03.13	00:52:51.480		0.78593			4
2026.03.13	00:52:58.149	0.78564				2
2026.03.13	00:53:03.362	0.78563				2
2026.03.13	00:53:03.662	0.78564				2
2026.03.13	00:53:07.563		0.78599			4
2026.03.13	00:53:07.866		0.78593			4
2026.03.13	00:53:27.490	0.78565				2
2026.03.13	00:53:38.331	0.78566				2
2026.03.13	00:53:38.635	0.78565				2
2026.03.13	00:53:39.973	0.78566				2
2026.03.13	00:53:43.379	0.78565				2
2026.03.13	00:53:43.682	0.78566				2
2026.03.13	00:53:49.090	0.78565				2
2026.03.13	00:53:52.089	0.78566				2
2026.03.13	00:54:00.175	0.78566				2
2026.03.13	00:54:12.410		0.78592			4
2026.03.13	00:54:15.260	0.78568				2
2026.03.13	00:54:23.394	0.78569				2
2026.03.13	00:54:33.886	0.78576				2
2026.03.13	00:54:38.216	0.78570				2
2026.03.13	00:54:45.152		0.78593			4
2026.03.13	00:54:45.454	0.78571	0.78594			6
2026.03.13	00:54:48.396	0.78576				2
2026.03.13	00:54:50.107		0.78592			4
2026.03.13	00:54:54.100	0.78570				2
2026.03.13	00:55:00.069	0.78570				2
2026.03.13	00:55:03.809	0.78575				2
2026.03.13	00:55:07.213		0.78600			4
2026.03.13	00:55:07.990		0.78592			4
2026.03.13	00:55:09.322		0.78595			4
2026.03.13	00:55:09.626		0.78592			4
2026.03.13	00:55:19.518	0.78564	0.78595			6
2026.03.13	00:55:21.024		0.78592			4
2026.03.13	00:55:24.941	0.78532	0.78613			6
2026.03.13	00:55:25.238		0.78614			4
2026.03.13	00:55:25.539		0.78615			4
2026.03.13	00:55:27.041		0.78614			4
2026.03.13	00:55:28.850		0.78613			4
2026.03.13	00:55:34.559		0.78614			4
2026.03.13	00:55:37.262		0.78613			4
2026.03.13	00:55:47.800		0.78614			4
2026.03.13	00:55:48.702		0.78615			4
2026.03.13	00:55:51.427		0.78614			4
2026.03.13	00:55:56.232		0.78615			4
2026.03.13	00:55:57.135		0.78614			4
2026.03.13	00:56:00.143	0.78532				2
2026.03.13	00:56:01.649		0.78615			4
2026.03.13	00:56:03.756		0.78600			4
2026.03.13	00:56:13.672		0.78615			4
2026.03.13	00:56:26.033		0.78619			4
2026.03.13	00:56:27.236		0.78620			4
2026.03.13	00:56:33.555		0.78599			4
2026.03.13	00:56:43.774		0.78616			4
2026.03.13	00:56:48.595		0.78599			4
2026.03.13	00:56:59.129		0.78616			4
2026.03.13	00:57:00.033	0.78532				2
2026.03.13	00:57:03.647		0.78599			4
2026.03.13	00:57:13.875		0.78620			4
2026.03.13	00:57:21.097		0.78617			4
2026.03.13	00:57:31.328		0.78616			4
2026.03.13	00:57:39.455		0.78604			4
2026.03.13	00:57:49.971		0.78616			4
2026.03.13	00:57:54.479		0.78604			4
2026.03.13	00:57:59.897		0.78609			4
2026.03.13	00:58:00.200	0.78532				2
2026.03.13	00:58:25.194		0.78610			4
2026.03.13	00:58:41.443		0.78611			4
2026.03.13	00:58:42.945		0.78612			4
2026.03.13	00:58:51.071		0.78610			4
2026.03.13	00:59:00.097	0.78532				2
2026.03.13	00:59:09.124		0.78611			4
2026.03.13	00:59:30.176		0.78610			4
2026.03.13	00:59:33.783		0.78611			4
2026.03.13	00:59:39.191		0.78612			4
2026.03.13	00:59:40.092		0.78611			4
2026.03.13	00:59:41.295		0.78612			4
2026.03.13	00:59:44.598		0.78611			4
2026.03.13	00:59:46.102		0.78612			4
2026.03.13	00:59:51.821		0.78611			4
2026.03.13	00:59:55.739		0.78612			4
2026.03.13	00:59:56.039		0.78611			4
2026.03.13	01:00:00.250	0.78532	0.78600			6
2026.03.13	01:00:00.855		0.78610			4
2026.03.13	01:00:01.157	0.78521				2
2026.03.13	01:00:02.057	0.78523	0.78611			6
2026.03.13	01:00:02.358	0.78528	0.78598			6
2026.03.13	01:00:02.653	0.78532	0.78599			6
2026.03.13	01:00:02.956	0.78534				2
2026.03.13	01:00:03.256	0.78529				2
2026.03.13	01:00:03.553	0.78509	0.78611			6
2026.03.13	01:00:05.059	0.78512	0.78604			6
2026.03.13	01:00:07.164	0.78537	0.78599			6
2026.03.13	01:00:08.660	0.78540				2
2026.03.13	01:00:09.559	0.78538				2
2026.03.13	01:00:10.762		0.78601			4
2026.03.13	01:00:12.862		0.78600			4
2026.03.13	01:00:13.466	0.78541				2
2026.03.13	01:00:14.664	0.78536	0.78598			6
2026.03.13	01:00:14.965	0.78538				2
2026.03.13	01:00:15.566		0.78599			4
2026.03.13	01:00:17.067	0.78537				2
2026.03.13	01:00:18.566		0.78600			4
2026.03.13	01:00:19.169		0.78599			4
2026.03.13	01:00:19.468	0.78533				2
2026.03.13	01:00:20.368	0.78532				2
2026.03.13	01:00:20.669	0.78536	0.78601			6
2026.03.13	01:00:20.969	0.78535				2
2026.03.13	01:00:22.170		0.78603			4
2026.03.13	01:00:23.672		0.78602			4
2026.03.13	01:00:24.572	0.78532				2
2026.03.13	01:00:26.074	0.78535	0.78603			6
2026.03.13	01:00:32.679		0.78604			4
2026.03.13	01:00:34.184	0.78538				2
2026.03.13	01:00:34.484	0.78540				2
2026.03.13	01:00:36.887		0.78600			4
2026.03.13	01:00:39.591	0.78542				2
2026.03.13	01:00:40.492	0.78594	0.78629			6
2026.03.13	01:00:40.793	0.78566	0.78621			6
2026.03.13	01:00:41.094	0.78563	0.78618			6
2026.03.13	01:00:41.394		0.78617			4
2026.03.13	01:00:41.699		0.78618			4
2026.03.13	01:00:41.997	0.78564	0.78619			6
2026.03.13	01:00:42.599		0.78623			4
2026.03.13	01:00:43.501		0.78621			4
2026.03.13	01:00:43.800	0.78559				2
2026.03.13	01:00:44.402	0.78551	0.78619			6
2026.03.13	01:00:45.005		0.78621			4
2026.03.13	01:00:46.508		0.78614			4
2026.03.13	01:00:47.709		0.78617			4
2026.03.13	01:00:48.311		0.78618			4
2026.03.13	01:00:49.515	0.78557	0.78625			6
2026.03.13	01:00:49.815	0.78551	0.78620			6
2026.03.13	01:00:50.116	0.78549	0.78623			6
2026.03.13	01:00:51.019	0.78548	0.78620			6
2026.03.13	01:00:51.318	0.78559	0.78633			6
2026.03.13	01:00:51.617	0.78555	0.78637			6
2026.03.13	01:00:51.918		0.78632			4
2026.03.13	01:00:52.217		0.78622			4
2026.03.13	01:00:52.517		0.78623			4
2026.03.13	01:00:53.119		0.78628			4
2026.03.13	01:00:54.018		0.78631			4
2026.03.13	01:00:54.321		0.78630			4
2026.03.13	01:00:54.616	0.78549				2
2026.03.13	01:00:54.915		0.78631			4
2026.03.13	01:00:59.422	0.78555				2
2026.03.13	01:01:00.027	0.78555	0.78632			6
2026.03.13	01:01:00.327		0.78628			4
2026.03.13	01:01:01.232		0.78625			4
2026.03.13	01:01:01.530		0.78628			4
2026.03.13	01:01:02.135	0.78554	0.78629			6
2026.03.13	01:01:03.638	0.78557				2
2026.03.13	01:01:03.938	0.78556				2
2026.03.13	01:01:04.842		0.78633			4
2026.03.13	01:01:05.143		0.78628			4
2026.03.13	01:01:05.442		0.78629			4
2026.03.13	01:01:05.745	0.78553				2
2026.03.13	01:01:06.043	0.78556				2
2026.03.13	01:01:06.345		0.78628			4
2026.03.13	01:01:06.641	0.78552	0.78625			6
2026.03.13	01:01:08.147	0.78555	0.78629			6
2026.03.13	01:01:08.447		0.78631			4
2026.03.13	01:01:08.748		0.78627			4
2026.03.13	01:01:09.646	0.78551				2
2026.03.13	01:01:10.247		0.78628			4
2026.03.13	01:01:11.152	0.78548	0.78629			6
2026.03.13	01:01:11.753	0.78551	0.78630			6
2026.03.13	01:01:12.053		0.78629			4
2026.03.13	01:01:12.353	0.78556	0.78633			6
2026.03.13	01:01:12.953		0.78634			4
2026.03.13	01:01:13.252		0.78632			4
2026.03.13	01:01:13.857		0.78631			4
2026.03.13	01:01:14.158		0.78632			4
2026.03.13	01:01:14.456	0.78557				2
2026.03.13	01:01:14.758	0.78554				2
2026.03.13	01:01:15.058	0.78553				2
2026.03.13	01:01:15.359	0.78559	0.78635			6
2026.03.13	01:01:15.660		0.78625			4
2026.03.13	01:01:15.956	0.78560	0.78630			6
2026.03.13	01:01:16.556	0.78559	0.78627			6
2026.03.13	01:01:17.758		0.78626			4
2026.03.13	01:01:18.059		0.78627			4
2026.03.13	01:01:18.962		0.78628			4
2026.03.13	01:01:19.564	0.78565				2
2026.03.13	01:01:19.859	0.78566	0.78630			6
2026.03.13	01:01:20.463		0.78631			4
2026.03.13	01:01:20.763		0.78635			4
2026.03.13	01:01:21.365		0.78639			4
2026.03.13	01:01:22.564	0.78577	0.78636			6
2026.03.13	01:01:22.865		0.78637			4
2026.03.13	01:01:23.168		0.78638			4
2026.03.13	01:01:23.465	0.78579				2
2026.03.13	01:01:24.670	0.78580				2
2026.03.13	01:01:24.961	0.78582				2
2026.03.13	01:01:25.563	0.78581				2
2026.03.13	01:01:25.865		0.78637			4
2026.03.13	01:01:26.163		0.78636			4
2026.03.13	01:01:26.464	0.78580	0.78637			6
2026.03.13	01:01:27.672		0.78636			4
2026.03.13	01:01:27.969	0.78591	0.78639			6
2026.03.13	01:01:28.871	0.78592				2
2026.03.13	01:01:30.674	0.78594	0.78634			6
2026.03.13	01:01:30.971	0.78592	0.78637			6
2026.03.13	01:01:31.276		0.78639			4
2026.03.13	01:01:31.873		0.78643			4
2026.03.13	01:01:32.475	0.78596	0.78640			6
2026.03.13	01:01:33.078	0.78597	0.78642			6
2026.03.13	01:01:33.379		0.78640			4
2026.03.13	01:01:33.680	0.78595				2
2026.03.13	01:01:33.975		0.78642			4
2026.03.13	01:01:34.276	0.78596	0.78639			6
2026.03.13	01:01:34.874	0.78598	0.78646			6
2026.03.13	01:01:35.173		0.78648			4
2026.03.13	01:01:35.475		0.78647			4
2026.03.13	01:01:36.078	0.78597				2
2026.03.13	01:01:36.374	0.78596	0.78646			6
2026.03.13	01:01:37.577		0.78647			4
2026.03.13	01:01:38.475	0.78597	0.78637			6
2026.03.13	01:01:39.077	0.78596				2
2026.03.13	01:01:39.676	0.78595				2
2026.03.13	01:01:39.977		0.78640			4
2026.03.13	01:01:40.278		0.78637			4
2026.03.13	01:01:42.380		0.78636			4
2026.03.13	01:01:42.980		0.78637			4
2026.03.13	01:01:43.281		0.78636			4
2026.03.13	01:01:44.486	0.78593				2
2026.03.13	01:01:45.685	0.78592				2
2026.03.13	01:01:45.985	0.78593				2
2026.03.13	01:01:47.487	0.78594	0.78637			6
2026.03.13	01:01:47.782		0.78641			4
2026.03.13	01:01:49.588	0.78596				2
2026.03.13	01:01:51.991	0.78595				2
2026.03.13	01:01:53.194	0.78594				2
2026.03.13	01:01:54.699	0.78595				2
2026.03.13	01:01:55.000	0.78596				2
2026.03.13	01:01:55.300	0.78595				2
2026.03.13	01:01:55.601		0.78642			4
2026.03.13	01:01:56.202	0.78597				2
2026.03.13	01:01:56.501	0.78596				2
2026.03.13	01:01:57.704	0.78597				2
2026.03.13	01:01:58.301	0.78599	0.78643			6
2026.03.13	01:02:00.111	0.78599				2
2026.03.13	01:02:02.811	0.78600				2
2026.03.13	01:02:03.117	0.78599				2
2026.03.13	01:02:04.615	0.78602				2
2026.03.13	01:02:05.515	0.78603				2
2026.03.13	01:02:08.519		0.78642			4
2026.03.13	01:02:09.421	0.78604				2
2026.03.13	01:02:14.225	0.78606				2
2026.03.13	01:02:14.525	0.78608				2
2026.03.13	01:02:15.126	0.78617	0.78643			6
2026.03.13	01:02:15.728		0.78644			4
2026.03.13	01:02:16.026		0.78643			4
2026.03.13	01:02:19.030	0.78615				2
2026.03.13	01:02:19.634	0.78617				2
2026.03.13	01:02:21.436	0.78616	0.78644			6
2026.03.13	01:02:29.555	0.78617				2
2026.03.13	01:02:34.062		0.78647			4
2026.03.13	01:02:34.663	0.78626				2
2026.03.13	01:02:35.265	0.78622	0.78642			6
2026.03.13	01:02:36.161		0.78640			4
2026.03.13	01:02:37.664	0.78621				2
2026.03.13	01:02:38.565	0.78620				2
2026.03.13	01:02:39.466	0.78621				2
2026.03.13	01:02:39.768		0.78639			4
2026.03.13	01:02:40.669	0.78619				2
2026.03.13	01:02:40.971		0.78638			4
2026.03.13	01:02:41.571		0.78639			4
2026.03.13	01:02:41.867		0.78638			4
2026.03.13	01:02:43.667	0.78620				2
2026.03.13	01:02:45.171		0.78639			4
2026.03.13	01:02:46.070	0.78621				2
2026.03.13	01:02:46.672	0.78624	0.78640			6
2026.03.13	01:02:46.971	0.78625				2
2026.03.13	01:02:48.177	0.78623				2
2026.03.13	01:02:48.478	0.78624	0.78642			6
2026.03.13	01:02:49.076	0.78626				2
2026.03.13	01:02:49.379	0.78627				2
2026.03.13	01:02:52.378	0.78628				2
2026.03.13	01:02:52.685	0.78627				2
2026.03.13	01:02:53.580	0.78628	0.78641			6
2026.03.13	01:02:53.884	0.78626	0.78643			6
2026.03.13	01:02:54.781	0.78627	0.78642			6
2026.03.13	01:02:55.682	0.78630	0.78644			6
2026.03.13	01:02:58.087		0.78650			4
2026.03.13	01:02:58.987	0.78633	0.78651			6
2026.03.13	01:03:00.199	0.78633				2
2026.03.13	01:03:00.799	0.78631				2
2026.03.13	01:03:06.503		0.78652			4
2026.03.13	01:03:09.206	0.78630	0.78651			6
2026.03.13	01:03:16.126	0.78628				2
2026.03.13	01:03:17.028	0.78629				2
2026.03.13	01:03:17.628	0.78628				2
2026.03.13	01:03:23.342	0.78630				2
2026.03.13	01:03:23.940	0.78614	0.78637			6
2026.03.13	01:03:24.241		0.78634			4
2026.03.13	01:03:24.539		0.78637			4
2026.03.13	01:03:24.841		0.78634			4
2026.03.13	01:03:25.143	0.78613	0.78637			6
2026.03.13	01:03:25.443		0.78634			4
2026.03.13	01:03:26.643		0.78636			4
2026.03.13	01:03:28.145	0.78616	0.78642			6
2026.03.13	01:03:28.448	0.78618	0.78644			6
2026.03.13	01:03:28.749	0.78621	0.78642			6
2026.03.13	01:03:30.553	0.78620	0.78635			6
2026.03.13	01:03:31.751	0.78619				2
2026.03.13	01:03:36.261		0.78634			4
2026.03.13	01:03:36.860	0.78620				2
2026.03.13	01:03:37.163	0.78619				2
2026.03.13	01:03:38.064	0.78616	0.78633			6
2026.03.13	01:03:44.666	0.78614				2
2026.03.13	01:03:50.671		0.78634			4
2026.03.13	01:03:50.974	0.78613				2
2026.03.13	01:03:51.271	0.78615				2
2026.03.13	01:03:51.572	0.78617	0.78635			6
2026.03.13	01:03:52.174	0.78614	0.78633			6
2026.03.13	01:03:53.977	0.78619	0.78636			6
2026.03.13	01:03:54.577	0.78616	0.78633			6
2026.03.13	01:03:55.179	0.78614				2
2026.03.13	01:03:56.082	0.78616	0.78634			6
2026.03.13	01:03:56.683	0.78614	0.78633			6
2026.03.13	01:04:00.293	0.78614				2
2026.03.13	01:04:06.005	0.78615	0.78624			6
2026.03.13	01:04:06.303	0.78609	0.78633			6
2026.03.13	01:04:06.604	0.78610	0.78634			6
2026.03.13	01:04:07.503	0.78609	0.78631			6
2026.03.13	01:04:07.804	0.78610	0.78632			6
2026.03.13	01:04:09.009	0.78609				2
2026.03.13	01:04:15.017		0.78628			4
2026.03.13	01:04:15.317		0.78632			4
2026.03.13	01:04:16.520		0.78628			4
2026.03.13	01:04:16.819	0.78605	0.78623			6
2026.03.13	01:04:17.120	0.78604	0.78621			6
2026.03.13	01:04:17.423		0.78625			4
2026.03.13	01:04:17.719		0.78624			4
2026.03.13	01:04:18.019	0.78602	0.78622			6
2026.03.13	01:04:19.525	0.78603				2
2026.03.13	01:04:20.125		0.78623			4
2026.03.13	01:04:21.627		0.78622			4
2026.03.13	01:04:22.530		0.78625			4
2026.03.13	01:04:22.829	0.78604	0.78624			6
2026.03.13	01:04:23.132		0.78625			4
2026.03.13	01:04:25.538	0.78603	0.78624			6
2026.03.13	01:04:28.243		0.78621			4
2026.03.13	01:04:28.545		0.78616			4
2026.03.13	01:04:30.945		0.78620			4
2026.03.13	01:04:31.843	0.78605	0.78617			6
2026.03.13	01:04:32.148		0.78616			4
2026.03.13	01:04:32.750		0.78619			4
2026.03.13	01:04:33.044		0.78627			4
2026.03.13	01:04:33.346	0.78607	0.78630			6
2026.03.13	01:04:34.247		0.78631			4
2026.03.13	01:04:34.552	0.78612	0.78633			6
2026.03.13	01:04:35.150		0.78632			4
2026.03.13	01:04:35.448	0.78609	0.78635			6
2026.03.13	01:04:36.955		0.78634			4
2026.03.13	01:04:37.556	0.78611				2
2026.03.13	01:04:38.757	0.78609	0.78633			6
2026.03.13	01:04:41.164		0.78635			4
2026.03.13	01:04:42.661		0.78634			4
2026.03.13	01:04:44.467	0.78611				2
2026.03.13	01:04:45.669		0.78635			4
2026.03.13	01:04:46.567		0.78631			4
2026.03.13	01:04:47.163		0.78633			4
2026.03.13	01:04:47.469		0.78631			4
2026.03.13	01:04:48.372	0.78616	0.78638			6
2026.03.13	01:04:49.273		0.78637			4
2026.03.13	01:04:49.572	0.78617				2
2026.03.13	01:04:50.772		0.78639			4
2026.03.13	01:05:00.090	0.78617				2
2026.03.13	01:05:00.689	0.78615	0.78638			6
2026.03.13	01:05:01.290	0.78613	0.78636			6
2026.03.13	01:05:01.585	0.78615				2
2026.03.13	01:05:02.189		0.78637			4
2026.03.13	01:05:04.588	0.78616				2
2026.03.13	01:05:07.294	0.78612	0.78634			6
2026.03.13	01:05:09.096	0.78611				2
2026.03.13	01:05:18.711	0.78609	0.78633			6
2026.03.13	01:05:19.615	0.78608	0.78634			6
2026.03.13	01:05:20.520		0.78633			4
2026.03.13	01:05:28.343		0.78634			4
2026.03.13	01:05:34.049	0.78607				2
2026.03.13	01:05:37.055	0.78606				2
2026.03.13	01:05:38.860		0.78638			4
2026.03.13	01:05:39.463	0.78607				2
2026.03.13	01:05:40.363		0.78637			4
2026.03.13	01:05:40.665	0.78610	0.78634			6
2026.03.13	01:06:00.183	0.78610				2
2026.03.13	01:06:00.476	0.78611				2
2026.03.13	01:06:04.084		0.78633			4
2026.03.13	01:06:08.891	0.78609				2
2026.03.13	01:06:11.297	0.78610				2
2026.03.13	01:06:18.208		0.78634			4
2026.03.13	01:06:19.410		0.78631			4
2026.03.13	01:06:25.426	0.78608	0.78634			6
2026.03.13	01:06:28.426	0.78609	0.78637			6
2026.03.13	01:06:35.336		0.78634			4
2026.03.13	01:06:35.938		0.78637			4
2026.03.13	01:06:37.744		0.78634			4
2026.03.13	01:06:43.160	0.78607				2
2026.03.13	01:06:45.263	0.78608				2
2026.03.13	01:06:46.762		0.78637			4
2026.03.13	01:06:53.069	0.78604	0.78633			6
2026.03.13	01:06:54.266	0.78610	0.78637			6
2026.03.13	01:06:54.569	0.78611	0.78630			6
2026.03.13	01:06:54.868		0.78628			4
2026.03.13	01:06:59.070		0.78630			4
2026.03.13	01:07:00.276	0.78611				2
2026.03.13	01:07:09.290		0.78628			4
2026.03.13	01:07:10.190		0.78630			4
2026.03.13	01:07:11.093		0.78628			4
2026.03.13	01:07:17.099		0.78630			4
2026.03.13	01:07:19.198	0.78610	0.78628			6
2026.03.13	01:07:25.502		0.78622			4
2026.03.13	01:07:29.720	0.78608	0.78629			6
2026.03.13	01:07:30.322		0.78628			4
2026.03.13	01:07:31.526	0.78607	0.78624			6
2026.03.13	01:07:32.126	0.78608				2
2026.03.13	01:07:35.731	0.78606				2
2026.03.13	01:07:39.643		0.78623			4
2026.03.13	01:07:42.044		0.78624			4
2026.03.13	01:07:44.447		0.78623			4
2026.03.13	01:07:54.660	0.78608	0.78627			6
2026.03.13	01:07:58.568	0.78606	0.78622			6
2026.03.13	01:07:59.770	0.78607	0.78627			6
2026.03.13	01:08:00.072	0.78607				2
2026.03.13	01:08:10.591	0.78606	0.78623			6
2026.03.13	01:08:11.491	0.78607	0.78627			6
2026.03.13	01:08:13.897	0.78611	0.78628			6
2026.03.13	01:08:18.408	0.78612	0.78629			6
2026.03.13	01:08:25.012	0.78596	0.78614			6
2026.03.13	01:08:25.313	0.78597				2
2026.03.13	01:08:52.068	0.78603	0.78619			6
2026.03.13	01:08:53.872		0.78618			4
2026.03.13	01:08:54.471		0.78617			4
2026.03.13	01:08:56.277		0.78618			4
2026.03.13	01:08:57.173	0.78602				2
2026.03.13	01:09:00.185	0.78602				2
2026.03.13	01:09:10.393	0.78605	0.78621			6
2026.03.13	01:09:10.697	0.78604	0.78619			6
2026.03.13	01:09:10.997	0.78605	0.78621			6
2026.03.13	01:09:23.010	0.78603	0.78619			6
2026.03.13	01:09:27.223	0.78606	0.78622			6
2026.03.13	01:09:29.628		0.78621			4
2026.03.13	01:09:30.227	0.78607				2
2026.03.13	01:09:30.827	0.78606				2
2026.03.13	01:09:33.834	0.78603	0.78620			6
2026.03.13	01:09:40.143	0.78602	0.78619			6
2026.03.13	01:09:43.149	0.78600	0.78617			6
2026.03.13	01:09:45.857	0.78599	0.78616			6
2026.03.13	01:09:48.562	0.78601	0.78617			6
2026.03.13	01:09:48.864	0.78603	0.78615			6
2026.03.13	01:09:51.872	0.78601				2
2026.03.13	01:09:53.074		0.78616			4
2026.03.13	01:10:00.290	0.78603	0.78618			6
2026.03.13	01:10:02.996	0.78604	0.78622			6
2026.03.13	01:10:04.498	0.78605	0.78623			6
2026.03.13	01:10:06.308	0.78604	0.78621			6
2026.03.13	01:10:06.605	0.78602	0.78620			6
2026.03.13	01:10:19.227		0.78619			4
2026.03.13	01:10:37.563		0.78620			4
2026.03.13	01:10:38.771	0.78601	0.78619			6
2026.03.13	01:10:43.271	0.78600	0.78618			6
2026.03.13	01:10:47.478	0.78598	0.78616			6
2026.03.13	01:10:48.373	0.78601	0.78619			6
2026.03.13	01:10:50.478	0.78600	0.78618			6
2026.03.13	01:11:00.098	0.78600				2
2026.03.13	01:11:09.409	0.78598	0.78616			6
2026.03.13	01:11:27.162		0.78615			4
2026.03.13	01:11:28.966	0.78597	0.78613			6
2026.03.13	01:11:32.863		0.78615			4
2026.03.13	01:11:33.465	0.78596	0.78614			6
2026.03.13	01:11:48.489	0.78597	0.78615			6
2026.03.13	01:12:00.212	0.78598	0.78616			6
2026.03.13	01:12:02.014	0.78596	0.78614			6
2026.03.13	01:12:02.316	0.78598	0.78616			6
2026.03.13	01:12:12.548	0.78597	0.78615			6
2026.03.13	01:12:16.457	0.78594	0.78612			6
2026.03.13	01:12:16.757	0.78595	0.78611			6
2026.03.13	01:12:24.876	0.78592	0.78608			6
2026.03.13	01:12:29.682	0.78593	0.78609			6
2026.03.13	01:12:30.581	0.78590	0.78607			6
2026.03.13	01:13:00.052	0.78590				2
2026.03.13	01:13:26.499	0.78589				2
2026.03.13	01:13:30.099	0.78588	0.78605			6
2026.03.13	01:13:30.406	0.78589				2
2026.03.13	01:13:42.426	0.78588				2
2026.03.13	01:13:43.026	0.78589				2
2026.03.13	01:13:54.157	0.78593	0.78609			6
2026.03.13	01:13:54.458	0.78590	0.78606			6
2026.03.13	01:13:54.762	0.78589	0.78605			6
2026.03.13	01:13:56.262	0.78592	0.78608			6
2026.03.13	01:14:00.167	0.78592				2
2026.03.13	01:14:17.002	0.78593	0.78609			6
2026.03.13	01:14:20.314	0.78594	0.78610			6
2026.03.13	01:14:26.033	0.78593	0.78609			6
2026.03.13	01:14:47.670	0.78597	0.78613			6
2026.03.13	01:14:58.484	0.78596	0.78612			6
2026.03.13	01:15:00.283	0.78596				2
2026.03.13	01:15:10.505	0.78598	0.78614			6
2026.03.13	01:15:21.644	0.78599	0.78616			6
2026.03.13	01:15:34.581	0.78594	0.78610			6
2026.03.13	01:15:34.877	0.78595	0.78611			6
2026.03.13	01:16:00.132	0.78595				2
2026.03.13	01:16:34.988		0.78611			4
2026.03.13	01:16:54.545	0.78596	0.78612			6
2026.03.13	01:17:00.262	0.78596				2
2026.03.13	01:17:24.291	0.78600	0.78616			6
2026.03.13	01:17:35.400	0.78601	0.78617			6
2026.03.13	01:17:45.325	0.78600	0.78616			6
2026.03.13	01:17:46.826	0.78599				2
2026.03.13	01:18:00.061	0.78599				2
2026.03.13	01:18:30.124	0.78598	0.78615			6
2026.03.13	01:18:36.737	0.78597	0.78614			6
2026.03.13	01:19:00.175	0.78597				2
2026.03.13	01:19:04.683	0.78596				2
2026.03.13	01:19:05.587	0.78594	0.78613			6
2026.03.13	01:19:08.593	0.78595				2
2026.03.13	01:19:10.395	0.78594	0.78612			6
2026.03.13	01:19:14.299	0.78595				2
2026.03.13	01:19:18.207	0.78594				2
2026.03.13	01:19:18.503	0.78595				2
2026.03.13	01:19:18.804	0.78594				2
2026.03.13	01:19:23.312	0.78595				2
2026.03.13	01:19:26.316	0.78596	0.78613			6
2026.03.13	01:19:27.219	0.78597				2
2026.03.13	01:19:29.325	0.78596				2
2026.03.13	01:19:32.335	0.78594				2
2026.03.13	01:19:33.841	0.78595				2
2026.03.13	01:19:36.246	0.78596				2
2026.03.13	01:19:36.545	0.78595				2
2026.03.13	01:19:38.348	0.78597				2
2026.03.13	01:19:39.250	0.78596				2
2026.03.13	01:19:40.150	0.78597				2
2026.03.13	01:19:41.354	0.78595				2
2026.03.13	01:19:41.649	0.78596				2
2026.03.13	01:19:42.855	0.78597				2
2026.03.13	01:19:43.756	0.78596				2
2026.03.13	01:19:48.562	0.78595				2
2026.03.13	01:19:49.163	0.78596	0.78614			6
2026.03.13	01:19:50.069	0.78597	0.78613			6
2026.03.13	01:19:51.565	0.78598	0.78614			6
2026.03.13	01:19:52.466	0.78599				2
2026.03.13	01:19:53.367	0.78598				2
2026.03.13	01:19:53.667	0.78599				2
2026.03.13	01:19:53.967	0.78598				2
2026.03.13	01:19:55.168	0.78599				2
2026.03.13	01:19:55.469	0.78598				2
2026.03.13	01:20:00.282	0.78597				2
2026.03.13	01:20:01.176	0.78598				2
2026.03.13	01:20:02.384	0.78596				2
2026.03.13	01:20:03.880	0.78597	0.78613			6
2026.03.13	01:20:04.178	0.78596	0.78614			6
2026.03.13	01:20:05.683	0.78597	0.78613			6
2026.03.13	01:20:06.586	0.78600	0.78615			6
2026.03.13	01:20:07.186	0.78599	0.78614			6
2026.03.13	01:20:08.090	0.78600				2
2026.03.13	01:20:08.388	0.78599				2
2026.03.13	01:20:08.686	0.78601	0.78615			6
2026.03.13	01:20:09.893		0.78614			4
2026.03.13	01:20:10.197		0.78615			4
2026.03.13	01:20:10.497	0.78600				2
2026.03.13	01:20:10.798	0.78597	0.78614			6
2026.03.13	01:20:11.098	0.78599				2
2026.03.13	01:20:14.103	0.78598				2
2026.03.13	01:20:15.310	0.78599				2
2026.03.13	01:20:16.509		0.78613			4
2026.03.13	01:20:16.810		0.78614			4
2026.03.13	01:20:18.315	0.78600				2
2026.03.13	01:20:18.618	0.78599	0.78612			6
2026.03.13	01:20:20.426	0.78600				2
2026.03.13	01:20:23.130		0.78613			4
2026.03.13	01:20:31.256		0.78614			4
2026.03.13	01:20:31.556		0.78613			4
2026.03.13	01:20:49.574	0.78599				2
2026.03.13	01:20:51.682	0.78598				2
2026.03.13	01:20:51.983	0.78599				2
2026.03.13	01:20:52.284	0.78598				2
2026.03.13	01:20:54.089		0.78612			4
2026.03.13	01:20:54.995	0.78599	0.78614			6
2026.03.13	01:20:55.295	0.78598	0.78613			6
2026.03.13	01:20:55.595	0.78597				2
2026.03.13	01:20:56.197	0.78594	0.78610			6
2026.03.13	01:20:57.697	0.78595				2
2026.03.13	01:20:58.301	0.78594				2
2026.03.13	01:21:00.107	0.78594				2
2026.03.13	01:21:06.111	0.78593				2
2026.03.13	01:21:07.310	0.78594	0.78609			6
2026.03.13	01:21:07.912	0.78592				2
2026.03.13	01:21:09.114	0.78594				2
2026.03.13	01:21:10.311	0.78595	0.78611			6
2026.03.13	01:21:10.616	0.78594				2
2026.03.13	01:21:10.913	0.78595				2
2026.03.13	01:21:11.514	0.78594				2
2026.03.13	01:21:11.817	0.78595				2
2026.03.13	01:21:13.619	0.78594				2
2026.03.13	01:21:14.524	0.78595				2
2026.03.13	01:21:14.823	0.78596				2
2026.03.13	01:21:15.719	0.78595				2
2026.03.13	01:21:18.122	0.78596				2
2026.03.13	01:21:18.724	0.78595				2
2026.03.13	01:21:19.330	0.78594				2
2026.03.13	01:21:19.938	0.78595	0.78610			6
2026.03.13	01:21:20.841	0.78594				2
2026.03.13	01:21:34.970		0.78609			4
2026.03.13	01:21:35.267	0.78593				2
2026.03.13	01:22:00.241	0.78592				2
2026.03.13	01:22:03.245	0.78593				2
2026.03.13	01:22:10.166		0.78608			4
2026.03.13	01:22:26.997	0.78594				2
2026.03.13	01:22:39.022	0.78592				2
2026.03.13	01:22:39.323	0.78593				2
2026.03.13	01:22:53.456	0.78594				2
2026.03.13	01:22:54.659	0.78595	0.78609			6
2026.03.13	01:23:00.069	0.78595				2
2026.03.13	01:23:08.479	0.78596				2
2026.03.13	01:23:09.383	0.78595				2
2026.03.13	01:23:19.602	0.78596				2
2026.03.13	01:23:34.646	0.78597	0.78610			6
2026.03.13	01:23:37.654	0.78600	0.78613			6
2026.03.13	01:23:37.956	0.78601				2
2026.03.13	01:23:40.957	0.78600				2
2026.03.13	01:23:43.062	0.78601				2
2026.03.13	01:24:00.186	0.78601				2
2026.03.13	01:24:03.785		0.78614			4
2026.03.13	01:24:04.686	0.78599	0.78613			6
2026.03.13	01:24:05.589		0.78612			4
2026.03.13	01:24:09.797	0.78600				2
2026.03.13	01:24:11.298	0.78599				2
2026.03.13	01:24:13.103	0.78600				2
2026.03.13	01:24:14.010	0.78599				2
2026.03.13	01:24:14.911	0.78600				2
2026.03.13	01:24:15.512	0.78599				2
2026.03.13	01:24:15.814	0.78600				2
2026.03.13	01:24:16.114	0.78599				2
2026.03.13	01:24:20.628	0.78600	0.78613			6
2026.03.13	01:24:55.208	0.78601				2
2026.03.13	01:24:59.720	0.78602	0.78614			6
2026.03.13	01:25:00.022	0.78602				2
2026.03.13	01:25:10.843	0.78601				2
2026.03.13	01:25:11.747		0.78613			4
2026.03.13	01:25:12.643	0.78600				2
2026.03.13	01:25:15.044	0.78601				2
2026.03.13	01:25:15.345	0.78600				2
2026.03.13	01:25:21.659	0.78601				2
2026.03.13	01:25:30.972	0.78600	0.78612			6
2026.03.13	01:25:32.774	0.78601				2
2026.03.13	01:25:42.691	0.78600				2
2026.03.13	01:25:42.993	0.78597	0.78610			6
2026.03.13	01:25:45.996	0.78598				2
2026.03.13	01:25:49.299	0.78597				2
2026.03.13	01:25:49.902	0.78598				2
2026.03.13	01:26:00.126	0.78598				2
2026.03.13	01:26:00.429	0.78599				2
2026.03.13	01:26:05.535	0.78598				2
2026.03.13	01:26:07.637	0.78597				2
2026.03.13	01:26:08.238	0.78598				2
2026.03.13	01:26:12.449		0.78609			4
2026.03.13	01:26:14.843	0.78599				2
2026.03.13	01:26:16.346	0.78598				2
2026.03.13	01:26:17.852	0.78599				2
2026.03.13	01:26:19.049	0.78598				2
2026.03.13	01:26:21.760	0.78599	0.78610			6
2026.03.13	01:26:22.662	0.78598				2
2026.03.13	01:26:27.165	0.78599				2
2026.03.13	01:26:28.073	0.78598				2
2026.03.13	01:26:32.280	0.78599				2
2026.03.13	01:26:41.601	0.78600				2
2026.03.13	01:26:41.901		0.78611			4
2026.03.13	01:26:42.500	0.78599				2
2026.03.13	01:26:44.009	0.78600				2
2026.03.13	01:26:52.444	0.78599				2
2026.03.13	01:26:58.153	0.78600				2
2026.03.13	01:27:00.258	0.78600				2
2026.03.13	01:27:00.557		0.78610			4
2026.03.13	01:27:56.764	0.78599				2
2026.03.13	01:27:58.568	0.78600				2
2026.03.13	01:28:00.072	0.78600				2
2026.03.13	01:28:00.668		0.78611			4
2026.03.13	01:28:03.371	0.78601				2
2026.03.13	01:28:08.478	0.78600				2
2026.03.13	01:28:16.890	0.78599	0.78610			6
2026.03.13	01:28:23.806	0.78600				2
2026.03.13	01:28:26.518	0.78599				2
2026.03.13	01:28:28.327	0.78594	0.78606			6
2026.03.13	01:28:30.427		0.78605			4
2026.03.13	01:28:34.932	0.78593	0.78604			6
2026.03.13	01:28:36.430		0.78603			4
2026.03.13	01:28:40.641		0.78605			4
2026.03.13	01:28:40.943	0.78594	0.78603			6
2026.03.13	01:28:43.046	0.78593				2
2026.03.13	01:28:44.551	0.78588	0.78599			6
2026.03.13	01:28:44.853	0.78587	0.78598			6
2026.03.13	01:28:45.755	0.78586	0.78597			6
2026.03.13	01:28:46.053	0.78585				2
2026.03.13	01:28:53.864	0.78586				2
2026.03.13	01:29:00.171	0.78586				2
2026.03.13	01:29:01.676	0.78587	0.78599			6
2026.03.13	01:29:02.879	0.78585	0.78597			6
2026.03.13	01:29:03.181	0.78586	0.78598			6
2026.03.13	01:29:03.784	0.78585	0.78597			6
2026.03.13	01:29:04.682	0.78586	0.78598			6
2026.03.13	01:29:05.885	0.78584	0.78596			6
2026.03.13	01:29:06.781	0.78583	0.78595			6
2026.03.13	01:29:12.486		0.78596			4
2026.03.13	01:29:30.517	0.78584				2
2026.03.13	01:29:33.516	0.78583				2
2026.03.13	01:29:33.818	0.78584				2
2026.03.13	01:29:34.117	0.78583				2
2026.03.13	01:29:34.421	0.78584				2
2026.03.13	01:29:35.023	0.78583				2
2026.03.13	01:29:37.124	0.78584				2
2026.03.13	01:29:38.627	0.78583				2
2026.03.13	01:29:38.931	0.78584				2
2026.03.13	01:30:00.286	0.78584				2
2026.03.13	01:30:03.290	0.78589	0.78591			6
2026.03.13	01:30:06.897	0.78583	0.78595			6
2026.03.13	01:30:15.309	0.78581	0.78592			6
2026.03.13	01:30:17.714	0.78580				2
2026.03.13	01:30:26.447		0.78591			4
2026.03.13	01:30:29.150	0.78579	0.78590			6
2026.03.13	01:30:29.446	0.78580				2
2026.03.13	01:30:30.948		0.78589			4
2026.03.13	01:30:31.549		0.78591			4
2026.03.13	01:30:31.848		0.78590			4
2026.03.13	01:30:32.149		0.78592			4
2026.03.13	01:30:32.450		0.78591			4
2026.03.13	01:30:33.652		0.78590			4
2026.03.13	01:30:34.252	0.78579				2
2026.03.13	01:30:34.556	0.78580	0.78591			6
2026.03.13	01:30:34.850		0.78590			4
2026.03.13	01:30:35.753		0.78591			4
2026.03.13	01:30:42.363		0.78592			4
2026.03.13	01:30:43.565		0.78591			4
2026.03.13	01:30:44.765		0.78592			4
2026.03.13	01:30:45.966		0.78591			4
2026.03.13	01:30:46.265		0.78592			4
2026.03.13	01:30:47.167	0.78581	0.78590			6
2026.03.13	01:30:47.464		0.78591			4
2026.03.13	01:30:47.767		0.78592			4
2026.03.13	01:30:49.866		0.78591			4
2026.03.13	01:30:50.167		0.78592			4
2026.03.13	01:30:52.271		0.78591			4
2026.03.13	01:30:52.568		0.78592			4
2026.03.13	01:30:53.773		0.78591			4
2026.03.13	01:30:54.679		0.78592			4
2026.03.13	01:30:54.973		0.78591			4
2026.03.13	01:31:00.080	0.78581				2
2026.03.13	01:31:00.684	0.78587	0.78598			6
2026.03.13	01:31:01.284	0.78588	0.78599			6
2026.03.13	01:31:01.882		0.78598			4
2026.03.13	01:31:02.781		0.78600			4
2026.03.13	01:31:03.983		0.78598			4
2026.03.13	01:31:05.185		0.78599			4
2026.03.13	01:31:05.786		0.78600			4
2026.03.13	01:31:06.087		0.78599			4
2026.03.13	01:31:08.790	0.78587	0.78598			6
2026.03.13	01:31:10.289	0.78588	0.78599			6
2026.03.13	01:31:12.092	0.78587	0.78597			6
2026.03.13	01:31:13.293		0.78599			4
2026.03.13	01:31:13.593		0.78598			4
2026.03.13	01:31:14.196	0.78586	0.78597			6
2026.03.13	01:31:14.796	0.78587				2
2026.03.13	01:31:16.597		0.78596			4
2026.03.13	01:31:17.200		0.78597			4
2026.03.13	01:31:17.499	0.78586	0.78596			6
2026.03.13	01:31:20.200		0.78597			4
2026.03.13	01:31:23.811		0.78596			4
2026.03.13	01:31:25.316		0.78597			4
2026.03.13	01:31:31.924		0.78596			4
2026.03.13	01:31:32.223		0.78597			4
2026.03.13	01:31:32.525		0.78596			4
2026.03.13	01:31:39.733	0.78587				2
2026.03.13	01:31:40.337	0.78588	0.78598			6
2026.03.13	01:31:42.140	0.78587	0.78596			6
2026.03.13	01:31:44.544		0.78597			4
2026.03.13	01:31:45.445		0.78596			4
2026.03.13	01:31:47.245		0.78597			4
2026.03.13	01:31:48.748		0.78596			4
2026.03.13	01:31:52.352		0.78597			4
2026.03.13	01:31:52.652		0.78596			4
2026.03.13	01:31:53.557		0.78597			4
2026.03.13	01:31:53.855		0.78596			4
2026.03.13	01:31:55.359		0.78597			4
2026.03.13	01:31:55.658		0.78596			4
2026.03.13	01:31:55.960		0.78597			4
2026.03.13	01:31:56.259		0.78596			4
2026.03.13	01:31:57.762		0.78597			4
2026.03.13	01:31:58.963		0.78596			4
2026.03.13	01:32:00.161	0.78587	0.78597			6
2026.03.13	01:32:00.763		0.78596			4
2026.03.13	01:32:02.268	0.78586				2
2026.03.13	01:32:03.772		0.78598			4
2026.03.13	01:32:04.064		0.78597			4
2026.03.13	01:32:04.667	0.78588	0.78599			6
2026.03.13	01:32:06.167	0.78589	0.78600			6
2026.03.13	01:32:10.068	0.78586	0.78596			6
2026.03.13	01:32:10.371	0.78585	0.78594			6
2026.03.13	01:32:11.571		0.78595			4
2026.03.13	01:32:11.872		0.78594			4
2026.03.13	01:32:12.174		0.78595			4
2026.03.13	01:32:19.378		0.78594			4
2026.03.13	01:32:20.282		0.78595			4
2026.03.13	01:32:20.580		0.78594			4
2026.03.13	01:32:20.882		0.78595			4
2026.03.13	01:32:22.086	0.78584	0.78594			6
2026.03.13	01:32:22.980		0.78595			4
2026.03.13	01:32:27.183		0.78594			4
2026.03.13	01:32:33.800	0.78585	0.78593			6
2026.03.13	01:32:34.098		0.78594			4
2026.03.13	01:32:43.711	0.78584	0.78593			6
2026.03.13	01:32:44.311	0.78582	0.78590			6
2026.03.13	01:32:44.611	0.78581	0.78589			6
2026.03.13	01:32:45.215	0.78582	0.78590			6
2026.03.13	01:32:45.518	0.78581	0.78589			6
2026.03.13	01:32:49.731	0.78579	0.78588			6
2026.03.13	01:32:50.028		0.78587			4
2026.03.13	01:32:51.229		0.78586			4
2026.03.13	01:32:52.434	0.78576	0.78584			6
2026.03.13	01:32:52.732	0.78575	0.78582			6
2026.03.13	01:32:53.035	0.78574	0.78583			6
2026.03.13	01:32:54.234		0.78581			4
2026.03.13	01:32:54.535		0.78583			4
2026.03.13	01:32:54.836		0.78582			4
2026.03.13	01:32:55.138		0.78583			4
2026.03.13	01:32:57.243		0.78582			4
2026.03.13	01:32:58.143	0.78577	0.78586			6
2026.03.13	01:32:58.443	0.78579				2
2026.03.13	01:33:00.245	0.78578				2
2026.03.13	01:33:00.851	0.78579	0.78587			6
2026.03.13	01:33:04.148	0.78578	0.78586			6
2026.03.13	01:33:04.754	0.78576	0.78584			6
2026.03.13	01:33:07.153	0.78577				2
2026.03.13	01:33:11.962	0.78576				2
2026.03.13	01:33:12.861		0.78583			4
2026.03.13	01:33:13.163	0.78577	0.78584			6
2026.03.13	01:33:14.660	0.78576	0.78583			6
2026.03.13	01:33:15.261	0.78575				2
2026.03.13	01:33:15.561	0.78576	0.78584			6
2026.03.13	01:33:15.865		0.78583			4
2026.03.13	01:33:16.163	0.78571	0.78580			6
2026.03.13	01:33:16.465	0.78566	0.78576			6
2026.03.13	01:33:16.770	0.78569				2
2026.03.13	01:33:17.366		0.78577			4
2026.03.13	01:33:19.769	0.78570				2
2026.03.13	01:33:20.067	0.78569				2
2026.03.13	01:33:21.269		0.78576			4
2026.03.13	01:33:22.469		0.78577			4
2026.03.13	01:33:24.579		0.78578			4
2026.03.13	01:33:25.778	0.78570				2
2026.03.13	01:33:26.981	0.78571				2
2026.03.13	01:33:28.178	0.78573	0.78581			6
2026.03.13	01:33:28.477	0.78574	0.78582			6
2026.03.13	01:33:28.779	0.78575				2
2026.03.13	01:33:31.188	0.78574	0.78581			6
2026.03.13	01:33:35.388	0.78575	0.78582			6
2026.03.13	01:33:37.196	0.78576	0.78583			6
2026.03.13	01:33:37.496	0.78575	0.78582			6
2026.03.13	01:33:41.697	0.78574	0.78583			6
2026.03.13	01:33:43.198	0.78575	0.78582			6
2026.03.13	01:33:45.302	0.78574				2
2026.03.13	01:33:45.602		0.78583			4
2026.03.13	01:33:47.104	0.78575				2
2026.03.13	01:33:47.403	0.78577	0.78584			6
2026.03.13	01:33:47.704	0.78576				2
2026.03.13	01:33:49.814	0.78577	0.78586			6
2026.03.13	01:33:50.112		0.78585			4
2026.03.13	01:33:51.017		0.78586			4
2026.03.13	01:33:51.917	0.78578				2
2026.03.13	01:33:57.936	0.78579				2
2026.03.13	01:33:58.537		0.78587			4
2026.03.13	01:34:00.041	0.78579	0.78586			6
2026.03.13	01:34:05.452	0.78571	0.78580			6
2026.03.13	01:34:05.745		0.78581			4
2026.03.13	01:34:06.049	0.78573				2
2026.03.13	01:34:06.349	0.78571				2
2026.03.13	01:34:07.552	0.78573				2
2026.03.13	01:34:08.754	0.78574	0.78582			6
2026.03.13	01:34:09.057	0.78575	0.78581			6
2026.03.13	01:34:13.564	0.78574				2
2026.03.13	01:34:13.861	0.78575				2
2026.03.13	01:34:15.061	0.78574				2
2026.03.13	01:34:15.962	0.78575				2
2026.03.13	01:34:16.562	0.78571				2
2026.03.13	01:34:16.861	0.78573	0.78580			6
2026.03.13	01:34:17.462	0.78571				2
2026.03.13	01:34:18.063	0.78573				2
2026.03.13	01:34:18.965	0.78571				2
2026.03.13	01:34:22.568	0.78573	0.78581			6
2026.03.13	01:34:23.465	0.78571	0.78580			6
2026.03.13	01:34:24.670	0.78574	0.78581			6
2026.03.13	01:34:25.564		0.78580			4
2026.03.13	01:34:27.669	0.78573				2
2026.03.13	01:34:30.377	0.78574	0.78581			6
2026.03.13	01:34:30.673	0.78573				2
2026.03.13	01:34:30.972	0.78574				2
2026.03.13	01:34:31.275		0.78582			4
2026.03.13	01:34:31.571	0.78575	0.78583			6
2026.03.13	01:34:31.875		0.78584			4
2026.03.13	01:34:33.376	0.78576				2
2026.03.13	01:34:33.675		0.78585			4
2026.03.13	01:34:34.575	0.78580	0.78587			6
2026.03.13	01:34:40.278	0.78579				2
2026.03.13	01:34:44.486	0.78580				2
2026.03.13	01:34:46.586	0.78579				2
2026.03.13	01:34:46.889		0.78586			4
2026.03.13	01:34:48.387		0.78587			4
2026.03.13	01:34:51.689	0.78578	0.78586			6
2026.03.13	01:34:51.996		0.78587			4
2026.03.13	01:34:52.590		0.78586			4
2026.03.13	01:34:52.892		0.78585			4
2026.03.13	01:34:53.193		0.78586			4
2026.03.13	01:34:54.692	0.78579	0.78587			6
2026.03.13	01:34:55.601	0.78578	0.78585			6
2026.03.13	01:34:56.498		0.78586			4
2026.03.13	01:34:58.898		0.78587			4
2026.03.13	01:34:59.502	0.78580				2
2026.03.13	01:35:00.099	0.78580				2
2026.03.13	01:35:00.400	0.78579	0.78588			6
2026.03.13	01:35:00.703		0.78587			4
2026.03.13	01:35:01.000		0.78588			4
2026.03.13	01:35:01.307		0.78586			4
2026.03.13	01:35:01.603		0.78587			4
2026.03.13	01:35:04.901		0.78586			4
2026.03.13	01:35:05.208		0.78587			4
2026.03.13	01:35:07.906		0.78586			4
2026.03.13	01:35:08.208		0.78587			4
2026.03.13	01:35:08.509		0.78586			4
2026.03.13	01:35:10.007		0.78587			4
2026.03.13	01:35:12.107		0.78586			4
2026.03.13	01:35:15.414		0.78587			4
2026.03.13	01:35:20.525		0.78586			4
2026.03.13	01:35:31.339		0.78587			4
2026.03.13	01:35:31.941		0.78586			4
2026.03.13	01:35:32.842	0.78580	0.78587			6
2026.03.13	01:35:33.144	0.78579	0.78586			6
2026.03.13	01:35:42.449		0.78587			4
2026.03.13	01:35:46.948		0.78586			4
2026.03.13	01:35:51.154	0.78580	0.78588			6
2026.03.13	01:35:51.752	0.78579	0.78587			6
2026.03.13	01:35:56.558	0.78580	0.78588			6
2026.03.13	01:35:58.063		0.78587			4
2026.03.13	01:35:59.867	0.78579	0.78588			6
2026.03.13	01:36:00.167	0.78579				2
2026.03.13	01:36:02.569	0.78581	0.78591			6
2026.03.13	01:36:02.865		0.78589			4
2026.03.13	01:36:04.069	0.78580				2
2026.03.13	01:36:06.169	0.78581				2
2026.03.13	01:36:06.768	0.78579	0.78587			6
2026.03.13	01:36:08.871		0.78588			4
2026.03.13	01:36:15.780		0.78587			4
2026.03.13	01:36:24.202		0.78588			4
2026.03.13	01:36:24.802	0.78580				2
2026.03.13	01:36:27.810		0.78589			4
2026.03.13	01:36:29.618		0.78588			4
2026.03.13	01:36:31.729		0.78589			4
2026.03.13	01:36:33.534	0.78581	0.78588			6
2026.03.13	01:36:35.343	0.78580	0.78587			6
2026.03.13	01:36:38.952	0.78579	0.78586			6
2026.03.13	01:36:39.249	0.78577	0.78584			6
2026.03.13	01:36:42.852	0.78578	0.78587			6
2026.03.13	01:36:48.262		0.78586			4
2026.03.13	01:36:50.963		0.78587			4
2026.03.13	01:36:53.369		0.78585			4
2026.03.13	01:36:54.267		0.78586			4
2026.03.13	01:36:57.273	0.78580	0.78587			6
2026.03.13	01:36:59.677	0.78579				2
2026.03.13	01:37:00.278	0.78579				2
2026.03.13	01:37:01.176	0.78580				2
2026.03.13	01:37:18.599	0.78579	0.78586			6
2026.03.13	01:37:21.001		0.78587			4
2026.03.13	01:37:21.604		0.78586			4
2026.03.13	01:37:22.200	0.78580	0.78587			6
2026.03.13	01:37:25.202		0.78586			4
2026.03.13	01:37:27.906	0.78579				2
2026.03.13	01:37:32.717	0.78580	0.78588			6
2026.03.13	01:37:33.017	0.78581	0.78587			6
2026.03.13	01:37:33.616	0.78582	0.78588			6
2026.03.13	01:37:35.415	0.78581				2
2026.03.13	01:37:40.824	0.78580				2
2026.03.13	01:37:45.329	0.78581	0.78589			6
2026.03.13	01:37:47.128		0.78588			4
2026.03.13	01:37:48.033	0.78582	0.78590			6
2026.03.13	01:37:53.751		0.78588			4
2026.03.13	01:37:57.061	0.78583	0.78590			6
2026.03.13	01:38:00.074	0.78583				2
2026.03.13	01:38:04.572	0.78582				2
2026.03.13	01:38:04.866		0.78589			4
2026.03.13	01:38:05.466		0.78590			4
2026.03.13	01:38:05.766		0.78588			4
2026.03.13	01:38:07.268	0.78581				2
2026.03.13	01:38:09.376	0.78580	0.78587			6
2026.03.13	01:38:09.974	0.78581	0.78588			6
2026.03.13	01:38:13.584		0.78589			4
2026.03.13	01:38:15.082		0.78588			4
2026.03.13	01:38:17.186		0.78589			4
2026.03.13	01:38:18.686	0.78580	0.78587			6
2026.03.13	01:38:20.186	0.78581	0.78588			6
2026.03.13	01:38:21.090	0.78580	0.78587			6
2026.03.13	01:38:31.317		0.78588			4
2026.03.13	01:38:32.227		0.78587			4
2026.03.13	01:38:32.534	0.78581	0.78588			6
2026.03.13	01:38:33.731	0.78580	0.78587			6
2026.03.13	01:38:36.135		0.78588			4
2026.03.13	01:38:37.040		0.78587			4
2026.03.13	01:38:40.646	0.78581	0.78588			6
2026.03.13	01:38:43.352	0.78580	0.78587			6
2026.03.13	01:38:44.860		0.78588			4
2026.03.13	01:38:45.159		0.78587			4
2026.03.13	01:38:45.464		0.78588			4
2026.03.13	01:38:46.364		0.78587			4
2026.03.13	01:38:52.370		0.78588			4
2026.03.13	01:38:52.664		0.78587			4
2026.03.13	01:38:52.968		0.78588			4
2026.03.13	01:38:53.869		0.78587			4
2026.03.13	01:38:54.775	0.78581	0.78588			6
2026.03.13	01:38:55.674	0.78583				2
2026.03.13	01:38:56.273	0.78581	0.78587			6
2026.03.13	01:38:56.572	0.78583	0.78588			6
2026.03.13	01:38:56.876	0.78581	0.78587			6
2026.03.13	01:38:57.175	0.78585	0.78591			6
2026.03.13	01:38:57.478	0.78583	0.78589			6
2026.03.13	01:38:57.776	0.78585	0.78591			6
2026.03.13	01:38:58.077	0.78583	0.78589			6
2026.03.13	01:38:58.374	0.78585	0.78592			6
2026.03.13	01:38:58.674	0.78583	0.78589			6
2026.03.13	01:38:58.975	0.78585	0.78591			6
2026.03.13	01:38:59.274	0.78583	0.78589			6
2026.03.13	01:38:59.575		0.78591			4
2026.03.13	01:39:00.178	0.78583				2
2026.03.13	01:39:00.477	0.78577	0.78584			6
2026.03.13	01:39:00.774	0.78576				2
2026.03.13	01:39:05.585	0.78575	0.78585			6
2026.03.13	01:39:07.696		0.78584			4
2026.03.13	01:39:11.299		0.78585			4
2026.03.13	01:39:12.503		0.78584			4
2026.03.13	01:39:19.714		0.78583			4
2026.03.13	01:39:20.910		0.78582			4
2026.03.13	01:39:23.316		0.78584			4
2026.03.13	01:39:25.121	0.78576				2
2026.03.13	01:39:30.838		0.78583			4
2026.03.13	01:39:31.433		0.78584			4
2026.03.13	01:39:32.338	0.78575				2
2026.03.13	01:39:35.035		0.78583			4
2026.03.13	01:39:35.341		0.78584			4
2026.03.13	01:39:37.739	0.78576				2
2026.03.13	01:39:39.540		0.78585			4
2026.03.13	01:39:41.639		0.78584			4
2026.03.13	01:39:49.149	0.78575	0.78585			6
2026.03.13	01:39:52.449		0.78584			4
2026.03.13	01:39:55.458		0.78585			4
2026.03.13	01:39:57.257		0.78584			4
2026.03.13	01:39:59.962		0.78583			4
2026.03.13	01:40:00.263	0.78575				2
2026.03.13	01:40:00.563		0.78582			4
2026.03.13	01:40:02.972	0.78573	0.78581			6
2026.03.13	01:40:10.175	0.78574	0.78583			6
2026.03.13	01:40:10.481		0.78582			4
2026.03.13	01:40:18.300		0.78581			4
2026.03.13	01:40:23.408		0.78582			4
2026.03.13	01:40:24.914		0.78581			4
2026.03.13	01:40:25.225		0.78582			4
2026.03.13	01:40:26.728	0.78571	0.78578			6
2026.03.13	01:40:28.525	0.78566	0.78574			6
2026.03.13	01:40:33.935	0.78567	0.78573			6
2026.03.13	01:40:35.438	0.78566				2
2026.03.13	01:40:35.739	0.78565				2
2026.03.13	01:40:36.036	0.78566				2
2026.03.13	01:40:36.338	0.78565				2
2026.03.13	01:40:38.442	0.78566				2
2026.03.13	01:40:45.353	0.78567				2
2026.03.13	01:40:48.354	0.78568	0.78577			6
2026.03.13	01:40:48.659	0.78567	0.78576			6
2026.03.13	01:40:49.858		0.78575			4
2026.03.13	01:40:53.474	0.78568	0.78576			6
2026.03.13	01:40:54.363		0.78575			4
2026.03.13	01:40:54.963		0.78576			4
2026.03.13	01:40:57.368		0.78575			4
2026.03.13	01:40:57.670		0.78576			4
2026.03.13	01:40:58.570		0.78575			4
2026.03.13	01:41:00.077	0.78568				2
2026.03.13	01:41:00.674		0.78576			4
2026.03.13	01:41:00.972		0.78575			4
2026.03.13	01:41:01.572		0.78576			4
2026.03.13	01:41:01.874		0.78575			4
2026.03.13	01:41:02.168		0.78576			4
2026.03.13	01:41:02.467		0.78575			4
2026.03.13	01:41:02.772		0.78576			4
2026.03.13	01:41:03.370	0.78569	0.78577			6
2026.03.13	01:41:10.883	0.78568	0.78576			6
2026.03.13	01:41:11.779		0.78575			4
2026.03.13	01:41:16.291		0.78574			4
2026.03.13	01:41:28.305		0.78575			4
2026.03.13	01:41:31.011	0.78567	0.78574			6
2026.03.13	01:41:34.618	0.78569	0.78576			6
2026.03.13	01:41:42.131		0.78577			4
2026.03.13	01:41:44.830		0.78576			4
2026.03.13	01:41:49.641	0.78566	0.78574			6
2026.03.13	01:41:51.452		0.78573			4
2026.03.13	01:41:51.751	0.78565	0.78572			6
2026.03.13	01:41:52.046		0.78573			4
2026.03.13	01:41:52.950		0.78572			4
2026.03.13	01:41:54.457		0.78575			4
2026.03.13	01:41:56.860	0.78566	0.78573			6
2026.03.13	01:41:58.663	0.78565	0.78572			6
2026.03.13	01:41:59.260		0.78573			4
2026.03.13	01:41:59.564		0.78572			4
2026.03.13	01:42:00.168	0.78565				2
2026.03.13	01:42:01.970	0.78563	0.78571			6
2026.03.13	01:42:03.173	0.78562	0.78570			6
2026.03.13	01:42:03.469	0.78560	0.78568			6
2026.03.13	01:42:11.277		0.78567			4
2026.03.13	01:42:13.986		0.78568			4
2026.03.13	01:42:16.998		0.78567			4
2026.03.13	01:42:21.207		0.78568			4
2026.03.13	01:42:24.209		0.78567			4
2026.03.13	01:42:35.042		0.78568			4
2026.03.13	01:42:36.550		0.78567			4
2026.03.13	01:42:44.963	0.78557	0.78566			6
2026.03.13	01:42:45.259	0.78559				2
2026.03.13	01:42:45.559	0.78558	0.78565			6
2026.03.13	01:42:46.462	0.78559	0.78567			6
2026.03.13	01:42:47.665		0.78566			4
2026.03.13	01:42:48.561	0.78558	0.78565			6
2026.03.13	01:42:50.965	0.78557	0.78566			6
2026.03.13	01:42:54.871	0.78558	0.78565			6
2026.03.13	01:42:56.973	0.78557	0.78566			6
2026.03.13	01:42:58.774	0.78559				2
2026.03.13	01:43:00.280	0.78557				2
2026.03.13	01:43:03.281	0.78559	0.78567			6
2026.03.13	01:43:27.044		0.78566			4
2026.03.13	01:43:27.347		0.78567			4
2026.03.13	01:43:40.280	0.78560				2
2026.03.13	01:43:42.986	0.78559	0.78568			6
2026.03.13	01:43:51.100	0.78560				2
2026.03.13	01:44:00.123	0.78560				2
2026.03.13	01:44:03.429	0.78559				2
2026.03.13	01:44:04.935	0.78560				2
2026.03.13	01:44:22.371		0.78567			4
2026.03.13	01:44:33.786		0.78568			4
2026.03.13	01:44:38.602	0.78559				2
2026.03.13	01:44:42.818	0.78560				2
2026.03.13	01:44:52.150	0.78559				2
2026.03.13	01:44:56.362	0.78560				2
2026.03.13	01:45:00.272	0.78560				2
2026.03.13	01:45:00.574	0.78563	0.78570			6
2026.03.13	01:45:01.776		0.78571			4
2026.03.13	01:45:04.173	0.78564	0.78572			6
2026.03.13	01:45:04.476		0.78571			4
2026.03.13	01:45:05.381	0.78565	0.78573			6
2026.03.13	01:45:16.449	0.78566				2
2026.03.13	01:45:28.285	0.78565				2
2026.03.13	01:45:28.587	0.78567				2
2026.03.13	01:45:28.885		0.78574			4
2026.03.13	01:45:35.404	0.78569	0.78576			6
2026.03.13	01:45:37.629		0.78577			4
2026.03.13	01:45:53.862	0.78570	0.78576			6
2026.03.13	01:46:02.120	0.78569				2
2026.03.13	01:46:05.590	0.78570				2
2026.03.13	01:46:06.207	0.78568				2
2026.03.13	01:46:12.524	0.78567	0.78574			6
2026.03.13	01:46:21.516		0.78576			4
2026.03.13	01:46:23.568	0.78568				2
2026.03.13	01:46:24.272	0.78567				2
2026.03.13	01:46:24.572	0.78568				2
2026.03.13	01:46:27.363	0.78569				2
2026.03.13	01:46:27.665	0.78567				2
2026.03.13	01:46:31.389		0.78575			4
2026.03.13	01:46:35.054		0.78576			4
2026.03.13	01:46:36.030	0.78569	0.78577			6
2026.03.13	01:46:36.330	0.78568	0.78576			6
2026.03.13	01:46:37.204	0.78567				2
2026.03.13	01:46:37.805	0.78568				2
2026.03.13	01:46:38.737	0.78569				2
2026.03.13	01:46:39.038	0.78567	0.78575			6
2026.03.13	01:46:41.250	0.78566	0.78576			6
2026.03.13	01:46:42.626	0.78567				2
2026.03.13	01:46:43.460	0.78566				2
2026.03.13	01:46:53.255	0.78568	0.78575			6
2026.03.13	01:46:53.873	0.78567	0.78576			6
2026.03.13	01:46:59.665	0.78566				2
2026.03.13	01:47:00.647	0.78566				2
2026.03.13	01:47:01.546	0.78567	0.78575			6
2026.03.13	01:47:02.114	0.78566				2
2026.03.13	01:47:02.414	0.78564	0.78571			6
2026.03.13	01:47:02.715		0.78572			4
2026.03.13	01:47:03.016	0.78565				2
2026.03.13	01:47:03.315	0.78564				2
2026.03.13	01:47:04.859	0.78567	0.78574			6
2026.03.13	01:47:11.553	0.78565	0.78572			6
2026.03.13	01:47:14.469	0.78564				2
2026.03.13	01:47:23.960	0.78562	0.78571			6
2026.03.13	01:47:25.672	0.78561	0.78569			6
2026.03.13	01:47:28.817		0.78568			4
2026.03.13	01:47:30.925	0.78559	0.78569			6
2026.03.13	01:47:36.232	0.78561	0.78568			6
2026.03.13	01:47:39.109	0.78559	0.78569			6
2026.03.13	01:47:42.932	0.78560	0.78568			6
2026.03.13	01:48:00.293	0.78560				2
2026.03.13	01:48:05.702		0.78570			4
2026.03.13	01:48:06.003	0.78561				2
2026.03.13	01:48:09.190		0.78569			4
2026.03.13	01:48:13.800		0.78570			4
2026.03.13	01:48:14.100	0.78562				2
2026.03.13	01:48:15.714	0.78563				2
2026.03.13	01:48:18.424	0.78562	0.78571			6
2026.03.13	01:48:19.316		0.78570			4
2026.03.13	01:48:19.800	0.78563				2
2026.03.13	01:48:26.105	0.78562	0.78569			6
2026.03.13	01:48:26.705		0.78570			4
2026.03.13	01:48:33.910	0.78563				2
2026.03.13	01:48:36.452	0.78562				2
2026.03.13	01:48:44.969		0.78571			4
2026.03.13	01:48:45.481	0.78563				2
2026.03.13	01:48:45.781		0.78570			4
2026.03.13	01:48:49.090	0.78565	0.78571			6
2026.03.13	01:48:50.612	0.78567	0.78574			6
2026.03.13	01:48:53.273		0.78575			4
2026.03.13	01:48:54.862	0.78568	0.78574			6
2026.03.13	01:48:59.752	0.78567	0.78575			6
2026.03.13	01:49:00.080	0.78566				2
2026.03.13	01:49:00.380	0.78567	0.78574			6
2026.03.13	01:49:04.115	0.78568				2
2026.03.13	01:49:05.550	0.78567				2
2026.03.13	01:49:10.204	0.78566	0.78573			6
2026.03.13	01:49:11.697		0.78574			4
2026.03.13	01:49:13.783		0.78573			4
2026.03.13	01:49:18.704	0.78567				2
2026.03.13	01:49:20.961	0.78566				2
2026.03.13	01:49:21.263		0.78574			4
2026.03.13	01:49:23.069	0.78567	0.78573			6
2026.03.13	01:49:26.433	0.78566	0.78572			6
2026.03.13	01:49:27.036	0.78565				2
2026.03.13	01:49:29.032	0.78564	0.78573			6
2026.03.13	01:49:29.333		0.78572			4
2026.03.13	01:49:32.565	0.78565	0.78573			6
2026.03.13	01:49:32.867	0.78563	0.78572			6
2026.03.13	01:49:34.370	0.78564	0.78574			6
2026.03.13	01:49:34.669	0.78567				2
2026.03.13	01:49:34.969	0.78564				2
2026.03.13	01:49:35.680	0.78567				2
2026.03.13	01:49:35.980	0.78564	0.78573			6
2026.03.13	01:49:36.582	0.78569	0.78577			6
2026.03.13	01:49:36.882	0.78570				2
2026.03.13	01:49:40.839	0.78571	0.78578			6
2026.03.13	01:49:42.398		0.78579			4
2026.03.13	01:49:43.160	0.78573	0.78580			6
2026.03.13	01:49:44.174	0.78572				2
2026.03.13	01:49:46.608	0.78573				2
2026.03.13	01:49:49.590		0.78581			4
2026.03.13	01:49:50.190		0.78580			4
2026.03.13	01:49:51.761		0.78581			4
2026.03.13	01:49:54.354		0.78580			4
2026.03.13	01:49:55.352	0.78571	0.78579			6
2026.03.13	01:49:55.652	0.78572				2
2026.03.13	01:49:55.954		0.78580			4
2026.03.13	01:50:00.243	0.78572	0.78579			6
2026.03.13	01:50:03.818	0.78569	0.78581			6
2026.03.13	01:50:04.118	0.78571	0.78579			6
2026.03.13	01:50:06.039		0.78580			4
2026.03.13	01:50:08.700		0.78579			4
2026.03.13	01:50:10.035		0.78578			4
2026.03.13	01:50:10.332		0.78580			4
2026.03.13	01:50:14.476		0.78579			4
2026.03.13	01:50:14.776		0.78580			4
2026.03.13	01:50:24.953	0.78568	0.78576			6
2026.03.13	01:50:53.753		0.78575			4
2026.03.13	01:50:58.989		0.78576			4
2026.03.13	01:51:00.792	0.78568				2
2026.03.13	01:51:04.345	0.78566	0.78578			6
2026.03.13	01:51:04.645	0.78568	0.78576			6
2026.03.13	01:51:07.866	0.78567	0.78577			6
2026.03.13	01:51:08.166	0.78569	0.78575			6
2026.03.13	01:51:10.793	0.78568	0.78576			6
2026.03.13	01:51:12.546		0.78575			4
2026.03.13	01:51:14.948	0.78567				2
2026.03.13	01:51:16.159		0.78577			4
2026.03.13	01:51:17.358	0.78568	0.78575			6
2026.03.13	01:51:17.658		0.78576			4
2026.03.13	01:51:19.989		0.78577			4
2026.03.13	01:51:22.077		0.78576			4
2026.03.13	01:51:25.988	0.78566	0.78573			6
2026.03.13	01:51:26.883		0.78575			4
2026.03.13	01:51:32.367	0.78565	0.78571			6
2026.03.13	01:51:38.101		0.78573			4
2026.03.13	01:51:38.403		0.78572			4
2026.03.13	01:51:42.364	0.78563	0.78571			6
2026.03.13	01:51:48.310	0.78564				2
2026.03.13	01:51:48.610	0.78563				2
2026.03.13	01:51:49.603	0.78561	0.78570			6
2026.03.13	01:52:01.891	0.78561				2
2026.03.13	01:52:05.467	0.78562	0.78571			6
2026.03.13	01:52:22.921	0.78567	0.78577			6
2026.03.13	01:52:26.326	0.78566	0.78575			6
2026.03.13	01:52:26.853	0.78565	0.78573			6
2026.03.13	01:52:27.347		0.78575			4
2026.03.13	01:52:27.647		0.78574			4
2026.03.13	01:52:32.962		0.78573			4
2026.03.13	01:52:33.262		0.78575			4
2026.03.13	01:52:33.563		0.78573			4
2026.03.13	01:52:33.864		0.78575			4
2026.03.13	01:52:34.164		0.78574			4
2026.03.13	01:52:35.373		0.78573			4
2026.03.13	01:52:35.967		0.78575			4
2026.03.13	01:52:36.268		0.78573			4
2026.03.13	01:52:36.910		0.78576			4
2026.03.13	01:52:37.210		0.78574			4
2026.03.13	01:52:40.379		0.78573			4
2026.03.13	01:52:40.679		0.78575			4
2026.03.13	01:52:41.899		0.78573			4
2026.03.13	01:52:42.834		0.78575			4
2026.03.13	01:52:43.414		0.78573			4
2026.03.13	01:52:48.789	0.78566	0.78574			6
2026.03.13	01:52:55.091	0.78565				2
2026.03.13	01:52:57.615	0.78566				2
2026.03.13	01:53:01.005	0.78566				2
2026.03.13	01:53:11.162	0.78565				2
2026.03.13	01:53:13.646		0.78575			4
2026.03.13	01:53:18.365		0.78574			4
2026.03.13	01:53:19.335		0.78573			4
2026.03.13	01:53:19.850	0.78566				2
2026.03.13	01:53:39.780	0.78567	0.78574			6
2026.03.13	01:53:42.459	0.78566	0.78573			6
2026.03.13	01:53:44.492	0.78567				2
2026.03.13	01:53:49.389	0.78566				2
2026.03.13	01:53:54.806	0.78567	0.78574			6
2026.03.13	01:54:00.820	0.78567	0.78573			6
2026.03.13	01:54:01.431	0.78565	0.78572			6
2026.03.13	01:54:03.644	0.78569	0.78580			6
2026.03.13	01:54:03.944	0.78573				2
2026.03.13	01:54:05.092	0.78569	0.78577			6
2026.03.13	01:54:08.518	0.78572	0.78578			6
2026.03.13	01:54:08.819	0.78571				2
2026.03.13	01:54:09.119	0.78572				2
2026.03.13	01:54:14.768	0.78571				2
2026.03.13	01:54:17.373	0.78572				2
2026.03.13	01:54:21.131	0.78571	0.78579			6
2026.03.13	01:54:30.713	0.78573	0.78582			6
2026.03.13	01:54:35.294		0.78581			4
2026.03.13	01:54:35.595	0.78574				2
2026.03.13	01:54:39.005	0.78573	0.78580			6
2026.03.13	01:55:00.177	0.78573				2
2026.03.13	01:55:04.651		0.78581			4
2026.03.13	01:55:06.982		0.78580			4
2026.03.13	01:55:12.005		0.78581			4
2026.03.13	01:55:13.450		0.78580			4
2026.03.13	01:55:27.708	0.78571	0.78579			6
2026.03.13	01:55:28.782	0.78573	0.78581			6
2026.03.13	01:55:30.789		0.78580			4
2026.03.13	01:55:40.183	0.78572	0.78579			6
2026.03.13	01:55:41.440	0.78573	0.78580			6
2026.03.13	01:56:03.315	0.78573				2
2026.03.13	01:56:12.735	0.78571	0.78579			6
2026.03.13	01:56:16.919		0.78578			4
2026.03.13	01:56:17.218		0.78579			4
2026.03.13	01:56:37.007		0.78578			4
2026.03.13	01:56:37.307		0.78579			4
2026.03.13	01:56:37.882	0.78572	0.78578			6
2026.03.13	01:56:38.183		0.78579			4
2026.03.13	01:56:42.464		0.78578			4
2026.03.13	01:56:42.766	0.78574	0.78581			6
2026.03.13	01:56:43.064	0.78576	0.78582			6
2026.03.13	01:56:44.231	0.78577				2
2026.03.13	01:56:45.414	0.78576				2
2026.03.13	01:56:48.653	0.78575	0.78581			6
2026.03.13	01:56:49.058	0.78574				2
2026.03.13	01:56:51.641	0.78575				2
2026.03.13	01:56:53.125	0.78574				2
2026.03.13	01:56:53.426	0.78575				2
2026.03.13	01:56:57.478	0.78572				2
2026.03.13	01:56:57.780	0.78575				2
2026.03.13	01:57:03.314	0.78575				2
2026.03.13	01:57:10.238	0.78571	0.78578			6
2026.03.13	01:57:10.839	0.78572				2
2026.03.13	01:57:12.270	0.78571				2
2026.03.13	01:57:12.570	0.78572				2
2026.03.13	01:57:19.136		0.78580			4
2026.03.13	01:57:19.573	0.78573				2
2026.03.13	01:57:21.001		0.78579			4
2026.03.13	01:57:21.302	0.78574	0.78580			6
2026.03.13	01:57:26.850	0.78573				2
2026.03.13	01:57:31.025		0.78579			4
2026.03.13	01:57:31.327	0.78571				2
2026.03.13	01:57:31.927	0.78572	0.78578			6
2026.03.13	01:57:37.708	0.78574	0.78581			6
2026.03.13	01:57:41.472	0.78573	0.78580			6
2026.03.13	01:57:41.774	0.78574				2
2026.03.13	01:57:45.824	0.78575	0.78581			6
2026.03.13	01:57:48.178	0.78574	0.78580			6
2026.03.13	01:57:49.941	0.78573				2
2026.03.13	01:57:50.241	0.78574				2
2026.03.13	01:57:52.018	0.78573				2
2026.03.13	01:57:52.319	0.78574				2
2026.03.13	01:57:56.852	0.78573				2
2026.03.13	01:57:57.153	0.78574				2
2026.03.13	01:57:58.608	0.78573				2
2026.03.13	01:57:58.907	0.78574				2
2026.03.13	01:58:00.175	0.78574				2
2026.03.13	01:58:01.079	0.78573				2
2026.03.13	01:58:01.380	0.78574				2
2026.03.13	01:58:06.312		0.78581			4
2026.03.13	01:58:14.889	0.78575				2
2026.03.13	01:58:21.807	0.78572	0.78579			6
2026.03.13	01:58:28.493		0.78578			4
2026.03.13	01:58:42.522	0.78571	0.78577			6
2026.03.13	01:58:43.145	0.78570				2
2026.03.13	01:58:43.447	0.78571	0.78578			6
2026.03.13	01:58:45.777	0.78570	0.78577			6
2026.03.13	01:59:00.003	0.78570				2
2026.03.13	01:59:14.357	0.78569	0.78575			6
2026.03.13	01:59:21.785		0.78576			4
2026.03.13	01:59:27.791		0.78575			4
2026.03.13	01:59:33.589	0.78567				2
2026.03.13	01:59:33.888	0.78569	0.78576			6
2026.03.13	01:59:34.189	0.78565	0.78572			6
2026.03.13	01:59:50.355	0.78566				2
2026.03.13	01:59:55.685	0.78565	0.78571			6
2026.03.13	01:59:55.983		0.78572			4
2026.03.13	01:59:58.701		0.78571			4
2026.03.13	01:59:59.001		0.78572			4
2026.03.13	01:59:59.301	0.78562	0.78569			6
2026.03.13	02:00:00.005	0.78562				2
2026.03.13	02:00:00.305	0.78561				2
2026.03.13	02:00:00.608	0.78562				2
2026.03.13	02:00:03.547	0.78559	0.78566			6
2026.03.13	02:00:04.759	0.78560				2
2026.03.13	02:00:05.353	0.78557				2
2026.03.13	02:00:07.089	0.78559				2
2026.03.13	02:00:07.690		0.78568			4
2026.03.13	02:00:07.993	0.78561				2
2026.03.13	02:00:08.593	0.78562				2
2026.03.13	02:00:08.893		0.78570			4
2026.03.13	02:00:09.193	0.78563	0.78571			6
2026.03.13	02:00:09.493	0.78562	0.78570			6
2026.03.13	02:00:10.422		0.78571			4
2026.03.13	02:00:10.721	0.78563				2
2026.03.13	02:00:11.022	0.78562	0.78570			6
2026.03.13	02:00:11.560	0.78563				2
2026.03.13	02:00:11.859	0.78562				2
2026.03.13	02:00:13.483	0.78564	0.78571			6
2026.03.13	02:00:13.783		0.78572			4
2026.03.13	02:00:14.383	0.78565				2
2026.03.13	02:00:15.673		0.78571			4
2026.03.13	02:00:15.973		0.78572			4
2026.03.13	02:00:16.389		0.78571			4
2026.03.13	02:00:17.289	0.78564				2
2026.03.13	02:00:18.472	0.78565	0.78572			6
2026.03.13	02:00:23.991	0.78564	0.78571			6
2026.03.13	02:00:27.449	0.78567	0.78573			6
2026.03.13	02:00:31.388		0.78574			4
2026.03.13	02:00:35.566	0.78571	0.78578			6
2026.03.13	02:00:37.066	0.78572				2
2026.03.13	02:01:00.621	0.78572				2
2026.03.13	02:01:08.369	0.78571	0.78577			6
2026.03.13	02:01:08.669		0.78578			4
2026.03.13	02:01:09.620	0.78570				2
2026.03.13	02:01:11.930	0.78569	0.78577			6
2026.03.13	02:01:12.682		0.78576			4
2026.03.13	02:01:17.113	0.78570				2
2026.03.13	02:01:19.594	0.78571				2
2026.03.13	02:01:19.893	0.78570				2
2026.03.13	02:01:21.175		0.78575			4
2026.03.13	02:01:23.487		0.78576			4
2026.03.13	02:01:27.626		0.78575			4
2026.03.13	02:01:27.926		0.78576			4
2026.03.13	02:01:29.750		0.78575			4
2026.03.13	02:01:33.376	0.78572	0.78578			6
2026.03.13	02:01:35.141	0.78571	0.78577			6
2026.03.13	02:01:37.852		0.78578			4
2026.03.13	02:01:38.358		0.78577			4
2026.03.13	02:01:39.771	0.78572	0.78579			6
2026.03.13	02:01:42.787		0.78578			4
2026.03.13	02:01:44.626		0.78577			4
2026.03.13	02:01:45.625		0.78578			4
2026.03.13	02:01:47.042		0.78579			4
2026.03.13	02:01:50.233	0.78576	0.78581			6
2026.03.13	02:01:55.749		0.78582			4
2026.03.13	02:02:00.234	0.78576				2
2026.03.13	02:02:03.800		0.78583			4
2026.03.13	02:02:04.406		0.78582			4
2026.03.13	02:02:06.155		0.78581			4
2026.03.13	02:02:09.874	0.78575				2
2026.03.13	02:02:12.529	0.78576				2
2026.03.13	02:02:17.582	0.78575				2
2026.03.13	02:02:17.882	0.78572	0.78579			6
2026.03.13	02:02:22.389		0.78578			4
2026.03.13	02:02:25.753		0.78579			4
2026.03.13	02:02:27.741		0.78580			4
2026.03.13	02:02:28.041		0.78579			4
2026.03.13	02:02:37.222	0.78569	0.78575			6
2026.03.13	02:02:51.474	0.78568				2
2026.03.13	02:02:54.015	0.78569	0.78576			6
2026.03.13	02:02:58.326	0.78570				2
2026.03.13	02:02:58.626	0.78569				2
2026.03.13	02:03:00.131	0.78569				2
2026.03.13	02:03:04.453	0.78566	0.78572			6
2026.03.13	02:03:08.523		0.78573			4
2026.03.13	02:03:08.827	0.78564	0.78570			6
2026.03.13	02:03:09.563	0.78563				2
2026.03.13	02:03:11.433		0.78569			4
2026.03.13	02:03:11.735		0.78570			4
2026.03.13	02:03:12.637		0.78569			4
2026.03.13	02:03:13.661	0.78564	0.78570			6
2026.03.13	02:03:16.907		0.78571			4
2026.03.13	02:03:17.396		0.78570			4
2026.03.13	02:03:21.904		0.78571			4
2026.03.13	02:03:23.902	0.78563	0.78570			6
2026.03.13	02:03:24.766	0.78561	0.78568			6
2026.03.13	02:03:25.812	0.78560	0.78567			6
2026.03.13	02:03:30.776	0.78561	0.78568			6
2026.03.13	02:03:36.493		0.78567			4
2026.03.13	02:03:36.794		0.78568			4
2026.03.13	02:03:43.605	0.78559				2
2026.03.13	02:03:43.906	0.78562				2
2026.03.13	02:03:44.428	0.78561				2
2026.03.13	02:03:48.712	0.78564	0.78567			6
2026.03.13	02:03:49.913	0.78563	0.78566			6
2026.03.13	02:03:52.617	0.78562	0.78568			6
2026.03.13	02:03:54.266	0.78560	0.78567			6
2026.03.13	02:04:00.232	0.78560				2
2026.03.13	02:04:01.869	0.78559				2
2026.03.13	02:04:08.258	0.78558				2
2026.03.13	02:04:09.047	0.78557				2
2026.03.13	02:04:09.349	0.78558				2
2026.03.13	02:04:10.638	0.78557	0.78566			6
2026.03.13	02:04:13.531	0.78556				2
2026.03.13	02:04:14.816	0.78555				2
2026.03.13	02:04:15.116	0.78556				2
2026.03.13	02:04:15.716	0.78555				2
2026.03.13	02:04:16.017	0.78556				2
2026.03.13	02:04:16.958	0.78555				2
2026.03.13	02:04:17.259		0.78565			4
2026.03.13	02:04:18.469	0.78556	0.78566			6
2026.03.13	02:04:18.769		0.78565			4
2026.03.13	02:04:19.073		0.78566			4
2026.03.13	02:04:20.980	0.78555	0.78565			6
2026.03.13	02:04:22.163		0.78564			4
2026.03.13	02:04:29.525	0.78554	0.78565			6
2026.03.13	02:04:30.369	0.78555				2
2026.03.13	02:04:31.093	0.78556	0.78566			6
2026.03.13	02:04:31.394	0.78555				2
2026.03.13	02:04:31.993	0.78556				2
2026.03.13	02:04:32.962	0.78557				2
2026.03.13	02:04:33.378	0.78556				2
2026.03.13	02:04:33.680		0.78565			4
2026.03.13	02:04:35.256	0.78555	0.78566			6
2026.03.13	02:04:35.996	0.78557				2
2026.03.13	02:04:36.296	0.78555				2
2026.03.13	02:04:36.600	0.78558				2
2026.03.13	02:04:36.897	0.78560				2
2026.03.13	02:04:37.197	0.78561	0.78567			6
2026.03.13	02:04:37.975	0.78559				2
2026.03.13	02:04:38.275	0.78561				2
2026.03.13	02:04:40.548	0.78562	0.78568			6
2026.03.13	02:04:41.151	0.78561				2
2026.03.13	02:04:42.557	0.78557	0.78566			6
2026.03.13	02:04:43.482		0.78565			4
2026.03.13	02:04:43.784	0.78556				2
2026.03.13	02:04:49.460	0.78558				2
2026.03.13	02:04:49.763	0.78555	0.78564			6
2026.03.13	02:04:52.110		0.78563			4
2026.03.13	02:04:54.432	0.78554	0.78564			6
2026.03.13	02:05:00.380	0.78555				2
2026.03.13	02:05:00.945	0.78554				2
2026.03.13	02:05:01.323	0.78555				2
2026.03.13	02:05:02.879	0.78554	0.78563			6
2026.03.13	02:05:07.424	0.78559	0.78565			6
2026.03.13	02:05:08.327	0.78560	0.78566			6
2026.03.13	02:05:10.844	0.78558				2
2026.03.13	02:05:11.143	0.78559				2
2026.03.13	02:05:14.595	0.78560				2
2026.03.13	02:05:14.895	0.78559				2
2026.03.13	02:05:18.527	0.78561				2
2026.03.13	02:05:21.721	0.78559				2
2026.03.13	02:05:22.021	0.78561				2
2026.03.13	02:05:23.917	0.78559				2
2026.03.13	02:05:25.689	0.78561				2
2026.03.13	02:05:26.897	0.78559				2
2026.03.13	02:05:27.601	0.78557				2
2026.03.13	02:05:27.901	0.78558				2
2026.03.13	02:05:28.201	0.78559				2
2026.03.13	02:05:28.803	0.78558				2
2026.03.13	02:05:29.103	0.78559				2
2026.03.13	02:05:29.403	0.78558				2
2026.03.13	02:05:29.703	0.78559				2
2026.03.13	02:05:30.317	0.78558				2
2026.03.13	02:05:30.617	0.78560				2
2026.03.13	02:05:30.918	0.78559				2
2026.03.13	02:05:31.691	0.78560				2
2026.03.13	02:05:32.938	0.78559				2
2026.03.13	02:05:33.537	0.78560				2
2026.03.13	02:05:34.437	0.78559				2
2026.03.13	02:05:34.738	0.78560				2
2026.03.13	02:05:35.639	0.78559				2
2026.03.13	02:05:35.939	0.78560				2
2026.03.13	02:05:36.733	0.78558				2
2026.03.13	02:05:37.880	0.78560				2
2026.03.13	02:05:38.180	0.78559				2
2026.03.13	02:05:39.081	0.78560				2
2026.03.13	02:05:40.173	0.78559				2
2026.03.13	02:05:40.474	0.78560				2
2026.03.13	02:05:41.674	0.78559				2
2026.03.13	02:05:42.575	0.78556	0.78563			6
2026.03.13	02:05:44.928	0.78554	0.78561			6
2026.03.13	02:05:46.898	0.78553	0.78560			6
2026.03.13	02:05:47.548	0.78554				2
2026.03.13	02:05:48.327	0.78552				2
2026.03.13	02:05:50.045	0.78551				2
2026.03.13	02:05:50.646	0.78552				2
2026.03.13	02:05:50.945	0.78553				2
2026.03.13	02:05:51.245	0.78552				2
2026.03.13	02:05:52.146	0.78553				2
2026.03.13	02:05:53.661	0.78552				2
2026.03.13	02:05:54.561	0.78553				2
2026.03.13	02:06:00.045	0.78553				2
2026.03.13	02:06:09.238	0.78552				2
2026.03.13	02:06:10.172	0.78553				2
2026.03.13	02:06:11.121	0.78552				2
2026.03.13	02:06:11.722	0.78553				2
2026.03.13	02:06:14.027	0.78554				2
2026.03.13	02:06:17.322	0.78557	0.78563			6
2026.03.13	02:06:21.871	0.78556				2
2026.03.13	02:06:32.288	0.78557				2
2026.03.13	02:06:36.163	0.78554	0.78562			6
2026.03.13	02:06:40.770	0.78555				2
2026.03.13	02:06:48.790	0.78554				2
2026.03.13	02:06:50.038	0.78557	0.78563			6
2026.03.13	02:06:50.337	0.78555				2
2026.03.13	02:06:52.915	0.78556				2
2026.03.13	02:06:53.216	0.78554				2
2026.03.13	02:06:54.164	0.78555				2
2026.03.13	02:07:00.277	0.78557	0.78564			6
2026.03.13	02:07:00.578	0.78556	0.78563			6
2026.03.13	02:07:01.478	0.78554				2
2026.03.13	02:07:03.133	0.78556				2
2026.03.13	02:07:03.434	0.78554				2
2026.03.13	02:07:04.034	0.78556				2
2026.03.13	02:07:05.956	0.78554				2
2026.03.13	02:07:06.858	0.78555				2
2026.03.13	02:07:07.459	0.78554				2
2026.03.13	02:07:07.759	0.78555				2
2026.03.13	02:07:10.476	0.78554				2
2026.03.13	02:07:10.777	0.78555				2
2026.03.13	02:07:13.560	0.78553				2
2026.03.13	02:07:13.860	0.78555				2
2026.03.13	02:07:14.224	0.78554				2
2026.03.13	02:07:14.524	0.78553				2
2026.03.13	02:07:15.233	0.78555				2
2026.03.13	02:07:15.833	0.78553				2
2026.03.13	02:07:16.134	0.78554	0.78562			6
2026.03.13	02:07:19.312	0.78556	0.78563			6
2026.03.13	02:07:27.409	0.78557	0.78564			6
2026.03.13	02:07:28.711	0.78556	0.78565			6
2026.03.13	02:07:29.013	0.78560	0.78563			6
2026.03.13	02:07:30.214		0.78562			4
2026.03.13	02:07:30.814	0.78561	0.78563			6
2026.03.13	02:07:31.115	0.78560				2
2026.03.13	02:07:32.617	0.78557	0.78565			6
2026.03.13	02:07:35.486	0.78558				2
2026.03.13	02:07:36.911	0.78557				2
2026.03.13	02:07:39.441	0.78558				2
2026.03.13	02:07:42.649	0.78560	0.78567			6
2026.03.13	02:07:44.290	0.78561				2
2026.03.13	02:07:47.065	0.78560				2
2026.03.13	02:07:55.789	0.78561				2
2026.03.13	02:07:58.076	0.78562	0.78569			6
2026.03.13	02:07:58.376	0.78563				2
2026.03.13	02:08:00.531	0.78563	0.78570			6
2026.03.13	02:08:06.437	0.78562				2
2026.03.13	02:08:09.728		0.78569			4
2026.03.13	02:08:10.028	0.78561				2
2026.03.13	02:08:10.835		0.78568			4
2026.03.13	02:08:12.367	0.78562	0.78569			6
2026.03.13	02:08:13.781	0.78560	0.78567			6
2026.03.13	02:08:14.397	0.78559	0.78565			6
2026.03.13	02:08:14.696	0.78558				2
2026.03.13	02:08:25.495	0.78557				2
2026.03.13	02:08:25.795	0.78558				2
2026.03.13	02:08:31.861	0.78559				2
2026.03.13	02:08:35.758		0.78566			4
2026.03.13	02:08:39.307	0.78560	0.78567			6
2026.03.13	02:09:01.689	0.78560				2
2026.03.13	02:09:14.795	0.78557	0.78564			6
2026.03.13	02:09:15.478		0.78565			4
2026.03.13	02:09:15.779		0.78564			4
2026.03.13	02:09:17.219		0.78565			4
2026.03.13	02:09:27.885		0.78563			4
2026.03.13	02:09:28.185		0.78564			4
2026.03.13	02:09:29.581		0.78563			4
2026.03.13	02:09:31.876	0.78554	0.78561			6
2026.03.13	02:09:40.302	0.78553	0.78560			6
2026.03.13	02:09:50.530		0.78559			4
2026.03.13	02:09:51.436		0.78560			4
2026.03.13	02:10:00.041	0.78553				2
2026.03.13	02:10:09.737	0.78555	0.78561			6
2026.03.13	02:10:15.903	0.78558	0.78565			6
2026.03.13	02:10:16.203		0.78564			4
2026.03.13	02:10:16.504		0.78565			4
2026.03.13	02:10:16.804		0.78564			4
2026.03.13	02:10:17.429		0.78565			4
2026.03.13	02:10:17.731	0.78557	0.78564			6
2026.03.13	02:10:20.394	0.78558				2
2026.03.13	02:10:20.694	0.78557				2
2026.03.13	02:10:24.701		0.78563			4
2026.03.13	02:10:36.905		0.78564			4
2026.03.13	02:10:37.674		0.78563			4
2026.03.13	02:10:53.730	0.78558				2
2026.03.13	02:10:54.031	0.78557	0.78562			6
2026.03.13	02:10:54.345	0.78558	0.78563			6
2026.03.13	02:10:54.649	0.78557	0.78562			6
2026.03.13	02:10:54.949	0.78558	0.78563			6
2026.03.13	02:10:55.250	0.78557	0.78562			6
2026.03.13	02:10:55.551	0.78558	0.78563			6
2026.03.13	02:10:55.865	0.78557	0.78562			6
2026.03.13	02:10:56.165	0.78558	0.78563			6
2026.03.13	02:10:56.466	0.78557	0.78562			6
2026.03.13	02:10:56.766	0.78559	0.78564			6
2026.03.13	02:10:57.081	0.78558	0.78563			6
2026.03.13	02:10:57.381		0.78564			4
2026.03.13	02:10:59.720		0.78565			4
2026.03.13	02:11:00.020	0.78558	0.78564			6
2026.03.13	02:11:02.088	0.78557				2
2026.03.13	02:11:02.388	0.78558				2
2026.03.13	02:11:03.980	0.78557				2
2026.03.13	02:11:05.069	0.78558				2
2026.03.13	02:11:06.312	0.78557				2
2026.03.13	02:11:08.688	0.78558				2
2026.03.13	02:11:10.279	0.78557	0.78563			6
2026.03.13	02:11:10.879	0.78558	0.78564			6
2026.03.13	02:11:15.489		0.78565			4
2026.03.13	02:11:15.789	0.78557				2
2026.03.13	02:11:16.088		0.78566			4
2026.03.13	02:11:16.990		0.78565			4
2026.03.13	02:11:18.807	0.78558				2
2026.03.13	02:11:19.106		0.78564			4
2026.03.13	02:11:22.483	0.78560	0.78566			6
2026.03.13	02:11:22.783	0.78561	0.78568			6
2026.03.13	02:11:32.923	0.78563	0.78570			6
2026.03.13	02:11:33.319	0.78562	0.78568			6
2026.03.13	02:11:34.704	0.78563				2
2026.03.13	02:11:35.005		0.78569			4
2026.03.13	02:11:35.631	0.78562	0.78568			6
2026.03.13	02:11:38.655		0.78570			4
2026.03.13	02:11:38.956	0.78561	0.78568			6
2026.03.13	02:11:39.256	0.78562	0.78570			6
2026.03.13	02:11:39.780	0.78563	0.78569			6
2026.03.13	02:11:40.786	0.78562				2
2026.03.13	02:11:41.086	0.78563				2
2026.03.13	02:11:41.608	0.78562	0.78568			6
2026.03.13	02:11:46.418	0.78563	0.78569			6
2026.03.13	02:11:47.019		0.78570			4
2026.03.13	02:11:49.111		0.78569			4
2026.03.13	02:11:52.006		0.78570			4
2026.03.13	02:11:52.306		0.78569			4
2026.03.13	02:12:01.324	0.78563				2
2026.03.13	02:12:02.067		0.78570			4
2026.03.13	02:12:14.082	0.78565				2
2026.03.13	02:12:14.583	0.78563				2
2026.03.13	02:12:22.590	0.78562				2
2026.03.13	02:12:23.065	0.78563				2
2026.03.13	02:12:28.739	0.78560	0.78569			6
2026.03.13	02:12:29.039	0.78562				2
2026.03.13	02:12:33.065	0.78563				2
2026.03.13	02:12:33.365	0.78562				2
2026.03.13	02:12:38.923		0.78570			4
2026.03.13	02:12:39.223	0.78557	0.78564			6
2026.03.13	02:12:39.823	0.78556				2
2026.03.13	02:12:40.125	0.78557				2
2026.03.13	02:12:40.425	0.78558				2
2026.03.13	02:12:41.232	0.78557				2
2026.03.13	02:12:42.462	0.78558				2
2026.03.13	02:12:42.764	0.78557				2
2026.03.13	02:12:43.064	0.78560	0.78566			6
2026.03.13	02:12:46.389	0.78559				2
2026.03.13	02:12:47.156	0.78558				2
2026.03.13	02:12:47.456	0.78559				2
2026.03.13	02:12:50.332	0.78558				2
2026.03.13	02:13:00.706	0.78558				2
2026.03.13	02:13:01.112	0.78559				2
2026.03.13	02:13:15.375		0.78567			4
2026.03.13	02:13:28.183	0.78556	0.78565			6
2026.03.13	02:13:33.393	0.78558	0.78564			6
2026.03.13	02:13:33.692	0.78556				2
2026.03.13	02:13:37.838	0.78555				2
2026.03.13	02:13:40.257	0.78556				2
2026.03.13	02:13:40.556	0.78559	0.78566			6
2026.03.13	02:13:40.856	0.78558	0.78565			6
2026.03.13	02:13:45.613	0.78557				2
2026.03.13	02:13:46.196	0.78558				2
2026.03.13	02:14:02.533	0.78558				2
2026.03.13	02:14:04.289	0.78559	0.78566			6
2026.03.13	02:14:09.941		0.78567			4
2026.03.13	02:14:21.489		0.78566			4
2026.03.13	02:14:25.538	0.78564	0.78571			6
2026.03.13	02:14:33.388		0.78570			4
2026.03.13	02:14:38.719	0.78563				2
2026.03.13	02:14:39.020	0.78564	0.78571			6
2026.03.13	02:14:45.445	0.78566	0.78572			6
2026.03.13	02:14:48.385	0.78565				2
2026.03.13	02:14:53.367	0.78564				2
2026.03.13	02:14:54.610	0.78566	0.78573			6
2026.03.13	02:14:57.314	0.78564	0.78572			6
2026.03.13	02:14:59.982	0.78565				2
2026.03.13	02:15:00.283	0.78567				2
2026.03.13	02:15:03.066		0.78573			4
2026.03.13	02:15:03.472	0.78566				2
2026.03.13	02:15:04.472	0.78567				2
2026.03.13	02:15:08.343	0.78566				2
2026.03.13	02:15:12.260	0.78567	0.78574			6
2026.03.13	02:15:13.378		0.78573			4
2026.03.13	02:15:13.979	0.78566				2
2026.03.13	02:15:20.889	0.78567				2
2026.03.13	02:15:21.873	0.78566				2
2026.03.13	02:15:22.175	0.78567				2
2026.03.13	02:15:23.388	0.78566				2
2026.03.13	02:15:24.474	0.78567				2
2026.03.13	02:15:27.721	0.78566				2
2026.03.13	02:15:28.023	0.78567				2
2026.03.13	02:15:31.841	0.78566				2
2026.03.13	02:15:32.641	0.78564	0.78571			6
2026.03.13	02:15:37.973	0.78563				2
2026.03.13	02:15:38.600	0.78565	0.78573			6
2026.03.13	02:15:50.998	0.78567				2
2026.03.13	02:15:56.197		0.78574			4
2026.03.13	02:15:56.496		0.78573			4
2026.03.13	02:15:57.276		0.78574			4
2026.03.13	02:15:58.580		0.78573			4
2026.03.13	02:15:58.881		0.78574			4
2026.03.13	02:16:00.847	0.78567				2
2026.03.13	02:16:01.448		0.78573			4
2026.03.13	02:16:06.209	0.78566				2
2026.03.13	02:16:07.519	0.78572	0.78578			6
2026.03.13	02:16:10.196	0.78570	0.78577			6
2026.03.13	02:16:11.646	0.78571				2
2026.03.13	02:16:12.772		0.78578			4
2026.03.13	02:16:14.318		0.78579			4
2026.03.13	02:16:15.204		0.78577			4
2026.03.13	02:16:15.504		0.78578			4
2026.03.13	02:16:18.075	0.78572	0.78579			6
2026.03.13	02:16:27.010	0.78573	0.78580			6
2026.03.13	02:16:30.312	0.78574				2
2026.03.13	02:16:32.035		0.78581			4
2026.03.13	02:16:32.336		0.78580			4
2026.03.13	02:16:32.637	0.78573				2
2026.03.13	02:16:32.936	0.78574				2
2026.03.13	02:16:35.211	0.78573	0.78581			6
2026.03.13	02:16:45.856	0.78572	0.78580			6
2026.03.13	02:17:02.833	0.78572				2
2026.03.13	02:17:03.821		0.78579			4
2026.03.13	02:17:13.171	0.78573	0.78580			6
2026.03.13	02:17:13.742	0.78572	0.78579			6
2026.03.13	02:17:17.436	0.78571				2
2026.03.13	02:17:17.738	0.78573				2
2026.03.13	02:17:18.037	0.78574	0.78580			6
2026.03.13	02:17:18.338	0.78573				2
2026.03.13	02:17:19.887	0.78572				2
2026.03.13	02:17:20.327	0.78573				2
2026.03.13	02:17:31.039	0.78574				2
2026.03.13	02:17:48.723	0.78572				2
2026.03.13	02:17:50.143	0.78574				2
2026.03.13	02:17:50.464	0.78573				2
2026.03.13	02:17:53.727	0.78574				2
2026.03.13	02:17:54.025	0.78572				2
2026.03.13	02:17:54.325	0.78574				2
2026.03.13	02:17:54.834	0.78573				2
2026.03.13	02:17:55.192	0.78574				2
2026.03.13	02:17:55.537	0.78573				2
2026.03.13	02:17:56.581	0.78574				2
2026.03.13	02:17:59.117	0.78575	0.78581			6
2026.03.13	02:18:00.357	0.78574				2
2026.03.13	02:18:00.657		0.78580			4
2026.03.13	02:18:01.388		0.78581			4
2026.03.13	02:18:03.840		0.78580			4
2026.03.13	02:18:09.582		0.78581			4
2026.03.13	02:18:11.294		0.78580			4
2026.03.13	02:18:11.683		0.78581			4
2026.03.13	02:18:19.437	0.78577	0.78584			6
2026.03.13	02:18:21.037	0.78578	0.78585			6
2026.03.13	02:18:22.438	0.78579				2
2026.03.13	02:18:23.873	0.78577				2
2026.03.13	02:18:25.921	0.78578				2
2026.03.13	02:18:26.221	0.78579				2
2026.03.13	02:18:30.894		0.78586			4
2026.03.13	02:18:37.406	0.78580	0.78587			6
2026.03.13	02:18:53.269	0.78579	0.78586			6
2026.03.13	02:18:53.570	0.78580	0.78587			6
2026.03.13	02:18:55.969	0.78578	0.78586			6
2026.03.13	02:18:56.269	0.78580	0.78587			6
2026.03.13	02:19:00.175	0.78580				2
2026.03.13	02:19:06.993		0.78586			4
2026.03.13	02:19:10.788		0.78587			4
2026.03.13	02:19:17.804	0.78581	0.78586			6
2026.03.13	02:19:20.202	0.78580				2
2026.03.13	02:19:23.248	0.78581				2
2026.03.13	02:19:27.849		0.78587			4
2026.03.13	02:19:44.967	0.78580				2
2026.03.13	02:19:51.974	0.78579	0.78586			6
2026.03.13	02:19:52.274		0.78585			4
2026.03.13	02:19:55.872	0.78578				2
2026.03.13	02:19:56.173	0.78577	0.78584			6
2026.03.13	02:19:57.974	0.78575	0.78581			6
2026.03.13	02:20:00.085	0.78575				2
2026.03.13	02:20:01.126	0.78576				2
2026.03.13	02:20:10.294	0.78575				2
2026.03.13	02:20:12.855	0.78574				2
2026.03.13	02:20:13.878	0.78576				2
2026.03.13	02:20:15.606		0.78582			4
2026.03.13	02:20:28.042	0.78575	0.78581			6
2026.03.13	02:20:34.099	0.78573	0.78579			6
2026.03.13	02:20:34.400	0.78572				2
2026.03.13	02:20:46.281	0.78573	0.78580			6
2026.03.13	02:20:55.912	0.78572	0.78578			6
2026.03.13	02:21:00.176	0.78572				2
2026.03.13	02:21:08.506	0.78570				2
2026.03.13	02:21:10.007	0.78572				2
2026.03.13	02:21:15.181	0.78571				2
2026.03.13	02:21:16.179	0.78572				2
2026.03.13	02:21:17.523	0.78570				2
2026.03.13	02:21:18.266	0.78571				2
2026.03.13	02:21:18.568	0.78570				2
2026.03.13	02:21:19.205	0.78571				2
2026.03.13	02:21:19.506	0.78572				2
2026.03.13	02:21:20.355		0.78579			4
2026.03.13	02:21:21.058	0.78573				2
2026.03.13	02:21:21.359	0.78574	0.78580			6
2026.03.13	02:21:30.979	0.78575	0.78581			6
2026.03.13	02:21:31.580	0.78574				2
2026.03.13	02:21:39.094	0.78575				2
2026.03.13	02:21:41.057		0.78582			4
2026.03.13	02:21:42.351		0.78581			4
2026.03.13	02:21:46.791		0.78582			4
2026.03.13	02:21:51.138		0.78581			4
2026.03.13	02:21:51.438	0.78576				2
2026.03.13	02:21:52.116		0.78582			4
2026.03.13	02:21:59.893	0.78575				2
2026.03.13	02:22:00.194	0.78575				2
2026.03.13	02:22:06.189	0.78576				2
2026.03.13	02:22:11.907	0.78575	0.78583			6
2026.03.13	02:22:20.590	0.78576				2
2026.03.13	02:22:20.890		0.78582			4
2026.03.13	02:22:21.585		0.78583			4
2026.03.13	02:22:22.744		0.78582			4
2026.03.13	02:22:31.822		0.78583			4
2026.03.13	02:22:36.280		0.78582			4
2026.03.13	02:22:51.368		0.78583			4
2026.03.13	02:22:54.547		0.78582			4
2026.03.13	02:22:54.847	0.78575				2
2026.03.13	02:22:57.243	0.78574	0.78581			6
2026.03.13	02:22:57.543	0.78575	0.78582			6
2026.03.13	02:23:00.099	0.78574	0.78581			6
2026.03.13	02:23:00.399	0.78575	0.78582			6
2026.03.13	02:23:00.699	0.78574	0.78581			6
2026.03.13	02:23:04.904	0.78575	0.78582			6
2026.03.13	02:23:11.559	0.78578	0.78584			6
2026.03.13	02:23:14.676		0.78585			4
2026.03.13	02:23:16.389	0.78579				2
2026.03.13	02:23:31.651	0.78582	0.78588			6
2026.03.13	02:23:35.532	0.78584	0.78590			6
2026.03.13	02:23:37.875		0.78589			4
2026.03.13	02:23:40.328		0.78590			4
2026.03.13	02:23:45.795		0.78589			4
2026.03.13	02:23:48.707	0.78583				2
2026.03.13	02:23:49.007	0.78584				2
2026.03.13	02:23:54.507	0.78585				2
2026.03.13	02:24:00.208	0.78585				2
2026.03.13	02:24:04.296	0.78584				2
2026.03.13	02:24:04.964	0.78583				2
2026.03.13	02:24:05.566	0.78582	0.78586			6
2026.03.13	02:24:06.406		0.78587			4
2026.03.13	02:24:08.636	0.78579	0.78584			6
2026.03.13	02:24:21.883	0.78578				2
2026.03.13	02:24:35.067	0.78579	0.78585			6
2026.03.13	02:24:43.080	0.78580				2
2026.03.13	02:24:45.588	0.78579				2
2026.03.13	02:24:51.789	0.78580				2
2026.03.13	02:24:59.811	0.78583	0.78589			6
2026.03.13	02:25:00.111	0.78582	0.78588			6
2026.03.13	02:25:00.711		0.78589			4
2026.03.13	02:25:01.311	0.78584	0.78590			6
2026.03.13	02:25:04.993		0.78591			4
2026.03.13	02:25:23.438		0.78589			4
2026.03.13	02:25:24.501		0.78591			4
2026.03.13	02:25:25.706	0.78585				2
2026.03.13	02:25:26.007		0.78592			4
2026.03.13	02:25:26.307	0.78586				2
2026.03.13	02:25:26.910	0.78585				2
2026.03.13	02:25:27.510		0.78591			4
2026.03.13	02:25:29.659		0.78592			4
2026.03.13	02:25:38.406		0.78590			4
2026.03.13	02:25:41.406		0.78591			4
2026.03.13	02:25:42.406		0.78592			4
2026.03.13	02:25:42.707		0.78591			4
2026.03.13	02:25:46.658		0.78590			4
2026.03.13	02:25:48.494	0.78587	0.78593			6
2026.03.13	02:25:48.794	0.78585	0.78590			6
2026.03.13	02:25:50.406		0.78591			4
2026.03.13	02:25:51.406		0.78592			4
2026.03.13	02:25:54.407		0.78591			4
2026.03.13	02:25:56.640		0.78590			4
2026.03.13	02:25:57.406		0.78592			4
2026.03.13	02:25:58.611		0.78591			4
2026.03.13	02:25:59.219	0.78588				2
2026.03.13	02:25:59.520	0.78585				2
2026.03.13	02:26:00.281	0.78585				2
2026.03.13	02:26:00.582		0.78592			4
2026.03.13	02:26:16.189		0.78591			4
2026.03.13	02:26:29.647		0.78592			4
2026.03.13	02:26:38.523		0.78593			4
2026.03.13	02:26:38.825		0.78592			4
2026.03.13	02:26:41.534	0.78586	0.78594			6
2026.03.13	02:26:43.590		0.78593			4
2026.03.13	02:26:50.603	0.78584	0.78591			6
2026.03.13	02:26:51.204	0.78583				2
2026.03.13	02:26:51.503	0.78584				2
2026.03.13	02:26:51.803	0.78583	0.78589			6
2026.03.13	02:26:53.580		0.78590			4
2026.03.13	02:26:53.881	0.78582	0.78589			6
2026.03.13	02:27:00.023	0.78582				2
2026.03.13	02:27:00.951	0.78585	0.78591			6
2026.03.13	02:27:01.249	0.78581	0.78588			6
2026.03.13	02:27:01.992		0.78589			4
2026.03.13	02:27:02.293	0.78582				2
2026.03.13	02:27:07.273	0.78581	0.78588			6
2026.03.13	02:27:08.936	0.78582				2
2026.03.13	02:27:09.238		0.78589			4
2026.03.13	02:27:13.582		0.78588			4
2026.03.13	02:27:14.235	0.78578	0.78587			6
2026.03.13	02:27:14.534		0.78585			4
2026.03.13	02:27:17.210	0.78579				2
2026.03.13	02:27:17.510	0.78578				2
2026.03.13	02:27:18.108		0.78586			4
2026.03.13	02:27:29.347	0.78581	0.78588			6
2026.03.13	02:27:31.277	0.78582				2
2026.03.13	02:27:36.370		0.78589			4
2026.03.13	02:27:42.018		0.78590			4
2026.03.13	02:27:42.392		0.78589			4
2026.03.13	02:27:42.855		0.78590			4
2026.03.13	02:27:44.632		0.78589			4
2026.03.13	02:27:46.796		0.78590			4
2026.03.13	02:27:48.158		0.78589			4
2026.03.13	02:27:48.458		0.78590			4
2026.03.13	02:27:51.289		0.78589			4
2026.03.13	02:27:56.086		0.78590			4
2026.03.13	02:27:59.282		0.78589			4
2026.03.13	02:28:01.752	0.78581	0.78588			6
2026.03.13	02:28:03.284	0.78582	0.78589			6
2026.03.13	02:28:06.910	0.78581				2
2026.03.13	02:28:12.316		0.78588			4
2026.03.13	02:28:22.831		0.78589			4
2026.03.13	02:28:33.653	0.78579	0.78587			6
2026.03.13	02:28:35.082		0.78586			4
2026.03.13	02:28:37.977	0.78581	0.78589			6
2026.03.13	02:28:38.277	0.78580	0.78588			6
2026.03.13	02:28:39.439	0.78581	0.78589			6
2026.03.13	02:28:43.472		0.78588			4
2026.03.13	02:29:00.176	0.78581				2
2026.03.13	02:29:03.564		0.78587			4
2026.03.13	02:29:04.730		0.78588			4
2026.03.13	02:29:30.430		0.78589			4
2026.03.13	02:29:31.810	0.78575	0.78582			6
2026.03.13	02:29:32.109		0.78581			4
2026.03.13	02:29:32.410		0.78582			4
2026.03.13	02:29:36.994	0.78574				2
2026.03.13	02:29:40.395	0.78573				2
2026.03.13	02:29:47.889	0.78576	0.78583			6
2026.03.13	02:30:00.126	0.78576				2
2026.03.13	02:30:00.426		0.78582			4
2026.03.13	02:30:01.629	0.78575				2
2026.03.13	02:30:03.895	0.78576				2
2026.03.13	02:30:10.272		0.78583			4
2026.03.13	02:30:10.572		0.78582			4
2026.03.13	02:30:10.872		0.78583			4
2026.03.13	02:30:19.464		0.78582			4
2026.03.13	02:30:22.317		0.78583			4
2026.03.13	02:30:22.965		0.78582			4
2026.03.13	02:30:26.421		0.78583			4
2026.03.13	02:30:27.022		0.78582			4
2026.03.13	02:30:44.020	0.78575				2
2026.03.13	02:30:44.321	0.78576				2
2026.03.13	02:30:57.989	0.78575				2
2026.03.13	02:31:00.153	0.78575				2
2026.03.13	02:31:09.145	0.78578				2
2026.03.13	02:31:09.649	0.78575				2
2026.03.13	02:31:11.508		0.78581			4
2026.03.13	02:31:36.500		0.78580			4
2026.03.13	02:31:44.766	0.78576	0.78582			6
2026.03.13	02:31:47.138	0.78577				2
2026.03.13	02:31:47.606		0.78583			4
2026.03.13	02:31:54.038	0.78575				2
2026.03.13	02:31:54.338		0.78581			4
2026.03.13	02:32:01.968	0.78575				2
2026.03.13	02:32:04.317		0.78580			4
2026.03.13	02:32:06.607		0.78581			4
2026.03.13	02:32:07.606		0.78582			4
2026.03.13	02:32:10.436	0.78572	0.78579			6
2026.03.13	02:32:11.466		0.78578			4
2026.03.13	02:32:11.766		0.78579			4
2026.03.13	02:32:13.607		0.78577			4
2026.03.13	02:32:17.606		0.78578			4
2026.03.13	02:32:18.606		0.78577			4
2026.03.13	02:32:19.608		0.78578			4
2026.03.13	02:32:21.310		0.78579			4
2026.03.13	02:32:22.606		0.78578			4
2026.03.13	02:32:25.269	0.78571				2
2026.03.13	02:32:25.569	0.78567	0.78574			6
2026.03.13	02:32:25.870	0.78566	0.78573			6
2026.03.13	02:32:34.813		0.78574			4
2026.03.13	02:32:44.405		0.78573			4
2026.03.13	02:32:44.705		0.78574			4
2026.03.13	02:32:45.005		0.78573			4
2026.03.13	02:32:45.305	0.78567				2
2026.03.13	02:32:45.905	0.78565	0.78572			6
2026.03.13	02:32:46.205	0.78564				2
2026.03.13	02:33:00.419	0.78564				2
2026.03.13	02:33:00.718		0.78571			4
2026.03.13	02:33:04.390	0.78563				2
2026.03.13	02:33:04.689		0.78570			4
2026.03.13	02:33:06.272	0.78564	0.78571			6
2026.03.13	02:33:12.043	0.78563	0.78570			6
2026.03.13	02:33:13.176	0.78565	0.78572			6
2026.03.13	02:33:17.918	0.78569	0.78575			6
2026.03.13	02:33:18.219	0.78568				2
2026.03.13	02:33:21.440	0.78567	0.78573			6
2026.03.13	02:33:23.922	0.78568	0.78575			6
2026.03.13	02:33:26.328	0.78569				2
2026.03.13	02:33:30.236	0.78567	0.78574			6
2026.03.13	02:33:30.842	0.78566	0.78573			6
2026.03.13	02:33:39.622	0.78565				2
2026.03.13	02:33:39.924		0.78574			4
2026.03.13	02:33:41.758	0.78564	0.78573			6
2026.03.13	02:33:50.404	0.78565				2
2026.03.13	02:34:03.599	0.78565				2
2026.03.13	02:34:07.228	0.78562	0.78570			6
2026.03.13	02:34:07.529	0.78561				2
2026.03.13	02:34:09.374	0.78563	0.78571			6
2026.03.13	02:34:10.573		0.78570			4
2026.03.13	02:34:14.327		0.78571			4
2026.03.13	02:34:30.176		0.78570			4
2026.03.13	02:34:51.057		0.78569			4
2026.03.13	02:35:02.196	0.78563				2
2026.03.13	02:35:02.495		0.78570			4
2026.03.13	02:35:05.026		0.78571			4
2026.03.13	02:35:08.673	0.78562	0.78570			6
2026.03.13	02:35:24.055	0.78563	0.78571			6
2026.03.13	02:35:26.071	0.78560	0.78567			6
2026.03.13	02:35:26.371		0.78568			4
2026.03.13	02:35:27.568	0.78563	0.78570			6
2026.03.13	02:35:38.700	0.78560	0.78568			6
2026.03.13	02:35:39.001	0.78561				2
2026.03.13	02:35:39.603	0.78562	0.78569			6
2026.03.13	02:36:00.241	0.78562				2
2026.03.13	02:36:07.042	0.78563				2
2026.03.13	02:36:15.610	0.78562	0.78568			6
2026.03.13	02:36:19.473	0.78561	0.78569			6
2026.03.13	02:36:20.527	0.78563	0.78570			6
2026.03.13	02:36:27.357	0.78562	0.78569			6
2026.03.13	02:36:27.656	0.78561	0.78568			6
2026.03.13	02:36:31.389		0.78567			4
2026.03.13	02:36:34.864	0.78560				2
2026.03.13	02:36:35.161	0.78558	0.78566			6
2026.03.13	02:36:35.759		0.78565			4
2026.03.13	02:36:37.374		0.78564			4
2026.03.13	02:36:37.673		0.78565			4
2026.03.13	02:36:38.271	0.78559	0.78566			6
2026.03.13	02:36:38.903	0.78558	0.78565			6
2026.03.13	02:36:46.559	0.78559				2
2026.03.13	02:36:52.869	0.78560	0.78569			6
2026.03.13	02:36:53.812		0.78567			4
2026.03.13	02:36:54.111		0.78569			4
2026.03.13	02:36:54.412		0.78567			4
2026.03.13	02:36:54.713		0.78569			4
2026.03.13	02:36:55.014		0.78567			4
2026.03.13	02:36:55.346		0.78569			4
2026.03.13	02:36:57.365		0.78566			4
2026.03.13	02:36:57.667		0.78568			4
2026.03.13	02:36:57.966		0.78569			4
2026.03.13	02:36:58.908		0.78568			4
