<DATE>	<TIME>	<BID>	<ASK>	<LAST>	<VOLUME>	<FLAGS>
2026.02.02	00:03:30.862	0.77193	0.77324			6
2026.02.02	00:04:05.494	0.77212	0.77315			6
2026.02.02	00:04:46.757	0.77217	0.77324			6
2026.02.02	00:05:00.968	0.77217				2
2026.02.02	00:05:04.725		0.77326			4
2026.02.02	00:05:41.760		0.77330			4
2026.02.02	00:05:54.075		0.77329			4
2026.02.02	00:06:04.973	0.77217				2
2026.02.02	00:07:04.076	0.77217	0.77329			6
2026.02.02	00:08:04.075	0.77217				2
2026.02.02	00:08:26.763		0.77329			4
2026.02.02	00:09:14.075	0.77217				2
2026.02.02	00:09:40.968		0.77329			4
2026.02.02	00:10:00.373	0.77217				2
2026.02.02	00:10:16.765	0.77218	0.77330			6
2026.02.02	00:11:02.339	0.77218				2
2026.02.02	00:11:16.791		0.77330			4
2026.02.02	00:12:01.491	0.77218				2
2026.02.02	00:12:17.691		0.77330			4
2026.02.02	00:13:00.864	0.77218				2
2026.02.02	00:13:17.990		0.77330			4
2026.02.02	00:14:00.839	0.77218				2
2026.02.02	00:14:19.190		0.77330			4
2026.02.02	00:15:00.339	0.77218				2
2026.02.02	00:15:16.780		0.77331			4
2026.02.02	00:16:00.890	0.77218				2
2026.02.02	00:16:17.091		0.77331			4
2026.02.02	00:17:00.293	0.77218				2
2026.02.02	00:17:06.726		0.77327			4
2026.02.02	00:17:37.790		0.77329			4
2026.02.02	00:18:00.292	0.77218				2
2026.02.02	00:18:00.864		0.77335			4
2026.02.02	00:18:03.940		0.77334			4
2026.02.02	00:19:00.422	0.77218				2
2026.02.02	00:19:01.750		0.77335			4
2026.02.02	00:19:48.609		0.77341			4
2026.02.02	00:19:57.017		0.77342			4
2026.02.02	00:20:00.401	0.77218				2
2026.02.02	00:20:02.597		0.77341			4
2026.02.02	00:20:05.584		0.77340			4
2026.02.02	00:20:05.991		0.77338			4
2026.02.02	00:20:06.645		0.77341			4
2026.02.02	00:20:13.580		0.77339			4
2026.02.02	00:20:16.491		0.77338			4
2026.02.02	00:20:19.675		0.77340			4
2026.02.02	00:20:23.640		0.77343			4
2026.02.02	00:20:30.980		0.77341			4
2026.02.02	00:20:34.534		0.77344			4
2026.02.02	00:20:39.103		0.77343			4
2026.02.02	00:20:46.154		0.77342			4
2026.02.02	00:20:50.783		0.77340			4
2026.02.02	00:20:58.191		0.77339			4
2026.02.02	00:21:00.891	0.77218				2
2026.02.02	00:21:17.489		0.77338			4
2026.02.02	00:21:40.862		0.77339			4
2026.02.02	00:22:01.492	0.77218				2
2026.02.02	00:22:14.690		0.77337			4
2026.02.02	00:22:17.617		0.77339			4
2026.02.02	00:22:24.409		0.77338			4
2026.02.02	00:22:56.144		0.77332			4
2026.02.02	00:23:00.291	0.77218				2
2026.02.02	00:23:18.444		0.77331			4
2026.02.02	00:23:31.505		0.77333			4
2026.02.02	00:23:32.423		0.77338			4
2026.02.02	00:24:00.591	0.77218				2
2026.02.02	00:24:33.591		0.77338			4
2026.02.02	00:25:00.291	0.77218				2
2026.02.02	00:25:24.114		0.77339			4
2026.02.02	00:26:01.190	0.77218				2
2026.02.02	00:26:24.070		0.77332			4
2026.02.02	00:26:24.567		0.77339			4
2026.02.02	00:27:01.490	0.77218				2
2026.02.02	00:27:25.192		0.77338			4
2026.02.02	00:27:36.490		0.77332			4
2026.02.02	00:27:36.962		0.77338			4
2026.02.02	00:27:37.665		0.77332			4
2026.02.02	00:27:38.167		0.77338			4
2026.02.02	00:27:38.665		0.77332			4
2026.02.02	00:27:39.719		0.77338			4
2026.02.02	00:27:40.220		0.77332			4
2026.02.02	00:27:40.720		0.77338			4
2026.02.02	00:27:41.218		0.77332			4
2026.02.02	00:27:41.720		0.77338			4
2026.02.02	00:27:42.789		0.77332			4
2026.02.02	00:27:43.474		0.77338			4
2026.02.02	00:27:43.974		0.77332			4
2026.02.02	00:27:44.474		0.77338			4
2026.02.02	00:27:44.974		0.77332			4
2026.02.02	00:27:45.474		0.77338			4
2026.02.02	00:27:48.297		0.77333			4
2026.02.02	00:27:48.617		0.77338			4
2026.02.02	00:28:00.703	0.77218				2
2026.02.02	00:28:01.384		0.77344			4
2026.02.02	00:28:06.795	0.77213				2
2026.02.02	00:28:29.075	0.77217	0.77336			6
2026.02.02	00:28:41.995		0.77344			4
2026.02.02	00:28:43.606		0.77346			4
2026.02.02	00:28:48.153		0.77344			4
2026.02.02	00:28:48.605		0.77341			4
2026.02.02	00:29:00.291	0.77217				2
2026.02.02	00:29:07.929		0.77339			4
2026.02.02	00:29:12.479		0.77343			4
2026.02.02	00:29:37.022	0.77212				2
2026.02.02	00:30:00.376	0.77212				2
2026.02.02	00:30:01.988		0.77339			4
2026.02.02	00:30:15.492		0.77340			4
2026.02.02	00:30:25.862		0.77336			4
2026.02.02	00:30:41.257		0.77340			4
2026.02.02	00:30:49.105	0.77282	0.77348			6
2026.02.02	00:30:49.490		0.77350			4
2026.02.02	00:30:50.303	0.77277				2
2026.02.02	00:30:54.050		0.77349			4
2026.02.02	00:30:56.345	0.77278				2
2026.02.02	00:31:01.491	0.77278				2
2026.02.02	00:31:06.781	0.77279				2
2026.02.02	00:31:16.025		0.77350			4
2026.02.02	00:31:24.342	0.77280				2
2026.02.02	00:31:32.340	0.77281				2
2026.02.02	00:31:44.342	0.77282				2
2026.02.02	00:31:54.341	0.77283				2
2026.02.02	00:32:00.891	0.77283				2
2026.02.02	00:32:12.132	0.77284				2
2026.02.02	00:32:12.473	0.77282				2
2026.02.02	00:32:17.691		0.77350			4
2026.02.02	00:32:22.451	0.77214	0.77345			6
2026.02.02	00:32:24.734		0.77344			4
2026.02.02	00:32:28.341		0.77346			4
2026.02.02	00:32:49.355		0.77339			4
2026.02.02	00:33:00.344	0.77214				2
2026.02.02	00:33:17.453	0.77212				2
2026.02.02	00:33:49.358		0.77339			4
2026.02.02	00:34:00.866	0.77212				2
2026.02.02	00:34:49.369		0.77339			4
2026.02.02	00:34:50.551		0.77341			4
2026.02.02	00:34:52.792		0.77340			4
2026.02.02	00:34:53.385		0.77336			4
2026.02.02	00:34:58.807		0.77335			4
2026.02.02	00:35:01.177	0.77212				2
2026.02.02	00:35:02.180	0.77202	0.77333			6
2026.02.02	00:35:02.691		0.77334			4
2026.02.02	00:35:11.182		0.77335			4
2026.02.02	00:35:31.190		0.77334			4
2026.02.02	00:35:36.607	0.77211				2
2026.02.02	00:35:37.538		0.77335			4
2026.02.02	00:35:39.449		0.77336			4
2026.02.02	00:35:48.291		0.77339			4
2026.02.02	00:36:00.414	0.77211				2
2026.02.02	00:36:48.377	0.77219	0.77339			6
2026.02.02	00:36:49.270	0.77211				2
2026.02.02	00:36:50.868	0.77220	0.77342			6
2026.02.02	00:36:59.446	0.77211	0.77339			6
2026.02.02	00:37:00.583	0.77211				2
2026.02.02	00:37:11.387	0.77213				2
2026.02.02	00:37:12.340	0.77222				2
2026.02.02	00:37:40.231	0.77229				2
2026.02.02	00:37:47.225	0.77223				2
2026.02.02	00:37:57.588	0.77221				2
2026.02.02	00:38:00.292	0.77221	0.77339			6
2026.02.02	00:38:10.858	0.77218				2
2026.02.02	00:38:30.275	0.77216				2
2026.02.02	00:38:30.613	0.77217	0.77346			6
2026.02.02	00:38:40.549		0.77345			4
2026.02.02	00:38:57.587	0.77218				2
2026.02.02	00:39:00.293	0.77218				2
2026.02.02	00:39:08.091		0.77346			4
2026.02.02	00:39:09.292		0.77345			4
2026.02.02	00:39:10.492		0.77346			4
2026.02.02	00:39:11.843		0.77345			4
2026.02.02	00:39:12.893		0.77346			4
2026.02.02	00:39:20.691		0.77345			4
2026.02.02	00:39:22.192		0.77346			4
2026.02.02	00:40:00.892	0.77218				2
2026.02.02	00:40:08.294	0.77217				2
2026.02.02	00:40:20.744		0.77341			4
2026.02.02	00:40:54.143	0.77215	0.77347			6
2026.02.02	00:40:55.744		0.77346			4
2026.02.02	00:40:56.453		0.77347			4
2026.02.02	00:40:57.535		0.77346			4
2026.02.02	00:40:58.142		0.77349			4
2026.02.02	00:41:05.506	0.77215				2
2026.02.02	00:41:12.992		0.77346			4
2026.02.02	00:42:04.191	0.77215				2
2026.02.02	00:42:09.230	0.77211	0.77340			6
2026.02.02	00:42:11.923	0.77218	0.77343			6
2026.02.02	00:42:15.566		0.77342			4
2026.02.02	00:42:22.274	0.77225	0.77345			6
2026.02.02	00:42:32.251		0.77346			4
2026.02.02	00:42:42.302	0.77226				2
2026.02.02	00:42:52.192	0.77228				2
2026.02.02	00:43:01.491	0.77228				2
2026.02.02	00:43:06.891		0.77345			4
2026.02.02	00:43:13.671	0.77212				2
2026.02.02	00:43:20.077		0.77346			4
2026.02.02	00:43:22.191		0.77347			4
2026.02.02	00:43:30.270	0.77216				2
2026.02.02	00:43:30.841		0.77339			4
2026.02.02	00:43:38.442	0.77220	0.77346			6
2026.02.02	00:43:39.592		0.77345			4
2026.02.02	00:43:50.091		0.77346			4
2026.02.02	00:44:00.307	0.77220				2
2026.02.02	00:44:03.892		0.77345			4
2026.02.02	00:44:05.428		0.77346			4
2026.02.02	00:44:15.292		0.77345			4
2026.02.02	00:44:22.792		0.77346			4
2026.02.02	00:44:24.271		0.77347			4
2026.02.02	00:44:27.291		0.77346			4
2026.02.02	00:45:01.792	0.77220	0.77345			6
2026.02.02	00:45:03.182	0.77200	0.77341			6
2026.02.02	00:45:06.618	0.77220	0.77345			6
2026.02.02	00:45:14.042	0.77227	0.77338			6
2026.02.02	00:45:28.444		0.77339			4
2026.02.02	00:45:29.082		0.77338			4
2026.02.02	00:45:49.792		0.77337			4
2026.02.02	00:45:51.591		0.77338			4
2026.02.02	00:45:53.691		0.77337			4
2026.02.02	00:45:55.148		0.77338			4
2026.02.02	00:45:58.460		0.77337			4
2026.02.02	00:45:58.772		0.77335			4
2026.02.02	00:45:59.481		0.77337			4
2026.02.02	00:46:01.191	0.77227				2
2026.02.02	00:46:14.051		0.77338			4
2026.02.02	00:46:18.314		0.77337			4
2026.02.02	00:46:19.275		0.77338			4
2026.02.02	00:46:19.808		0.77337			4
2026.02.02	00:46:20.305		0.77338			4
2026.02.02	00:46:22.812		0.77337			4
2026.02.02	00:46:23.304		0.77338			4
2026.02.02	00:46:23.804		0.77337			4
2026.02.02	00:46:24.302		0.77338			4
2026.02.02	00:46:25.810		0.77337			4
2026.02.02	00:46:26.304		0.77338			4
2026.02.02	00:46:26.812		0.77337			4
2026.02.02	00:46:27.303		0.77338			4
2026.02.02	00:46:27.814		0.77337			4
2026.02.02	00:46:28.304		0.77338			4
2026.02.02	00:46:29.812		0.77337			4
2026.02.02	00:46:32.312		0.77336			4
2026.02.02	00:46:33.303		0.77337			4
2026.02.02	00:46:33.803		0.77336			4
2026.02.02	00:46:34.275		0.77337			4
2026.02.02	00:46:34.804		0.77336			4
2026.02.02	00:46:35.304		0.77337			4
2026.02.02	00:46:35.804		0.77336			4
2026.02.02	00:46:36.292		0.77337			4
2026.02.02	00:46:57.577		0.77339			4
2026.02.02	00:46:58.376		0.77340			4
2026.02.02	00:46:58.763		0.77339			4
2026.02.02	00:47:00.387	0.77227	0.77338			6
2026.02.02	00:47:00.865		0.77339			4
2026.02.02	00:47:01.895		0.77344			4
2026.02.02	00:47:02.362		0.77339			4
2026.02.02	00:47:03.321	0.77207	0.77332			6
2026.02.02	00:47:03.625	0.77206	0.77331			6
2026.02.02	00:47:04.253	0.77208	0.77333			6
2026.02.02	00:47:04.860	0.77202	0.77330			6
2026.02.02	00:47:05.181	0.77207	0.77333			6
2026.02.02	00:47:05.483	0.77205	0.77332			6
2026.02.02	00:47:05.809	0.77201	0.77329			6
2026.02.02	00:47:06.109	0.77204				2
2026.02.02	00:47:06.415	0.77208	0.77333			6
2026.02.02	00:47:06.736	0.77227	0.77339			6
2026.02.02	00:47:07.392		0.77344			4
2026.02.02	00:47:07.955		0.77341			4
2026.02.02	00:47:09.311		0.77340			4
2026.02.02	00:47:10.467		0.77341			4
2026.02.02	00:47:23.387		0.77342			4
2026.02.02	00:47:25.192		0.77343			4
2026.02.02	00:47:26.042	0.77238				2
2026.02.02	00:47:27.210		0.77342			4
2026.02.02	00:47:40.254		0.77341			4
2026.02.02	00:47:41.949		0.77340			4
2026.02.02	00:47:42.292		0.77339			4
2026.02.02	00:47:43.027		0.77338			4
2026.02.02	00:47:43.345		0.77339			4
2026.02.02	00:47:52.132		0.77342			4
2026.02.02	00:48:00.290	0.77238				2
2026.02.02	00:48:03.654	0.77249				2
2026.02.02	00:48:31.707		0.77347			4
2026.02.02	00:48:32.202		0.77343			4
2026.02.02	00:48:34.297		0.77346			4
2026.02.02	00:48:34.796		0.77342			4
2026.02.02	00:48:35.299		0.77340			4
2026.02.02	00:48:35.798		0.77343			4
2026.02.02	00:48:36.116	0.77250	0.77342			6
2026.02.02	00:48:36.419		0.77337			4
2026.02.02	00:48:36.984	0.77242	0.77341			6
2026.02.02	00:48:37.309	0.77250	0.77339			6
2026.02.02	00:48:37.989		0.77341			4
2026.02.02	00:48:38.359	0.77242				2
2026.02.02	00:48:38.697		0.77338			4
2026.02.02	00:48:41.985	0.77250	0.77343			6
2026.02.02	00:48:42.384		0.77338			4
2026.02.02	00:48:50.719		0.77339			4
2026.02.02	00:48:52.533		0.77338			4
2026.02.02	00:48:56.648		0.77340			4
2026.02.02	00:48:56.962		0.77343			4
2026.02.02	00:49:00.577	0.77250	0.77342			6
2026.02.02	00:49:01.078		0.77340			4
2026.02.02	00:49:01.492		0.77342			4
2026.02.02	00:49:03.592		0.77341			4
2026.02.02	00:49:05.402		0.77339			4
2026.02.02	00:49:06.300	0.77241	0.77338			6
2026.02.02	00:49:06.612		0.77337			4
2026.02.02	00:49:07.084	0.77250	0.77340			6
2026.02.02	00:49:07.402		0.77342			4
2026.02.02	00:49:19.229		0.77346			4
2026.02.02	00:49:19.559		0.77342			4
2026.02.02	00:49:20.886		0.77344			4
2026.02.02	00:49:21.312		0.77341			4
2026.02.02	00:49:21.637		0.77339			4
2026.02.02	00:49:22.302		0.77343			4
2026.02.02	00:49:22.632		0.77336			4
2026.02.02	00:49:23.051		0.77338			4
2026.02.02	00:49:23.867		0.77341			4
2026.02.02	00:49:24.368		0.77338			4
2026.02.02	00:49:24.734	0.77243	0.77339			6
2026.02.02	00:49:25.042		0.77342			4
2026.02.02	00:49:25.348	0.77252	0.77344			6
2026.02.02	00:49:33.579		0.77343			4
2026.02.02	00:49:34.510		0.77341			4
2026.02.02	00:49:35.643		0.77339			4
2026.02.02	00:49:36.297	0.77244	0.77340			6
2026.02.02	00:49:37.317		0.77338			4
2026.02.02	00:49:38.157		0.77337			4
2026.02.02	00:49:38.512		0.77336			4
2026.02.02	00:49:41.657	0.77227				2
2026.02.02	00:49:41.990		0.77335			4
2026.02.02	00:49:43.012		0.77343			4
2026.02.02	00:49:43.491		0.77344			4
2026.02.02	00:49:47.991		0.77345			4
2026.02.02	00:49:49.491		0.77344			4
2026.02.02	00:50:04.192	0.77227	0.77345			6
2026.02.02	00:50:09.057		0.77344			4
2026.02.02	00:50:10.192		0.77345			4
2026.02.02	00:50:44.091		0.77346			4
2026.02.02	00:50:55.413		0.77350			4
2026.02.02	00:50:55.801		0.77348			4
2026.02.02	00:51:00.946	0.77227	0.77350			6
2026.02.02	00:51:01.376		0.77351			4
2026.02.02	00:51:19.597		0.77349			4
2026.02.02	00:51:19.927		0.77348			4
2026.02.02	00:51:20.600		0.77344			4
2026.02.02	00:51:21.427		0.77349			4
2026.02.02	00:51:22.243		0.77346			4
2026.02.02	00:51:22.596		0.77347			4
2026.02.02	00:51:23.553		0.77348			4
2026.02.02	00:51:33.661		0.77352			4
2026.02.02	00:51:34.165		0.77349			4
2026.02.02	00:51:35.459		0.77351			4
2026.02.02	00:51:36.028		0.77350			4
2026.02.02	00:51:37.901		0.77349			4
2026.02.02	00:51:42.005		0.77350			4
2026.02.02	00:51:42.736		0.77352			4
2026.02.02	00:51:43.853		0.77353			4
2026.02.02	00:51:44.631		0.77352			4
2026.02.02	00:51:46.129		0.77351			4
2026.02.02	00:51:47.701		0.77350			4
2026.02.02	00:51:48.129		0.77351			4
2026.02.02	00:51:53.391		0.77350			4
2026.02.02	00:51:56.991		0.77351			4
2026.02.02	00:52:00.292	0.77227				2
2026.02.02	00:52:00.704		0.77352			4
2026.02.02	00:52:01.037		0.77351			4
2026.02.02	00:52:05.153		0.77350			4
2026.02.02	00:52:06.719		0.77351			4
2026.02.02	00:52:07.651		0.77352			4
2026.02.02	00:52:08.169		0.77351			4
2026.02.02	00:52:14.388		0.77350			4
2026.02.02	00:52:14.991		0.77351			4
2026.02.02	00:52:16.313		0.77350			4
2026.02.02	00:52:20.474		0.77352			4
2026.02.02	00:52:22.453		0.77353			4
2026.02.02	00:52:23.654		0.77354			4
2026.02.02	00:52:23.989		0.77353			4
2026.02.02	00:52:24.310		0.77351			4
2026.02.02	00:52:24.633		0.77352			4
2026.02.02	00:52:25.491		0.77353			4
2026.02.02	00:52:26.659		0.77352			4
2026.02.02	00:52:28.574		0.77350			4
2026.02.02	00:52:29.240		0.77351			4
2026.02.02	00:52:30.239		0.77350			4
2026.02.02	00:52:30.740		0.77352			4
2026.02.02	00:52:31.237		0.77353			4
2026.02.02	00:52:31.540		0.77359			4
2026.02.02	00:52:38.033	0.77229	0.77366			6
2026.02.02	00:52:39.172		0.77360			4
2026.02.02	00:52:42.759		0.77370			4
2026.02.02	00:52:43.084		0.77371			4
2026.02.02	00:52:43.429		0.77368			4
2026.02.02	00:52:43.773		0.77366			4
2026.02.02	00:52:44.486		0.77364			4
2026.02.02	00:52:44.802	0.77233	0.77369			6
2026.02.02	00:52:45.124	0.77229				2
2026.02.02	00:52:45.623		0.77368			4
2026.02.02	00:52:46.052		0.77370			4
2026.02.02	00:52:46.370	0.77233	0.77368			6
2026.02.02	00:52:47.234	0.77234				2
2026.02.02	00:52:47.688	0.77233				2
2026.02.02	00:52:49.966	0.77234	0.77369			6
2026.02.02	00:52:50.429	0.77231	0.77370			6
2026.02.02	00:52:50.801	0.77235				2
2026.02.02	00:52:52.631	0.77234				2
2026.02.02	00:52:54.988	0.77235				2
2026.02.02	00:52:55.303	0.77237	0.77371			6
2026.02.02	00:52:55.607	0.77239	0.77370			6
2026.02.02	00:52:55.963	0.77234	0.77369			6
2026.02.02	00:52:56.824		0.77368			4
2026.02.02	00:52:57.188		0.77369			4
2026.02.02	00:52:59.391		0.77370			4
2026.02.02	00:53:02.497	0.77230				2
2026.02.02	00:53:04.098	0.77229				2
2026.02.02	00:53:04.635		0.77369			4
2026.02.02	00:53:05.804		0.77370			4
2026.02.02	00:53:06.816	0.77296	0.77374			6
2026.02.02	00:53:07.318		0.77371			4
2026.02.02	00:53:07.631		0.77370			4
2026.02.02	00:53:07.982		0.77369			4
2026.02.02	00:53:08.499		0.77370			4
2026.02.02	00:53:08.930		0.77371			4
2026.02.02	00:53:16.488		0.77373			4
2026.02.02	00:53:16.799	0.77273	0.77372			6
2026.02.02	00:53:17.118	0.77229	0.77368			6
2026.02.02	00:53:19.640	0.77231	0.77369			6
2026.02.02	00:53:20.229	0.77235				2
2026.02.02	00:53:21.651	0.77233				2
2026.02.02	00:53:24.149	0.77229				2
2026.02.02	00:53:25.570	0.77236				2
2026.02.02	00:53:26.915		0.77370			4
2026.02.02	00:53:31.102		0.77369			4
2026.02.02	00:53:34.410	0.77230				2
2026.02.02	00:53:42.642	0.77234				2
2026.02.02	00:53:54.780	0.77231				2
2026.02.02	00:53:57.592		0.77368			4
2026.02.02	00:53:59.954	0.77331	0.77389			6
2026.02.02	00:54:00.259	0.77334				2
2026.02.02	00:54:00.578	0.77332				2
2026.02.02	00:54:02.234	0.77246	0.77397			6
2026.02.02	00:54:02.542		0.77400			4
2026.02.02	00:54:02.858		0.77401			4
2026.02.02	00:54:03.180		0.77400			4
2026.02.02	00:54:04.197		0.77401			4
2026.02.02	00:54:04.498		0.77399			4
2026.02.02	00:54:06.283		0.77398			4
2026.02.02	00:54:07.192		0.77387			4
2026.02.02	00:54:07.498		0.77401			4
2026.02.02	00:54:08.965		0.77388			4
2026.02.02	00:54:09.416		0.77387			4
2026.02.02	00:54:11.520		0.77388			4
2026.02.02	00:54:15.319		0.77389			4
2026.02.02	00:54:16.816		0.77390			4
2026.02.02	00:54:33.872	0.77248				2
2026.02.02	00:54:35.931	0.77246				2
2026.02.02	00:54:37.120	0.77247	0.77392			6
2026.02.02	00:54:39.880	0.77246	0.77391			6
2026.02.02	00:54:41.464		0.77392			4
2026.02.02	00:54:41.860		0.77391			4
2026.02.02	00:54:45.233		0.77392			4
2026.02.02	00:54:54.697	0.77249				2
2026.02.02	00:54:56.414	0.77246	0.77393			6
2026.02.02	00:54:56.859	0.77249				2
2026.02.02	00:55:00.773	0.77247	0.77397			6
2026.02.02	00:55:07.194	0.77254				2
2026.02.02	00:55:09.435	0.77246				2
2026.02.02	00:55:09.927		0.77391			4
2026.02.02	00:55:10.377	0.77260	0.77387			6
2026.02.02	00:55:10.804		0.77386			4
2026.02.02	00:55:11.133	0.77256				2
2026.02.02	00:55:11.438	0.77246	0.77390			6
2026.02.02	00:55:11.882	0.77252	0.77386			6
2026.02.02	00:55:12.632	0.77260	0.77387			6
2026.02.02	00:55:14.080	0.77246				2
2026.02.02	00:55:14.813		0.77386			4
2026.02.02	00:55:17.390	0.77255	0.77387			6
2026.02.02	00:55:18.446	0.77246				2
2026.02.02	00:55:20.633		0.77386			4
2026.02.02	00:55:37.670	0.77254				2
2026.02.02	00:55:43.442	0.77246				2
2026.02.02	00:55:49.493		0.77387			4
2026.02.02	00:55:54.590		0.77386			4
2026.02.02	00:56:02.939	0.77246				2
2026.02.02	00:56:03.291		0.77385			4
2026.02.02	00:56:04.831		0.77386			4
2026.02.02	00:56:05.139		0.77387			4
2026.02.02	00:56:06.220	0.77268	0.77395			6
2026.02.02	00:56:07.119	0.77252	0.77383			6
2026.02.02	00:56:08.042		0.77385			4
2026.02.02	00:56:11.460		0.77386			4
2026.02.02	00:56:12.842	0.77261				2
2026.02.02	00:56:14.850	0.77262	0.77387			6
2026.02.02	00:56:19.781		0.77388			4
2026.02.02	00:56:23.692		0.77387			4
2026.02.02	00:56:24.121		0.77388			4
2026.02.02	00:56:25.492		0.77387			4
2026.02.02	00:56:25.885	0.77259				2
2026.02.02	00:56:26.442	0.77252				2
2026.02.02	00:56:32.555	0.77254				2
2026.02.02	00:56:37.204	0.77252	0.77386			6
2026.02.02	00:56:39.975		0.77387			4
2026.02.02	00:56:41.346	0.77258				2
2026.02.02	00:56:47.234	0.77252				2
2026.02.02	00:56:58.386		0.77385			4
2026.02.02	00:56:59.691		0.77384			4
2026.02.02	00:57:00.228	0.77252	0.77377			6
2026.02.02	00:57:00.818		0.77378			4
2026.02.02	00:57:02.230		0.77379			4
2026.02.02	00:57:04.566		0.77377			4
2026.02.02	00:57:07.144		0.77378			4
2026.02.02	00:57:07.459		0.77377			4
2026.02.02	00:57:07.935		0.77378			4
2026.02.02	00:57:10.866		0.77380			4
2026.02.02	00:57:14.609		0.77379			4
2026.02.02	00:57:15.780		0.77383			4
2026.02.02	00:57:16.191		0.77384			4
2026.02.02	00:57:20.069		0.77385			4
2026.02.02	00:57:33.892		0.77386			4
2026.02.02	00:57:38.141	0.77264	0.77394			6
2026.02.02	00:57:38.458	0.77246	0.77391			6
2026.02.02	00:57:38.939		0.77394			4
2026.02.02	00:57:41.629	0.77262	0.77389			6
2026.02.02	00:57:42.176	0.77264	0.77384			6
2026.02.02	00:57:42.478	0.77257	0.77394			6
2026.02.02	00:57:42.904	0.77264	0.77384			6
2026.02.02	00:57:43.208	0.77258				2
2026.02.02	00:57:43.519	0.77259				2
2026.02.02	00:57:44.758		0.77389			4
2026.02.02	00:57:45.372	0.77265	0.77384			6
2026.02.02	00:57:46.043	0.77272	0.77387			6
2026.02.02	00:57:46.436	0.77270	0.77385			6
2026.02.02	00:57:46.943		0.77382			4
2026.02.02	00:57:47.331		0.77387			4
2026.02.02	00:57:47.639	0.77262	0.77386			6
2026.02.02	00:57:47.980		0.77382			4
2026.02.02	00:57:49.109	0.77259	0.77388			6
2026.02.02	00:57:50.372	0.77262	0.77389			6
2026.02.02	00:57:52.440	0.77268	0.77390			6
2026.02.02	00:57:54.212	0.77257	0.77387			6
2026.02.02	00:57:54.892		0.77388			4
2026.02.02	00:57:55.322	0.77254	0.77389			6
2026.02.02	00:57:56.635	0.77248				2
2026.02.02	00:57:59.433	0.77254				2
2026.02.02	00:58:02.980	0.77246				2
2026.02.02	00:58:04.192	0.77249				2
2026.02.02	00:58:11.780	0.77246				2
2026.02.02	00:58:16.191		0.77390			4
2026.02.02	00:58:16.649		0.77388			4
2026.02.02	00:58:17.186		0.77387			4
2026.02.02	00:58:17.508		0.77386			4
2026.02.02	00:58:18.012	0.77254	0.77385			6
2026.02.02	00:58:18.367		0.77389			4
2026.02.02	00:58:20.288	0.77246	0.77387			6
2026.02.02	00:58:34.711		0.77382			4
2026.02.02	00:58:35.062		0.77379			4
2026.02.02	00:58:35.377		0.77382			4
2026.02.02	00:58:35.708		0.77385			4
2026.02.02	00:58:36.190		0.77382			4
2026.02.02	00:58:36.501		0.77380			4
2026.02.02	00:58:36.817	0.77249	0.77381			6
2026.02.02	00:58:37.291		0.77385			4
2026.02.02	00:58:37.818	0.77247	0.77376			6
2026.02.02	00:58:38.124		0.77380			4
2026.02.02	00:58:38.572		0.77381			4
2026.02.02	00:58:38.875		0.77376			4
2026.02.02	00:58:39.294		0.77383			4
2026.02.02	00:58:39.598		0.77385			4
2026.02.02	00:58:39.941		0.77382			4
2026.02.02	00:58:40.443		0.77375			4
2026.02.02	00:58:41.948	0.77248	0.77378			6
2026.02.02	00:58:42.258	0.77247	0.77384			6
2026.02.02	00:58:42.561		0.77376			4
2026.02.02	00:58:42.922		0.77378			4
2026.02.02	00:58:43.317		0.77377			4
2026.02.02	00:58:44.437		0.77378			4
2026.02.02	00:58:44.817	0.77246	0.77380			6
2026.02.02	00:58:45.138		0.77377			4
2026.02.02	00:58:45.530		0.77379			4
2026.02.02	00:58:45.839		0.77377			4
2026.02.02	00:58:46.255		0.77378			4
2026.02.02	00:58:46.743		0.77374			4
2026.02.02	00:58:47.241		0.77375			4
2026.02.02	00:58:47.559		0.77381			4
2026.02.02	00:58:47.978		0.77387			4
2026.02.02	00:58:48.282		0.77391			4
2026.02.02	00:58:48.589		0.77386			4
2026.02.02	00:58:48.915		0.77382			4
2026.02.02	00:58:49.285	0.77263	0.77396			6
2026.02.02	00:58:49.598	0.77262	0.77393			6
2026.02.02	00:58:49.903		0.77392			4
2026.02.02	00:58:50.533		0.77398			4
2026.02.02	00:58:50.838		0.77393			4
2026.02.02	00:58:51.242		0.77391			4
2026.02.02	00:58:51.939		0.77390			4
2026.02.02	00:58:52.248		0.77391			4
2026.02.02	00:58:52.564		0.77390			4
2026.02.02	00:58:52.973		0.77392			4
2026.02.02	00:58:55.277		0.77390			4
2026.02.02	00:58:55.581		0.77391			4
2026.02.02	00:58:56.506	0.77290	0.77394			6
2026.02.02	00:58:56.818		0.77392			4
2026.02.02	00:58:57.563		0.77390			4
2026.02.02	00:58:57.866		0.77387			4
2026.02.02	00:58:58.818		0.77389			4
2026.02.02	00:58:59.150		0.77386			4
2026.02.02	00:59:00.283	0.77290	0.77385			6
2026.02.02	00:59:01.283		0.77388			4
2026.02.02	00:59:02.420		0.77396			4
2026.02.02	00:59:02.734		0.77390			4
2026.02.02	00:59:03.062		0.77389			4
2026.02.02	00:59:03.815		0.77390			4
2026.02.02	00:59:05.817		0.77391			4
2026.02.02	00:59:07.788		0.77390			4
2026.02.02	00:59:08.924		0.77393			4
2026.02.02	00:59:09.442		0.77391			4
2026.02.02	00:59:10.282		0.77392			4
2026.02.02	00:59:11.734		0.77387			4
2026.02.02	00:59:12.717		0.77388			4
2026.02.02	00:59:13.443		0.77387			4
2026.02.02	00:59:13.816		0.77386			4
2026.02.02	00:59:14.305		0.77389			4
2026.02.02	00:59:14.607		0.77387			4
2026.02.02	00:59:15.207		0.77388			4
2026.02.02	00:59:16.275		0.77385			4
2026.02.02	00:59:16.594		0.77383			4
2026.02.02	00:59:16.904		0.77382			4
2026.02.02	00:59:17.603	0.77280	0.77381			6
2026.02.02	00:59:17.983		0.77383			4
2026.02.02	00:59:18.525		0.77382			4
2026.02.02	00:59:26.363		0.77381			4
2026.02.02	00:59:26.741		0.77383			4
2026.02.02	00:59:27.063		0.77382			4
2026.02.02	00:59:27.418		0.77383			4
2026.02.02	00:59:31.464	0.77290	0.77389			6
2026.02.02	00:59:31.891		0.77392			4
2026.02.02	00:59:32.719		0.77389			4
2026.02.02	00:59:33.297		0.77388			4
2026.02.02	00:59:36.229		0.77391			4
2026.02.02	00:59:36.577		0.77388			4
2026.02.02	00:59:39.679		0.77389			4
2026.02.02	00:59:40.056		0.77386			4
2026.02.02	00:59:40.362		0.77388			4
2026.02.02	00:59:40.678		0.77387			4
2026.02.02	00:59:41.418		0.77390			4
2026.02.02	00:59:42.246		0.77389			4
2026.02.02	00:59:44.087		0.77390			4
2026.02.02	00:59:47.739		0.77388			4
2026.02.02	00:59:49.682		0.77390			4
2026.02.02	00:59:50.733		0.77391			4
2026.02.02	00:59:53.359		0.77392			4
2026.02.02	00:59:55.601		0.77390			4
2026.02.02	00:59:56.175		0.77391			4
2026.02.02	01:00:00.218	0.77277	0.77380			6
2026.02.02	01:00:00.524	0.77293	0.77374			6
2026.02.02	01:00:00.841	0.77289	0.77376			6
2026.02.02	01:00:01.182		0.77378			4
2026.02.02	01:00:01.491	0.77296	0.77369			6
2026.02.02	01:00:01.816	0.77286	0.77368			6
2026.02.02	01:00:02.452		0.77369			4
2026.02.02	01:00:02.868	0.77285				2
2026.02.02	01:00:03.454	0.77286				2
2026.02.02	01:00:03.791	0.77284	0.77372			6
2026.02.02	01:00:04.149	0.77268	0.77389			6
2026.02.02	01:00:04.465	0.77276	0.77395			6
2026.02.02	01:00:04.767	0.77282	0.77394			6
2026.02.02	01:00:05.078		0.77395			4
2026.02.02	01:00:05.401	0.77284	0.77400			6
2026.02.02	01:00:05.711	0.77285	0.77399			6
2026.02.02	01:00:06.650	0.77290	0.77398			6
2026.02.02	01:00:07.259	0.77289	0.77397			6
2026.02.02	01:00:07.873	0.77314	0.77360			6
2026.02.02	01:00:08.801	0.77317	0.77359			6
2026.02.02	01:00:10.896	0.77312				2
2026.02.02	01:00:12.428	0.77296	0.77375			6
2026.02.02	01:00:12.896	0.77299	0.77379			6
2026.02.02	01:00:13.241	0.77306	0.77374			6
2026.02.02	01:00:13.657	0.77310	0.77371			6
2026.02.02	01:00:14.399	0.77313	0.77367			6
2026.02.02	01:00:16.031	0.77316	0.77365			6
2026.02.02	01:00:16.782	0.77318	0.77362			6
2026.02.02	01:00:22.943	0.77300	0.77365			6
2026.02.02	01:00:23.264	0.77304	0.77361			6
2026.02.02	01:00:23.580	0.77299	0.77366			6
2026.02.02	01:00:23.941	0.77301	0.77364			6
2026.02.02	01:00:24.320	0.77304	0.77361			6
2026.02.02	01:00:24.820	0.77307	0.77359			6
2026.02.02	01:00:27.891	0.77310				2
2026.02.02	01:00:30.374	0.77312	0.77366			6
2026.02.02	01:00:30.680	0.77313	0.77364			6
2026.02.02	01:00:32.177		0.77365			4
2026.02.02	01:00:38.324	0.77302	0.77363			6
2026.02.02	01:00:38.782	0.77304				2
2026.02.02	01:00:39.728	0.77307				2
2026.02.02	01:00:40.383	0.77293	0.77362			6
2026.02.02	01:00:40.699	0.77303				2
2026.02.02	01:00:42.045	0.77305	0.77364			6
2026.02.02	01:00:43.192		0.77363			4
2026.02.02	01:00:44.380		0.77362			4
2026.02.02	01:00:44.853	0.77306	0.77359			6
2026.02.02	01:00:45.158	0.77305	0.77360			6
2026.02.02	01:00:45.468	0.77306	0.77362			6
2026.02.02	01:00:46.385		0.77363			4
2026.02.02	01:00:47.012		0.77364			4
2026.02.02	01:00:47.676		0.77361			4
2026.02.02	01:00:48.363		0.77362			4
2026.02.02	01:00:48.679	0.77304	0.77363			6
2026.02.02	01:00:49.120		0.77366			4
2026.02.02	01:00:50.288	0.77305	0.77362			6
2026.02.02	01:00:53.534	0.77306	0.77361			6
2026.02.02	01:00:54.380	0.77302	0.77368			6
2026.02.02	01:00:54.681	0.77305	0.77380			6
2026.02.02	01:00:54.999	0.77312	0.77377			6
2026.02.02	01:00:55.303		0.77384			4
2026.02.02	01:00:55.620	0.77318	0.77382			6
2026.02.02	01:00:55.944	0.77320	0.77380			6
2026.02.02	01:00:56.269	0.77323	0.77377			6
2026.02.02	01:00:56.579		0.77375			4
2026.02.02	01:00:57.077		0.77377			4
2026.02.02	01:00:57.381		0.77374			4
2026.02.02	01:00:59.634	0.77326	0.77373			6
2026.02.02	01:01:00.309	0.77315	0.77378			6
2026.02.02	01:01:00.632	0.77317	0.77375			6
2026.02.02	01:01:01.097	0.77315	0.77378			6
2026.02.02	01:01:01.558	0.77318	0.77379			6
2026.02.02	01:01:01.987	0.77323				2
2026.02.02	01:01:02.434	0.77326	0.77377			6
2026.02.02	01:01:03.857	0.77329	0.77376			6
2026.02.02	01:01:05.989	0.77326	0.77374			6
2026.02.02	01:01:07.106	0.77329	0.77372			6
2026.02.02	01:01:07.885	0.77332	0.77370			6
2026.02.02	01:01:08.706	0.77335	0.77369			6
2026.02.02	01:01:10.124	0.77313	0.77382			6
2026.02.02	01:01:10.427		0.77378			4
2026.02.02	01:01:10.739		0.77381			4
2026.02.02	01:01:11.381		0.77382			4
2026.02.02	01:01:12.041	0.77317				2
2026.02.02	01:01:12.409	0.77319	0.77385			6
2026.02.02	01:01:12.721	0.77313	0.77384			6
2026.02.02	01:01:13.030		0.77389			4
2026.02.02	01:01:13.789	0.77322	0.77381			6
2026.02.02	01:01:14.203	0.77327	0.77376			6
2026.02.02	01:01:14.798	0.77331	0.77372			6
2026.02.02	01:01:15.592	0.77332	0.77370			6
2026.02.02	01:01:18.269	0.77325	0.77388			6
2026.02.02	01:01:18.717		0.77386			4
2026.02.02	01:01:19.030	0.77321	0.77389			6
2026.02.02	01:01:19.339	0.77322	0.77385			6
2026.02.02	01:01:20.034	0.77326	0.77384			6
2026.02.02	01:01:20.340		0.77382			4
2026.02.02	01:01:20.865	0.77324	0.77378			6
2026.02.02	01:01:21.179	0.77325	0.77377			6
2026.02.02	01:01:21.487		0.77381			4
2026.02.02	01:01:21.826	0.77324				2
2026.02.02	01:01:22.176	0.77323				2
2026.02.02	01:01:22.566		0.77382			4
2026.02.02	01:01:22.894	0.77326				2
2026.02.02	01:01:23.214	0.77324	0.77378			6
2026.02.02	01:01:23.633	0.77327				2
2026.02.02	01:01:24.214	0.77325				2
2026.02.02	01:01:24.533	0.77327	0.77376			6
2026.02.02	01:01:24.851		0.77375			4
2026.02.02	01:01:25.294	0.77326				2
2026.02.02	01:01:25.988	0.77327	0.77377			6
2026.02.02	01:01:26.346	0.77326	0.77378			6
2026.02.02	01:01:26.724	0.77328				2
2026.02.02	01:01:27.482		0.77377			4
2026.02.02	01:01:27.785	0.77327				2
2026.02.02	01:01:28.860	0.77324				2
2026.02.02	01:01:29.308	0.77322				2
2026.02.02	01:01:29.634	0.77323				2
2026.02.02	01:01:30.243	0.77307	0.77366			6
2026.02.02	01:01:30.554	0.77329				2
2026.02.02	01:01:32.709		0.77363			4
2026.02.02	01:01:33.185	0.77332	0.77365			6
2026.02.02	01:01:33.787	0.77335	0.77363			6
2026.02.02	01:01:34.208		0.77374			4
2026.02.02	01:01:34.511	0.77332	0.77371			6
2026.02.02	01:01:34.937		0.77370			4
2026.02.02	01:01:35.245	0.77336	0.77361			6
2026.02.02	01:01:35.557	0.77339	0.77358			6
2026.02.02	01:01:36.034	0.77342	0.77355			6
2026.02.02	01:01:36.364	0.77343	0.77354			6
2026.02.02	01:01:36.979	0.77345	0.77353			6
2026.02.02	01:01:37.591		0.77352			4
2026.02.02	01:01:39.296		0.77355			4
2026.02.02	01:01:40.278		0.77352			4
2026.02.02	01:01:40.605	0.77346	0.77353			6
2026.02.02	01:01:46.907	0.77347	0.77354			6
2026.02.02	01:01:50.865		0.77355			4
2026.02.02	01:01:52.176	0.77348				2
2026.02.02	01:01:55.748		0.77356			4
2026.02.02	01:01:56.162		0.77355			4
2026.02.02	01:02:00.864	0.77348				2
2026.02.02	01:02:01.316	0.77349				2
2026.02.02	01:02:01.716	0.77348	0.77354			6
2026.02.02	01:02:02.148		0.77353			4
2026.02.02	01:02:02.459	0.77349	0.77370			6
2026.02.02	01:02:02.873	0.77350				2
2026.02.02	01:02:04.090	0.77348				2
2026.02.02	01:02:06.089	0.77349				2
2026.02.02	01:02:07.085		0.77369			4
2026.02.02	01:02:07.399		0.77370			4
2026.02.02	01:02:07.913	0.77348	0.77369			6
2026.02.02	01:02:08.364	0.77349				2
2026.02.02	01:02:13.858	0.77350	0.77370			6
2026.02.02	01:02:14.222	0.77351				2
2026.02.02	01:02:15.892	0.77350				2
2026.02.02	01:02:21.025		0.77369			4
2026.02.02	01:02:27.350	0.77351				2
2026.02.02	01:02:30.386		0.77370			4
2026.02.02	01:02:30.864		0.77369			4
2026.02.02	01:02:31.873	0.77334				2
2026.02.02	01:02:33.549	0.77335				2
2026.02.02	01:02:34.878	0.77334				2
2026.02.02	01:02:35.181	0.77332	0.77368			6
2026.02.02	01:02:35.526	0.77336				2
2026.02.02	01:02:36.376	0.77332				2
2026.02.02	01:02:36.695		0.77369			4
2026.02.02	01:02:37.951		0.77368			4
2026.02.02	01:02:40.168	0.77331				2
2026.02.02	01:02:44.204		0.77369			4
2026.02.02	01:02:45.189	0.77339	0.77371			6
2026.02.02	01:02:45.731	0.77340	0.77370			6
2026.02.02	01:02:46.537	0.77339				2
2026.02.02	01:02:50.198	0.77340				2
2026.02.02	01:02:51.193	0.77341				2
2026.02.02	01:02:51.694	0.77342	0.77372			6
2026.02.02	01:02:52.200	0.77341	0.77371			6
2026.02.02	01:02:57.258	0.77342				2
2026.02.02	01:02:58.351	0.77341				2
2026.02.02	01:03:00.198	0.77341	0.77372			6
2026.02.02	01:03:01.191		0.77371			4
2026.02.02	01:03:02.027	0.77340	0.77370			6
2026.02.02	01:03:04.083	0.77339				2
2026.02.02	01:03:04.399	0.77340				2
2026.02.02	01:03:04.792	0.77341				2
2026.02.02	01:03:05.116	0.77336				2
2026.02.02	01:03:05.836		0.77369			4
2026.02.02	01:03:06.165		0.77370			4
2026.02.02	01:03:19.121	0.77335				2
2026.02.02	01:03:31.583	0.77334	0.77364			6
2026.02.02	01:03:32.379	0.77331				2
2026.02.02	01:03:32.999	0.77334				2
2026.02.02	01:03:33.793	0.77331				2
2026.02.02	01:03:34.194	0.77333				2
2026.02.02	01:03:34.499		0.77367			4
2026.02.02	01:03:35.987	0.77336	0.77370			6
2026.02.02	01:03:38.592	0.77335				2
2026.02.02	01:03:39.225	0.77333				2
2026.02.02	01:03:39.542	0.77334				2
2026.02.02	01:03:40.599	0.77341				2
2026.02.02	01:03:41.791	0.77344				2
2026.02.02	01:03:42.893	0.77342				2
2026.02.02	01:03:44.217	0.77341				2
2026.02.02	01:03:47.355	0.77342				2
2026.02.02	01:03:52.356	0.77340				2
2026.02.02	01:03:53.292	0.77341				2
2026.02.02	01:03:54.323	0.77344	0.77373			6
2026.02.02	01:03:55.110	0.77345				2
2026.02.02	01:04:00.282	0.77347				2
2026.02.02	01:04:01.254	0.77350				2
2026.02.02	01:04:05.536	0.77354	0.77388			6
2026.02.02	01:04:07.076	0.77353				2
2026.02.02	01:04:11.552		0.77387			4
2026.02.02	01:04:11.859		0.77388			4
2026.02.02	01:04:14.914	0.77350	0.77385			6
2026.02.02	01:04:15.976	0.77352				2
2026.02.02	01:04:19.814	0.77334	0.77382			6
2026.02.02	01:04:20.122	0.77337	0.77385			6
2026.02.02	01:04:20.435	0.77334	0.77381			6
2026.02.02	01:04:21.344		0.77382			4
2026.02.02	01:04:21.662		0.77381			4
2026.02.02	01:04:21.972	0.77336	0.77383			6
2026.02.02	01:04:22.289	0.77332	0.77384			6
2026.02.02	01:04:23.213	0.77351	0.77385			6
2026.02.02	01:04:24.614	0.77352				2
2026.02.02	01:04:27.627	0.77353				2
2026.02.02	01:04:29.316	0.77350				2
2026.02.02	01:04:29.967	0.77352	0.77383			6
2026.02.02	01:04:30.431	0.77351				2
2026.02.02	01:04:30.739		0.77385			4
2026.02.02	01:04:31.175	0.77353				2
2026.02.02	01:04:32.235	0.77351				2
2026.02.02	01:04:35.414	0.77352				2
2026.02.02	01:04:37.914		0.77388			4
2026.02.02	01:04:38.220	0.77356				2
2026.02.02	01:04:39.203	0.77357				2
2026.02.02	01:04:40.823	0.77356				2
2026.02.02	01:04:43.199	0.77355				2
2026.02.02	01:04:44.285	0.77338	0.77391			6
2026.02.02	01:04:44.607	0.77339	0.77390			6
2026.02.02	01:04:46.813	0.77340				2
2026.02.02	01:04:47.742	0.77355	0.77388			6
2026.02.02	01:04:49.360	0.77354				2
2026.02.02	01:04:56.361	0.77358				2
2026.02.02	01:04:59.890	0.77360				2
2026.02.02	01:05:00.387	0.77359				2
2026.02.02	01:05:01.191	0.77357				2
2026.02.02	01:05:03.796	0.77359	0.77390			6
2026.02.02	01:05:07.191	0.77361				2
2026.02.02	01:05:08.692		0.77388			4
2026.02.02	01:05:10.362	0.77362	0.77390			6
2026.02.02	01:05:13.032	0.77372	0.77407			6
2026.02.02	01:05:13.336		0.77404			4
2026.02.02	01:05:14.304	0.77373	0.77403			6
2026.02.02	01:05:16.303		0.77402			4
2026.02.02	01:05:17.304		0.77401			4
2026.02.02	01:05:19.605	0.77374				2
2026.02.02	01:05:20.720		0.77396			4
2026.02.02	01:05:21.364	0.77368	0.77395			6
2026.02.02	01:05:21.669		0.77394			4
2026.02.02	01:05:22.574		0.77393			4
2026.02.02	01:05:24.491		0.77394			4
2026.02.02	01:05:25.987	0.77367				2
2026.02.02	01:05:27.890		0.77397			4
2026.02.02	01:05:28.361	0.77372	0.77395			6
2026.02.02	01:05:29.887	0.77374	0.77398			6
2026.02.02	01:05:30.579	0.77376				2
2026.02.02	01:05:30.979	0.77381	0.77402			6
2026.02.02	01:05:31.324	0.77380	0.77403			6
2026.02.02	01:05:32.173	0.77375				2
2026.02.02	01:05:32.606	0.77376				2
2026.02.02	01:05:32.922	0.77377				2
2026.02.02	01:05:33.365	0.77381				2
2026.02.02	01:05:33.794	0.77377	0.77404			6
2026.02.02	01:05:34.104	0.77375				2
2026.02.02	01:05:38.345	0.77376				2
2026.02.02	01:05:38.856	0.77375				2
2026.02.02	01:05:39.193	0.77380				2
2026.02.02	01:05:40.364	0.77377				2
2026.02.02	01:05:42.356	0.77373				2
2026.02.02	01:05:42.671	0.77376				2
2026.02.02	01:05:45.414	0.77375				2
2026.02.02	01:05:45.786	0.77376				2
2026.02.02	01:05:46.186	0.77373				2
2026.02.02	01:05:48.053	0.77376				2
2026.02.02	01:05:49.074		0.77402			4
2026.02.02	01:05:49.845	0.77378	0.77403			6
2026.02.02	01:05:54.994	0.77379	0.77402			6
2026.02.02	01:05:55.792	0.77380				2
2026.02.02	01:05:57.236	0.77378	0.77403			6
2026.02.02	01:05:57.720	0.77380				2
2026.02.02	01:06:00.296	0.77380				2
2026.02.02	01:06:10.156	0.77381	0.77404			6
2026.02.02	01:06:13.431	0.77385				2
2026.02.02	01:06:14.023	0.77380				2
2026.02.02	01:06:14.417	0.77392	0.77415			6
2026.02.02	01:06:14.873	0.77382	0.77408			6
2026.02.02	01:06:15.263	0.77378	0.77404			6
2026.02.02	01:06:17.300	0.77382				2
2026.02.02	01:06:19.110	0.77386				2
2026.02.02	01:06:21.080	0.77387	0.77408			6
2026.02.02	01:06:22.050	0.77391				2
2026.02.02	01:06:22.358	0.77392				2
2026.02.02	01:06:22.670	0.77391				2
2026.02.02	01:06:23.885	0.77390				2
2026.02.02	01:06:27.174		0.77409			4
2026.02.02	01:06:29.081	0.77389				2
2026.02.02	01:06:30.781	0.77392				2
2026.02.02	01:06:32.345		0.77419			4
2026.02.02	01:06:33.042	0.77393				2
2026.02.02	01:06:38.903	0.77397	0.77421			6
2026.02.02	01:06:39.541	0.77401	0.77423			6
2026.02.02	01:06:39.924		0.77425			4
2026.02.02	01:06:40.238	0.77405				2
2026.02.02	01:06:40.549	0.77401	0.77424			6
2026.02.02	01:06:41.166	0.77403	0.77427			6
2026.02.02	01:06:42.798	0.77396	0.77424			6
2026.02.02	01:06:43.474	0.77399				2
2026.02.02	01:06:44.402	0.77402				2
2026.02.02	01:06:44.728	0.77401				2
2026.02.02	01:06:45.802	0.77405				2
2026.02.02	01:06:46.293	0.77406				2
2026.02.02	01:06:46.603	0.77404				2
2026.02.02	01:06:47.548		0.77425			4
2026.02.02	01:06:47.893	0.77407	0.77427			6
2026.02.02	01:06:48.831		0.77428			4
2026.02.02	01:06:50.346		0.77429			4
2026.02.02	01:06:50.660	0.77405				2
2026.02.02	01:06:51.296	0.77402	0.77428			6
2026.02.02	01:06:51.600	0.77400	0.77427			6
2026.02.02	01:06:51.977		0.77428			4
2026.02.02	01:06:52.332	0.77404	0.77427			6
2026.02.02	01:06:53.660		0.77428			4
2026.02.02	01:06:54.292	0.77408	0.77431			6
2026.02.02	01:06:58.346		0.77432			4
2026.02.02	01:06:58.654		0.77431			4
2026.02.02	01:06:59.189		0.77433			4
2026.02.02	01:07:00.393	0.77409				2
2026.02.02	01:07:00.888	0.77412				2
2026.02.02	01:07:01.369	0.77411	0.77434			6
2026.02.02	01:07:01.745		0.77435			4
2026.02.02	01:07:02.683	0.77414	0.77434			6
2026.02.02	01:07:03.437	0.77411				2
2026.02.02	01:07:04.212	0.77410	0.77435			6
2026.02.02	01:07:05.902	0.77409				2
2026.02.02	01:07:06.346	0.77411				2
2026.02.02	01:07:07.370	0.77410				2
2026.02.02	01:07:08.692	0.77413	0.77437			6
2026.02.02	01:07:09.289		0.77436			4
2026.02.02	01:07:09.592	0.77412				2
2026.02.02	01:07:09.895	0.77411	0.77435			6
2026.02.02	01:07:10.209		0.77436			4
2026.02.02	01:07:10.793	0.77412				2
2026.02.02	01:07:12.960		0.77437			4
2026.02.02	01:07:13.785		0.77435			4
2026.02.02	01:07:14.126	0.77413				2
2026.02.02	01:07:14.989	0.77412	0.77434			6
2026.02.02	01:07:15.325	0.77410	0.77435			6
2026.02.02	01:07:16.016		0.77434			4
2026.02.02	01:07:16.380	0.77407	0.77431			6
2026.02.02	01:07:17.371	0.77405				2
2026.02.02	01:07:18.370	0.77404	0.77433			6
2026.02.02	01:07:19.227	0.77406				2
2026.02.02	01:07:20.681	0.77413	0.77437			6
2026.02.02	01:07:21.197		0.77438			4
2026.02.02	01:07:24.267	0.77412	0.77437			6
2026.02.02	01:07:25.037	0.77413	0.77439			6
2026.02.02	01:07:25.339	0.77410	0.77436			6
2026.02.02	01:07:25.987	0.77408	0.77437			6
2026.02.02	01:07:29.284	0.77413				2
2026.02.02	01:07:29.905	0.77414				2
2026.02.02	01:07:30.390		0.77438			4
2026.02.02	01:07:31.390	0.77413				2
2026.02.02	01:07:31.698		0.77439			4
2026.02.02	01:07:32.469		0.77437			4
2026.02.02	01:07:33.009		0.77439			4
2026.02.02	01:07:33.378		0.77438			4
2026.02.02	01:07:33.906	0.77415				2
2026.02.02	01:07:34.370	0.77416				2
2026.02.02	01:07:35.199		0.77440			4
2026.02.02	01:07:36.613		0.77417			4
2026.02.02	01:07:37.078	0.77414	0.77418			6
2026.02.02	01:07:37.382	0.77412	0.77413			6
2026.02.02	01:07:38.372	0.77413	0.77417			6
2026.02.02	01:07:39.197		0.77418			4
2026.02.02	01:07:40.861	0.77415	0.77421			6
2026.02.02	01:07:41.179		0.77422			4
2026.02.02	01:07:42.044		0.77421			4
2026.02.02	01:07:42.781		0.77422			4
2026.02.02	01:07:44.993	0.77413	0.77421			6
2026.02.02	01:07:46.636	0.77412				2
2026.02.02	01:07:48.091		0.77422			4
2026.02.02	01:07:49.718	0.77415	0.77420			6
2026.02.02	01:07:50.739	0.77408	0.77417			6
2026.02.02	01:07:51.264	0.77413	0.77418			6
2026.02.02	01:07:56.692	0.77412	0.77416			6
2026.02.02	01:07:56.999		0.77417			4
2026.02.02	01:07:57.377		0.77419			4
2026.02.02	01:07:58.979	0.77410				2
2026.02.02	01:07:59.363	0.77411	0.77418			6
2026.02.02	01:07:59.688	0.77412				2
2026.02.02	01:08:00.190	0.77414	0.77420			6
2026.02.02	01:08:00.504		0.77421			4
2026.02.02	01:08:01.373	0.77412				2
2026.02.02	01:08:02.143		0.77419			4
2026.02.02	01:08:03.144	0.77409	0.77418			6
2026.02.02	01:08:03.457		0.77419			4
2026.02.02	01:08:03.786		0.77418			4
2026.02.02	01:08:04.192		0.77419			4
2026.02.02	01:08:05.260		0.77418			4
2026.02.02	01:08:05.595		0.77419			4
2026.02.02	01:08:06.291	0.77410	0.77417			6
2026.02.02	01:08:06.972	0.77412	0.77419			6
2026.02.02	01:08:07.743	0.77410				2
2026.02.02	01:08:13.373	0.77407	0.77418			6
2026.02.02	01:08:14.373	0.77408				2
2026.02.02	01:08:15.803		0.77417			4
2026.02.02	01:08:17.567		0.77415			4
2026.02.02	01:08:17.883	0.77404	0.77414			6
2026.02.02	01:08:20.120	0.77402				2
2026.02.02	01:08:21.910	0.77404	0.77408			6
2026.02.02	01:08:22.219	0.77401	0.77410			6
2026.02.02	01:08:22.520	0.77403				2
2026.02.02	01:08:23.239		0.77411			4
2026.02.02	01:08:23.579	0.77404				2
2026.02.02	01:08:26.228	0.77403				2
2026.02.02	01:08:29.357		0.77410			4
2026.02.02	01:08:29.976	0.77402				2
2026.02.02	01:08:30.598	0.77401				2
2026.02.02	01:08:31.544	0.77399				2
2026.02.02	01:08:33.243		0.77409			4
2026.02.02	01:08:33.559		0.77410			4
2026.02.02	01:08:34.578	0.77400				2
2026.02.02	01:08:35.083	0.77401	0.77412			6
2026.02.02	01:08:35.988	0.77396				2
2026.02.02	01:08:38.242	0.77397	0.77413			6
2026.02.02	01:08:38.578	0.77398	0.77412			6
2026.02.02	01:08:39.375	0.77395	0.77409			6
2026.02.02	01:08:39.681	0.77394	0.77408			6
2026.02.02	01:08:41.222	0.77395	0.77405			6
2026.02.02	01:08:41.539	0.77393	0.77407			6
2026.02.02	01:08:42.265	0.77391				2
2026.02.02	01:08:43.506	0.77392	0.77406			6
2026.02.02	01:08:51.766		0.77408			4
2026.02.02	01:08:52.432	0.77393	0.77407			6
2026.02.02	01:08:55.415	0.77392				2
2026.02.02	01:08:58.826	0.77403	0.77411			6
2026.02.02	01:08:59.158		0.77412			4
2026.02.02	01:09:00.130	0.77403	0.77411			6
2026.02.02	01:09:00.475	0.77398	0.77409			6
2026.02.02	01:09:01.275	0.77395				2
2026.02.02	01:09:02.394	0.77394				2
2026.02.02	01:09:03.179	0.77395				2
2026.02.02	01:09:04.872	0.77394				2
2026.02.02	01:09:05.182	0.77398	0.77408			6
2026.02.02	01:09:05.603	0.77395	0.77409			6
2026.02.02	01:09:06.343		0.77410			4
2026.02.02	01:09:07.370	0.77398	0.77409			6
2026.02.02	01:09:07.767	0.77394				2
2026.02.02	01:09:08.401	0.77395				2
2026.02.02	01:09:09.377	0.77396				2
2026.02.02	01:09:09.686	0.77398				2
2026.02.02	01:09:10.962	0.77395				2
2026.02.02	01:09:11.971	0.77393	0.77414			6
2026.02.02	01:09:12.280	0.77394	0.77413			6
2026.02.02	01:09:13.300	0.77397				2
2026.02.02	01:09:22.370		0.77414			4
2026.02.02	01:09:23.400		0.77415			4
2026.02.02	01:09:25.087	0.77401				2
2026.02.02	01:09:27.923	0.77400	0.77414			6
2026.02.02	01:09:28.238		0.77413			4
2026.02.02	01:09:28.758	0.77399				2
2026.02.02	01:09:29.386	0.77400	0.77414			6
2026.02.02	01:09:31.378	0.77399	0.77413			6
2026.02.02	01:09:33.095		0.77414			4
2026.02.02	01:09:34.311	0.77400	0.77413			6
2026.02.02	01:09:36.266		0.77414			4
2026.02.02	01:09:37.434		0.77413			4
2026.02.02	01:09:38.368		0.77414			4
2026.02.02	01:09:39.995	0.77397	0.77410			6
2026.02.02	01:09:40.344		0.77411			4
2026.02.02	01:09:43.683	0.77396	0.77410			6
2026.02.02	01:09:44.379	0.77395				2
2026.02.02	01:09:46.062		0.77411			4
2026.02.02	01:09:46.379		0.77409			4
2026.02.02	01:09:48.351	0.77407	0.77419			6
2026.02.02	01:09:49.328		0.77420			4
2026.02.02	01:09:49.677	0.77408				2
2026.02.02	01:09:50.349	0.77410				2
2026.02.02	01:09:51.022		0.77419			4
2026.02.02	01:09:52.191	0.77407	0.77417			6
2026.02.02	01:09:52.499		0.77416			4
2026.02.02	01:09:53.198	0.77409				2
2026.02.02	01:09:53.641		0.77417			4
2026.02.02	01:09:55.645		0.77416			4
2026.02.02	01:09:58.340	0.77411				2
2026.02.02	01:10:00.694	0.77410	0.77417			6
2026.02.02	01:10:01.009		0.77415			4
2026.02.02	01:10:02.379	0.77409	0.77417			6
2026.02.02	01:10:05.679	0.77411	0.77415			6
2026.02.02	01:10:06.380	0.77410				2
2026.02.02	01:10:07.380		0.77416			4
2026.02.02	01:10:09.807	0.77409	0.77417			6
2026.02.02	01:10:10.219		0.77434			4
2026.02.02	01:10:10.529		0.77436			4
2026.02.02	01:10:11.754	0.77410				2
2026.02.02	01:10:14.249	0.77409	0.77419			6
2026.02.02	01:10:16.725	0.77410	0.77420			6
2026.02.02	01:10:18.488	0.77411				2
2026.02.02	01:10:21.382	0.77410				2
2026.02.02	01:10:21.732	0.77411	0.77421			6
2026.02.02	01:10:22.045	0.77412	0.77422			6
2026.02.02	01:10:25.120	0.77411	0.77421			6
2026.02.02	01:10:25.629	0.77410	0.77420			6
2026.02.02	01:10:26.384	0.77406	0.77417			6
2026.02.02	01:10:26.700		0.77416			4
2026.02.02	01:10:27.162		0.77417			4
2026.02.02	01:10:27.592	0.77401	0.77413			6
2026.02.02	01:10:27.899		0.77428			4
2026.02.02	01:10:28.205	0.77402	0.77427			6
2026.02.02	01:10:31.690	0.77404				2
2026.02.02	01:10:32.376	0.77406	0.77428			6
2026.02.02	01:10:33.192		0.77429			4
2026.02.02	01:10:33.498		0.77430			4
2026.02.02	01:10:33.820	0.77408	0.77432			6
2026.02.02	01:10:39.310	0.77407	0.77430			6
2026.02.02	01:10:41.221	0.77409	0.77427			6
2026.02.02	01:10:41.942	0.77411	0.77428			6
2026.02.02	01:10:42.248		0.77427			4
2026.02.02	01:10:43.644		0.77428			4
2026.02.02	01:10:43.957	0.77410				2
2026.02.02	01:10:44.384	0.77412				2
2026.02.02	01:10:45.308	0.77409	0.77427			6
2026.02.02	01:10:46.385	0.77407				2
2026.02.02	01:10:47.243	0.77408				2
2026.02.02	01:10:49.491	0.77410	0.77428			6
2026.02.02	01:10:50.384		0.77426			4
2026.02.02	01:10:50.685	0.77411	0.77427			6
2026.02.02	01:10:52.754	0.77412	0.77429			6
2026.02.02	01:10:53.643	0.77413	0.77433			6
2026.02.02	01:10:53.946		0.77434			4
2026.02.02	01:10:54.349		0.77433			4
2026.02.02	01:10:54.681	0.77411	0.77434			6
2026.02.02	01:10:55.000	0.77412	0.77435			6
2026.02.02	01:10:55.577	0.77410	0.77433			6
2026.02.02	01:10:55.915	0.77411	0.77434			6
2026.02.02	01:10:56.992	0.77409	0.77432			6
2026.02.02	01:10:58.154		0.77430			4
2026.02.02	01:10:58.994		0.77429			4
2026.02.02	01:10:59.385	0.77410	0.77430			6
2026.02.02	01:10:59.756	0.77411				2
2026.02.02	01:11:00.156	0.77408	0.77429			6
2026.02.02	01:11:00.477		0.77430			4
2026.02.02	01:11:01.101	0.77406				2
2026.02.02	01:11:01.493	0.77408	0.77428			6
2026.02.02	01:11:01.799		0.77427			4
2026.02.02	01:11:02.240	0.77407	0.77430			6
2026.02.02	01:11:03.253		0.77428			4
2026.02.02	01:11:03.633	0.77409				2
2026.02.02	01:11:03.954	0.77408	0.77433			6
2026.02.02	01:11:05.014	0.77409	0.77432			6
2026.02.02	01:11:05.319	0.77407				2
2026.02.02	01:11:06.245	0.77408	0.77433			6
2026.02.02	01:11:09.599	0.77410	0.77432			6
2026.02.02	01:11:09.916	0.77412				2
2026.02.02	01:11:10.223	0.77411	0.77434			6
2026.02.02	01:11:11.221	0.77407				2
2026.02.02	01:11:16.142	0.77408	0.77433			6
2026.02.02	01:11:16.493	0.77409				2
2026.02.02	01:11:17.350	0.77407				2
2026.02.02	01:11:18.385		0.77434			4
2026.02.02	01:11:19.924	0.77408				2
2026.02.02	01:11:20.409	0.77407				2
2026.02.02	01:11:20.732	0.77406	0.77433			6
2026.02.02	01:11:21.044		0.77434			4
2026.02.02	01:11:21.352		0.77433			4
2026.02.02	01:11:21.659		0.77434			4
2026.02.02	01:11:22.377	0.77407				2
2026.02.02	01:11:22.694	0.77411	0.77433			6
2026.02.02	01:11:23.004		0.77434			4
2026.02.02	01:11:23.724	0.77410				2
2026.02.02	01:11:24.027		0.77433			4
2026.02.02	01:11:24.756		0.77434			4
2026.02.02	01:11:25.058	0.77409	0.77432			6
2026.02.02	01:11:25.387	0.77406				2
2026.02.02	01:11:26.092	0.77409	0.77431			6
2026.02.02	01:11:26.398	0.77407	0.77435			6
2026.02.02	01:11:26.828		0.77434			4
2026.02.02	01:11:27.214	0.77409				2
2026.02.02	01:11:28.497		0.77431			4
2026.02.02	01:11:28.803		0.77430			4
2026.02.02	01:11:29.210	0.77406	0.77431			6
2026.02.02	01:11:30.730	0.77407	0.77433			6
2026.02.02	01:11:31.071		0.77434			4
2026.02.02	01:11:31.750	0.77411				2
2026.02.02	01:11:32.561	0.77409	0.77431			6
2026.02.02	01:11:32.879	0.77408	0.77430			6
2026.02.02	01:11:33.265	0.77407				2
2026.02.02	01:11:36.217	0.77405	0.77431			6
2026.02.02	01:11:37.242	0.77406				2
2026.02.02	01:11:38.300	0.77408				2
2026.02.02	01:11:39.125	0.77409	0.77430			6
2026.02.02	01:11:42.502	0.77412	0.77433			6
2026.02.02	01:11:47.520		0.77434			4
2026.02.02	01:11:48.890		0.77435			4
2026.02.02	01:11:49.516		0.77433			4
2026.02.02	01:11:50.770		0.77434			4
2026.02.02	01:11:51.826	0.77409	0.77431			6
2026.02.02	01:11:52.211		0.77432			4
2026.02.02	01:11:53.752		0.77430			4
2026.02.02	01:11:55.368	0.77410	0.77433			6
2026.02.02	01:11:56.210	0.77412				2
2026.02.02	01:11:57.941	0.77413	0.77434			6
2026.02.02	01:11:58.979	0.77412				2
2026.02.02	01:11:59.400	0.77415				2
2026.02.02	01:12:00.390	0.77412				2
2026.02.02	01:12:01.387	0.77410	0.77432			6
2026.02.02	01:12:03.059	0.77409	0.77431			6
2026.02.02	01:12:03.700		0.77428			4
2026.02.02	01:12:04.059	0.77412	0.77430			6
2026.02.02	01:12:04.370		0.77431			4
2026.02.02	01:12:10.920	0.77407	0.77427			6
2026.02.02	01:12:11.856	0.77409	0.77428			6
2026.02.02	01:12:12.159		0.77430			4
2026.02.02	01:12:12.463		0.77432			4
2026.02.02	01:12:14.390	0.77410				2
2026.02.02	01:12:15.743	0.77411	0.77433			6
2026.02.02	01:12:17.737	0.77413				2
2026.02.02	01:12:18.044	0.77400	0.77425			6
2026.02.02	01:12:18.363	0.77398	0.77422			6
2026.02.02	01:12:18.690	0.77397				2
2026.02.02	01:12:19.007	0.77398				2
2026.02.02	01:12:20.261		0.77421			4
2026.02.02	01:12:22.373		0.77419			4
2026.02.02	01:12:25.988	0.77400	0.77422			6
2026.02.02	01:12:26.992	0.77403	0.77423			6
2026.02.02	01:12:28.190	0.77404				2
2026.02.02	01:12:29.463	0.77402				2
2026.02.02	01:12:34.742	0.77399				2
2026.02.02	01:12:35.121	0.77406	0.77424			6
2026.02.02	01:12:38.372	0.77399				2
2026.02.02	01:12:39.629		0.77421			4
2026.02.02	01:12:41.842	0.77400				2
2026.02.02	01:12:48.402	0.77399				2
2026.02.02	01:12:50.276	0.77403	0.77424			6
2026.02.02	01:12:50.857	0.77402				2
2026.02.02	01:12:55.193	0.77401	0.77422			6
2026.02.02	01:12:55.500	0.77403	0.77423			6
2026.02.02	01:12:58.560	0.77402				2
2026.02.02	01:12:59.767	0.77403				2
2026.02.02	01:13:00.392	0.77403				2
2026.02.02	01:13:00.972	0.77402				2
2026.02.02	01:13:01.392		0.77421			4
2026.02.02	01:13:02.338	0.77400				2
2026.02.02	01:13:02.643	0.77401				2
2026.02.02	01:13:04.262	0.77402				2
2026.02.02	01:13:05.733	0.77401				2
2026.02.02	01:13:06.378	0.77396	0.77417			6
2026.02.02	01:13:06.686	0.77397				2
2026.02.02	01:13:08.393	0.77395	0.77413			6
2026.02.02	01:13:09.892		0.77416			4
2026.02.02	01:13:11.006	0.77393	0.77412			6
2026.02.02	01:13:11.982		0.77411			4
2026.02.02	01:13:12.665		0.77412			4
2026.02.02	01:13:14.134		0.77413			4
2026.02.02	01:13:15.084		0.77412			4
2026.02.02	01:13:16.342	0.77395	0.77413			6
2026.02.02	01:13:16.948		0.77415			4
2026.02.02	01:13:22.165	0.77396	0.77418			6
2026.02.02	01:13:24.448		0.77416			4
2026.02.02	01:13:25.353	0.77392	0.77415			6
2026.02.02	01:13:25.989		0.77413			4
2026.02.02	01:13:29.145		0.77412			4
2026.02.02	01:13:32.351	0.77393				2
2026.02.02	01:13:35.590	0.77392				2
2026.02.02	01:13:36.396	0.77391	0.77410			6
2026.02.02	01:13:36.702	0.77388	0.77408			6
2026.02.02	01:13:37.057	0.77387				2
2026.02.02	01:13:37.373	0.77386	0.77406			6
2026.02.02	01:13:37.769	0.77387	0.77408			6
2026.02.02	01:13:40.348	0.77381	0.77403			6
2026.02.02	01:13:41.396	0.77380				2
2026.02.02	01:13:42.345	0.77381				2
2026.02.02	01:13:44.070	0.77380	0.77402			6
2026.02.02	01:13:46.044	0.77383				2
2026.02.02	01:13:46.385	0.77382	0.77408			6
2026.02.02	01:13:46.758		0.77407			4
2026.02.02	01:13:48.918		0.77409			4
2026.02.02	01:13:49.303	0.77383				2
2026.02.02	01:13:49.721		0.77406			4
2026.02.02	01:13:54.130	0.77382	0.77407			6
2026.02.02	01:13:56.092	0.77383	0.77406			6
2026.02.02	01:13:56.878	0.77382	0.77407			6
2026.02.02	01:13:58.106	0.77384	0.77409			6
2026.02.02	01:13:58.447		0.77410			4
2026.02.02	01:14:00.563	0.77384	0.77409			6
2026.02.02	01:14:01.244		0.77410			4
2026.02.02	01:14:03.077	0.77386				2
2026.02.02	01:14:03.396	0.77390	0.77416			6
2026.02.02	01:14:03.701		0.77419			4
2026.02.02	01:14:04.355	0.77397	0.77423			6
2026.02.02	01:14:04.663	0.77400				2
2026.02.02	01:14:05.239		0.77426			4
2026.02.02	01:14:05.655		0.77427			4
2026.02.02	01:14:06.347	0.77409				2
2026.02.02	01:14:07.391	0.77408	0.77428			6
2026.02.02	01:14:08.659	0.77406				2
2026.02.02	01:14:08.963	0.77405				2
2026.02.02	01:14:09.865	0.77406	0.77429			6
2026.02.02	01:14:11.485	0.77407				2
2026.02.02	01:14:13.244	0.77406	0.77430			6
2026.02.02	01:14:13.570	0.77408				2
2026.02.02	01:14:14.395	0.77409				2
2026.02.02	01:14:14.745	0.77410	0.77432			6
2026.02.02	01:14:15.716	0.77409				2
2026.02.02	01:14:16.049	0.77412	0.77439			6
2026.02.02	01:14:16.358		0.77435			4
2026.02.02	01:14:16.669	0.77413	0.77434			6
2026.02.02	01:14:18.321	0.77414				2
2026.02.02	01:14:19.871	0.77415				2
2026.02.02	01:14:21.396	0.77416				2
2026.02.02	01:14:22.411		0.77435			4
2026.02.02	01:14:23.307		0.77434			4
2026.02.02	01:14:23.621	0.77415				2
2026.02.02	01:14:24.260		0.77433			4
2026.02.02	01:14:25.217	0.77417	0.77434			6
2026.02.02	01:14:26.858		0.77435			4
2026.02.02	01:14:27.173	0.77418	0.77434			6
2026.02.02	01:14:27.632	0.77419	0.77435			6
2026.02.02	01:14:28.310	0.77420				2
2026.02.02	01:14:29.136	0.77419				2
2026.02.02	01:14:29.665	0.77418				2
2026.02.02	01:14:31.971	0.77419				2
2026.02.02	01:14:32.398	0.77420				2
2026.02.02	01:14:34.620	0.77421				2
2026.02.02	01:14:35.410	0.77419				2
2026.02.02	01:14:37.399	0.77418				2
2026.02.02	01:14:45.782	0.77415				2
2026.02.02	01:14:46.106	0.77416				2
2026.02.02	01:14:46.527	0.77417				2
2026.02.02	01:14:46.838	0.77418				2
2026.02.02	01:14:52.356		0.77436			4
2026.02.02	01:14:56.602	0.77421				2
2026.02.02	01:14:57.125	0.77418				2
2026.02.02	01:15:00.539	0.77418				2
2026.02.02	01:15:05.986	0.77419				2
2026.02.02	01:15:06.439	0.77420				2
2026.02.02	01:15:07.012		0.77437			4
2026.02.02	01:15:07.899		0.77436			4
2026.02.02	01:15:13.984	0.77422				2
2026.02.02	01:15:16.376	0.77421				2
2026.02.02	01:15:16.678	0.77422	0.77437			6
2026.02.02	01:15:17.314		0.77436			4
2026.02.02	01:15:17.641	0.77421				2
2026.02.02	01:15:19.996	0.77424	0.77437			6
2026.02.02	01:15:20.616	0.77423	0.77436			6
2026.02.02	01:15:20.967	0.77424	0.77437			6
2026.02.02	01:15:21.579	0.77425				2
2026.02.02	01:15:24.670		0.77438			4
2026.02.02	01:15:25.278		0.77437			4
2026.02.02	01:15:25.631	0.77424				2
2026.02.02	01:15:25.984	0.77425				2
2026.02.02	01:15:26.303	0.77426				2
2026.02.02	01:15:27.008	0.77427				2
2026.02.02	01:15:27.892	0.77426				2
2026.02.02	01:15:28.215		0.77436			4
2026.02.02	01:15:28.642	0.77425				2
2026.02.02	01:15:31.179	0.77426	0.77437			6
2026.02.02	01:15:31.626	0.77427	0.77436			6
2026.02.02	01:15:36.831		0.77437			4
2026.02.02	01:15:38.279	0.77428				2
2026.02.02	01:15:40.015	0.77427	0.77436			6
2026.02.02	01:15:40.359		0.77435			4
2026.02.02	01:15:41.093	0.77426	0.77437			6
2026.02.02	01:15:41.563	0.77420	0.77436			6
2026.02.02	01:15:41.954	0.77419				2
2026.02.02	01:15:42.638	0.77420				2
2026.02.02	01:15:43.334	0.77419				2
2026.02.02	01:15:43.645	0.77439	0.77454			6
2026.02.02	01:15:43.953	0.77436	0.77452			6
2026.02.02	01:15:44.274	0.77433	0.77451			6
2026.02.02	01:15:45.320	0.77432	0.77448			6
2026.02.02	01:15:46.336	0.77431	0.77447			6
2026.02.02	01:15:46.660	0.77432	0.77446			6
2026.02.02	01:15:47.326	0.77430	0.77447			6
2026.02.02	01:15:48.228	0.77431	0.77448			6
2026.02.02	01:15:48.766	0.77430	0.77446			6
2026.02.02	01:15:49.290		0.77447			4
2026.02.02	01:15:49.877	0.77432	0.77448			6
2026.02.02	01:15:50.607	0.77431				2
2026.02.02	01:15:51.297	0.77432				2
2026.02.02	01:15:52.517		0.77449			4
2026.02.02	01:15:53.736	0.77433	0.77442			6
2026.02.02	01:15:55.772		0.77443			4
2026.02.02	01:15:56.870		0.77442			4
2026.02.02	01:15:58.572	0.77437	0.77445			6
2026.02.02	01:15:58.879	0.77434	0.77446			6
2026.02.02	01:15:59.589		0.77445			4
2026.02.02	01:16:00.356	0.77434	0.77446			6
2026.02.02	01:16:00.809	0.77435				2
2026.02.02	01:16:01.682	0.77442	0.77450			6
2026.02.02	01:16:01.999	0.77443	0.77454			6
2026.02.02	01:16:02.368	0.77444	0.77455			6
2026.02.02	01:16:02.673	0.77449	0.77460			6
2026.02.02	01:16:06.147	0.77450				2
2026.02.02	01:16:07.738	0.77449	0.77463			6
2026.02.02	01:16:09.402		0.77462			4
2026.02.02	01:16:09.903	0.77450	0.77461			6
2026.02.02	01:16:10.206	0.77452	0.77465			6
2026.02.02	01:16:10.989	0.77453	0.77462			6
2026.02.02	01:16:11.371	0.77451	0.77461			6
2026.02.02	01:16:11.680	0.77452	0.77460			6
2026.02.02	01:16:12.615		0.77461			4
2026.02.02	01:16:15.987	0.77451				2
2026.02.02	01:16:17.148	0.77449				2
2026.02.02	01:16:20.520		0.77463			4
2026.02.02	01:16:21.192		0.77462			4
2026.02.02	01:16:24.609		0.77460			4
2026.02.02	01:16:27.047	0.77448	0.77458			6
2026.02.02	01:16:28.068		0.77459			4
2026.02.02	01:16:28.880	0.77444	0.77452			6
2026.02.02	01:16:29.761		0.77453			4
2026.02.02	01:16:35.693	0.77445	0.77454			6
2026.02.02	01:16:37.626	0.77438	0.77445			6
2026.02.02	01:16:37.944	0.77437				2
2026.02.02	01:16:38.629	0.77438	0.77446			6
2026.02.02	01:16:39.721	0.77437				2
2026.02.02	01:16:40.513	0.77438	0.77447			6
2026.02.02	01:16:41.199	0.77439	0.77448			6
2026.02.02	01:16:50.941	0.77438	0.77447			6
2026.02.02	01:16:51.256	0.77441	0.77449			6
2026.02.02	01:16:51.771	0.77442	0.77451			6
2026.02.02	01:16:53.556	0.77440	0.77449			6
2026.02.02	01:16:55.275	0.77441	0.77450			6
2026.02.02	01:16:57.147	0.77442	0.77451			6
2026.02.02	01:16:59.317	0.77441	0.77449			6
2026.02.02	01:16:59.701	0.77442	0.77451			6
2026.02.02	01:17:00.633	0.77442				2
2026.02.02	01:17:04.500	0.77441	0.77450			6
2026.02.02	01:17:14.803	0.77440	0.77449			6
2026.02.02	01:17:15.189	0.77441	0.77450			6
2026.02.02	01:17:17.462	0.77439	0.77448			6
2026.02.02	01:17:19.487		0.77447			4
2026.02.02	01:17:19.816		0.77448			4
2026.02.02	01:17:20.351	0.77438	0.77447			6
2026.02.02	01:17:23.829	0.77437	0.77446			6
2026.02.02	01:17:25.464	0.77438	0.77447			6
2026.02.02	01:17:25.804	0.77439				2
2026.02.02	01:17:26.251	0.77440	0.77449			6
2026.02.02	01:17:28.522		0.77448			4
2026.02.02	01:17:30.830	0.77443	0.77451			6
2026.02.02	01:17:35.231	0.77446	0.77454			6
2026.02.02	01:17:38.977	0.77445	0.77453			6
2026.02.02	01:17:40.311		0.77452			4
2026.02.02	01:17:40.619	0.77443	0.77451			6
2026.02.02	01:17:43.681	0.77444	0.77452			6
2026.02.02	01:17:45.071	0.77445	0.77453			6
2026.02.02	01:17:53.398		0.77452			4
2026.02.02	01:17:53.721	0.77444				2
2026.02.02	01:17:57.244	0.77446	0.77454			6
2026.02.02	01:18:00.401	0.77445	0.77453			6
2026.02.02	01:18:03.420	0.77444	0.77452			6
2026.02.02	01:18:07.984	0.77446	0.77453			6
2026.02.02	01:18:10.023	0.77444				2
2026.02.02	01:18:11.906	0.77443	0.77452			6
2026.02.02	01:18:12.221	0.77444	0.77453			6
2026.02.02	01:18:13.637		0.77452			4
2026.02.02	01:18:16.798	0.77442	0.77450			6
2026.02.02	01:18:18.127	0.77440	0.77448			6
2026.02.02	01:18:19.316	0.77441	0.77449			6
2026.02.02	01:18:23.601	0.77439	0.77448			6
2026.02.02	01:18:24.588	0.77440	0.77447			6
2026.02.02	01:18:24.905	0.77431	0.77438			6
2026.02.02	01:18:25.220	0.77429	0.77437			6
2026.02.02	01:18:26.302	0.77427	0.77434			6
2026.02.02	01:18:27.299	0.77424	0.77432			6
2026.02.02	01:18:27.619	0.77423	0.77430			6
2026.02.02	01:18:27.922	0.77424	0.77431			6
2026.02.02	01:18:30.054		0.77432			4
2026.02.02	01:18:30.359		0.77431			4
2026.02.02	01:18:33.723	0.77429	0.77436			6
2026.02.02	01:18:35.953	0.77428	0.77435			6
2026.02.02	01:18:36.961	0.77427	0.77434			6
2026.02.02	01:18:38.360	0.77428	0.77435			6
2026.02.02	01:18:39.875	0.77431	0.77440			6
2026.02.02	01:18:41.371	0.77432	0.77442			6
2026.02.02	01:18:41.703		0.77440			4
2026.02.02	01:18:44.036		0.77439			4
2026.02.02	01:18:45.220	0.77433	0.77443			6
2026.02.02	01:18:45.860	0.77434	0.77445			6
2026.02.02	01:18:46.827	0.77438				2
2026.02.02	01:18:47.364	0.77436	0.77444			6
2026.02.02	01:18:49.346	0.77437				2
2026.02.02	01:18:52.934		0.77445			4
2026.02.02	01:18:54.174		0.77444			4
2026.02.02	01:18:55.147	0.77439	0.77445			6
2026.02.02	01:18:56.648	0.77436	0.77444			6
2026.02.02	01:18:57.627		0.77443			4
2026.02.02	01:19:01.529	0.77431	0.77439			6
2026.02.02	01:19:03.850	0.77428	0.77436			6
2026.02.02	01:19:06.460		0.77435			4
2026.02.02	01:19:09.292		0.77436			4
2026.02.02	01:19:14.330	0.77421	0.77431			6
2026.02.02	01:19:18.105	0.77424				2
2026.02.02	01:19:18.421	0.77425	0.77435			6
2026.02.02	01:19:18.788		0.77433			4
2026.02.02	01:19:19.157	0.77423	0.77431			6
2026.02.02	01:19:20.317	0.77424	0.77433			6
2026.02.02	01:19:21.151		0.77432			4
2026.02.02	01:19:22.202	0.77421	0.77430			6
2026.02.02	01:19:22.517		0.77429			4
2026.02.02	01:19:24.965	0.77417	0.77427			6
2026.02.02	01:19:25.749	0.77419				2
2026.02.02	01:19:26.069	0.77418	0.77426			6
2026.02.02	01:19:26.815		0.77427			4
2026.02.02	01:19:27.212		0.77426			4
2026.02.02	01:19:28.399	0.77409	0.77418			6
2026.02.02	01:19:30.551	0.77407	0.77417			6
2026.02.02	01:19:30.860	0.77406	0.77416			6
2026.02.02	01:19:31.177	0.77407	0.77417			6
2026.02.02	01:19:32.303	0.77408	0.77416			6
2026.02.02	01:19:33.183	0.77409	0.77419			6
2026.02.02	01:19:33.575		0.77418			4
2026.02.02	01:19:34.303		0.77419			4
2026.02.02	01:19:34.930	0.77408	0.77418			6
2026.02.02	01:19:37.265	0.77410	0.77419			6
2026.02.02	01:19:38.531	0.77413	0.77422			6
2026.02.02	01:19:39.719		0.77423			4
2026.02.02	01:19:41.678	0.77423	0.77432			6
2026.02.02	01:19:41.980	0.77419	0.77431			6
2026.02.02	01:19:42.633	0.77423	0.77433			6
2026.02.02	01:19:44.068	0.77424	0.77434			6
2026.02.02	01:19:48.050	0.77425	0.77436			6
2026.02.02	01:19:48.619		0.77435			4
2026.02.02	01:19:54.378		0.77436			4
2026.02.02	01:19:54.974	0.77421	0.77434			6
2026.02.02	01:19:55.332	0.77422	0.77433			6
2026.02.02	01:19:55.640		0.77432			4
2026.02.02	01:19:57.095	0.77420	0.77430			6
2026.02.02	01:19:57.400	0.77415	0.77428			6
2026.02.02	01:19:57.775	0.77414	0.77427			6
2026.02.02	01:19:58.192	0.77415				2
2026.02.02	01:20:00.257	0.77414	0.77424			6
2026.02.02	01:20:00.595	0.77412				2
2026.02.02	01:20:01.028	0.77413				2
2026.02.02	01:20:01.378		0.77425			4
2026.02.02	01:20:01.724	0.77415				2
2026.02.02	01:20:02.634	0.77420	0.77429			6
2026.02.02	01:20:02.941		0.77431			4
2026.02.02	01:20:03.721	0.77422	0.77432			6
2026.02.02	01:20:05.175	0.77421	0.77431			6
2026.02.02	01:20:05.478		0.77432			4
2026.02.02	01:20:06.031		0.77431			4
2026.02.02	01:20:07.233		0.77433			4
2026.02.02	01:20:07.550	0.77425	0.77436			6
2026.02.02	01:20:08.786		0.77437			4
2026.02.02	01:20:09.125	0.77443	0.77452			6
2026.02.02	01:20:10.171	0.77444				2
2026.02.02	01:20:11.642	0.77443				2
2026.02.02	01:20:13.081		0.77453			4
2026.02.02	01:20:13.552		0.77452			4
2026.02.02	01:20:14.303		0.77451			4
2026.02.02	01:20:15.014	0.77441	0.77448			6
2026.02.02	01:20:15.329	0.77440				2
2026.02.02	01:20:15.726		0.77449			4
2026.02.02	01:20:16.081		0.77450			4
2026.02.02	01:20:19.030		0.77449			4
2026.02.02	01:20:21.366	0.77442	0.77451			6
2026.02.02	01:20:21.977		0.77452			4
2026.02.02	01:20:23.736	0.77451	0.77461			6
2026.02.02	01:20:24.040	0.77447	0.77455			6
2026.02.02	01:20:27.983	0.77450	0.77459			6
2026.02.02	01:20:29.175	0.77453	0.77461			6
2026.02.02	01:20:29.507	0.77452				2
2026.02.02	01:20:30.188		0.77459			4
2026.02.02	01:20:31.529	0.77451	0.77458			6
2026.02.02	01:20:32.692		0.77460			4
2026.02.02	01:20:33.282	0.77452	0.77458			6
2026.02.02	01:20:35.010	0.77451				2
2026.02.02	01:20:36.623	0.77449	0.77455			6
2026.02.02	01:20:38.167		0.77456			4
2026.02.02	01:20:38.746	0.77448	0.77454			6
2026.02.02	01:20:39.089	0.77449	0.77456			6
2026.02.02	01:20:39.549	0.77448				2
2026.02.02	01:20:40.226		0.77455			4
2026.02.02	01:20:41.385	0.77446	0.77453			6
2026.02.02	01:20:43.053		0.77452			4
2026.02.02	01:20:43.377		0.77453			4
2026.02.02	01:20:43.743		0.77454			4
2026.02.02	01:20:45.777	0.77449	0.77456			6
2026.02.02	01:20:46.595	0.77447				2
2026.02.02	01:20:50.349		0.77455			4
2026.02.02	01:20:54.736	0.77449	0.77456			6
2026.02.02	01:20:58.483		0.77455			4
2026.02.02	01:21:00.544	0.77446				2
2026.02.02	01:21:00.849	0.77437	0.77447			6
2026.02.02	01:21:01.220		0.77445			4
2026.02.02	01:21:01.583	0.77436				2
2026.02.02	01:21:02.278	0.77441	0.77448			6
2026.02.02	01:21:02.584		0.77449			4
2026.02.02	01:21:04.090		0.77448			4
2026.02.02	01:21:04.430		0.77449			4
2026.02.02	01:21:05.941	0.77439	0.77447			6
2026.02.02	01:21:06.262		0.77446			4
2026.02.02	01:21:08.251		0.77445			4
2026.02.02	01:21:09.068		0.77446			4
2026.02.02	01:21:09.385	0.77438				2
2026.02.02	01:21:10.932		0.77447			4
2026.02.02	01:21:11.390	0.77439				2
2026.02.02	01:21:11.828	0.77440				2
2026.02.02	01:21:13.841		0.77448			4
2026.02.02	01:21:14.163		0.77447			4
2026.02.02	01:21:15.583	0.77442	0.77448			6
2026.02.02	01:21:15.899	0.77444	0.77450			6
2026.02.02	01:21:16.871		0.77452			4
2026.02.02	01:21:17.223	0.77443	0.77450			6
2026.02.02	01:21:19.225	0.77442	0.77448			6
2026.02.02	01:21:19.583		0.77449			4
2026.02.02	01:21:21.219	0.77439	0.77447			6
2026.02.02	01:21:21.528		0.77448			4
2026.02.02	01:21:21.980	0.77437	0.77447			6
2026.02.02	01:21:22.732	0.77440	0.77449			6
2026.02.02	01:21:23.107		0.77448			4
2026.02.02	01:21:23.483		0.77449			4
2026.02.02	01:21:24.561	0.77437	0.77444			6
2026.02.02	01:21:26.248	0.77435				2
2026.02.02	01:21:27.365	0.77434				2
2026.02.02	01:21:28.386	0.77436	0.77445			6
2026.02.02	01:21:28.706		0.77444			4
2026.02.02	01:21:29.990		0.77445			4
2026.02.02	01:21:30.994	0.77435				2
2026.02.02	01:21:31.809	0.77429	0.77437			6
2026.02.02	01:21:32.607		0.77438			4
2026.02.02	01:21:32.922	0.77430	0.77439			6
2026.02.02	01:21:33.226	0.77433	0.77441			6
2026.02.02	01:21:33.529		0.77442			4
2026.02.02	01:21:33.893	0.77434				2
2026.02.02	01:21:35.526		0.77443			4
2026.02.02	01:21:40.312		0.77442			4
2026.02.02	01:21:40.812		0.77443			4
2026.02.02	01:21:41.121		0.77442			4
2026.02.02	01:21:42.325	0.77432	0.77441			6
2026.02.02	01:21:42.639		0.77440			4
2026.02.02	01:21:43.569	0.77435	0.77443			6
2026.02.02	01:21:43.879	0.77436	0.77444			6
2026.02.02	01:21:49.364	0.77440	0.77449			6
2026.02.02	01:21:53.325		0.77450			4
2026.02.02	01:21:53.750	0.77446	0.77452			6
2026.02.02	01:21:54.060	0.77448	0.77457			6
2026.02.02	01:21:54.724		0.77458			4
2026.02.02	01:21:55.303	0.77453	0.77462			6
2026.02.02	01:21:57.517	0.77454	0.77468			6
2026.02.02	01:21:58.212	0.77457	0.77470			6
2026.02.02	01:21:58.642	0.77456				2
2026.02.02	01:21:59.299	0.77453	0.77467			6
2026.02.02	01:22:00.303	0.77453				2
2026.02.02	01:22:01.054	0.77452	0.77465			6
2026.02.02	01:22:01.603		0.77466			4
2026.02.02	01:22:01.905		0.77465			4
2026.02.02	01:22:02.238		0.77464			4
2026.02.02	01:22:03.760	0.77449	0.77462			6
2026.02.02	01:22:04.105		0.77461			4
2026.02.02	01:22:06.695	0.77448	0.77462			6
2026.02.02	01:22:07.720	0.77449	0.77459			6
2026.02.02	01:22:08.344	0.77452	0.77462			6
2026.02.02	01:22:08.965	0.77450	0.77464			6
2026.02.02	01:22:11.402	0.77459	0.77471			6
2026.02.02	01:22:12.041		0.77472			4
2026.02.02	01:22:13.117	0.77458	0.77470			6
2026.02.02	01:22:16.362		0.77469			4
2026.02.02	01:22:17.374		0.77470			4
2026.02.02	01:22:18.055	0.77454	0.77467			6
2026.02.02	01:22:19.170	0.77451	0.77464			6
2026.02.02	01:22:20.196		0.77463			4
2026.02.02	01:22:20.593	0.77452	0.77465			6
2026.02.02	01:22:28.005	0.77453	0.77466			6
2026.02.02	01:22:29.724		0.77463			4
2026.02.02	01:22:30.166	0.77454				2
2026.02.02	01:22:30.970	0.77455	0.77466			6
2026.02.02	01:22:31.492	0.77456				2
2026.02.02	01:22:31.866	0.77454	0.77463			6
2026.02.02	01:22:32.181	0.77458	0.77470			6
2026.02.02	01:22:32.489		0.77471			4
2026.02.02	01:22:32.980	0.77460				2
2026.02.02	01:22:33.416	0.77461				2
2026.02.02	01:22:33.794	0.77462				2
2026.02.02	01:22:36.898	0.77463				2
2026.02.02	01:22:40.870	0.77459	0.77469			6
2026.02.02	01:22:41.198	0.77460				2
2026.02.02	01:22:41.505		0.77470			4
2026.02.02	01:22:44.343	0.77461				2
2026.02.02	01:22:45.588	0.77462				2
2026.02.02	01:22:51.510	0.77467	0.77473			6
2026.02.02	01:22:51.897	0.77465	0.77476			6
2026.02.02	01:22:52.201	0.77464	0.77473			6
2026.02.02	01:22:52.870	0.77463	0.77472			6
2026.02.02	01:22:54.051	0.77462				2
2026.02.02	01:22:55.093	0.77459	0.77470			6
2026.02.02	01:22:55.516	0.77458	0.77466			6
2026.02.02	01:22:55.820	0.77459	0.77467			6
2026.02.02	01:22:56.892	0.77457	0.77465			6
2026.02.02	01:22:57.199		0.77468			4
2026.02.02	01:22:57.554		0.77467			4
2026.02.02	01:22:58.167	0.77458	0.77468			6
2026.02.02	01:22:59.345	0.77459				2
2026.02.02	01:22:59.666		0.77470			4
2026.02.02	01:23:00.661	0.77460				2
2026.02.02	01:23:04.047	0.77461				2
2026.02.02	01:23:05.357	0.77462				2
2026.02.02	01:23:09.998	0.77461	0.77469			6
2026.02.02	01:23:10.358	0.77460				2
2026.02.02	01:23:12.762	0.77461	0.77470			6
2026.02.02	01:23:13.066		0.77469			4
2026.02.02	01:23:13.537		0.77470			4
2026.02.02	01:23:14.569	0.77462				2
2026.02.02	01:23:15.225		0.77471			4
2026.02.02	01:23:15.989	0.77461	0.77470			6
2026.02.02	01:23:16.535		0.77469			4
2026.02.02	01:23:17.807	0.77460				2
2026.02.02	01:23:19.300	0.77458	0.77466			6
2026.02.02	01:23:20.347		0.77467			4
2026.02.02	01:23:21.758		0.77466			4
2026.02.02	01:23:22.762		0.77468			4
2026.02.02	01:23:23.386	0.77460				2
2026.02.02	01:23:24.965	0.77461	0.77470			6
2026.02.02	01:23:25.384	0.77460	0.77468			6
2026.02.02	01:23:29.125	0.77462	0.77471			6
2026.02.02	01:23:30.181	0.77461	0.77469			6
2026.02.02	01:23:31.983		0.77470			4
2026.02.02	01:23:34.037	0.77462	0.77471			6
2026.02.02	01:23:35.656	0.77463				2
2026.02.02	01:23:38.792	0.77461	0.77470			6
2026.02.02	01:23:43.661		0.77469			4
2026.02.02	01:23:44.326		0.77470			4
2026.02.02	01:23:45.576	0.77463	0.77471			6
2026.02.02	01:23:45.921		0.77470			4
2026.02.02	01:23:46.275	0.77462				2
2026.02.02	01:23:48.134	0.77461	0.77469			6
2026.02.02	01:23:49.989		0.77470			4
2026.02.02	01:23:50.430		0.77468			4
2026.02.02	01:23:51.258	0.77459				2
2026.02.02	01:23:51.787	0.77458	0.77467			6
2026.02.02	01:23:52.117	0.77457				2
2026.02.02	01:23:52.421	0.77449	0.77459			6
2026.02.02	01:23:52.735	0.77450				2
2026.02.02	01:23:54.271	0.77451				2
2026.02.02	01:23:55.590		0.77460			4
2026.02.02	01:23:55.900	0.77452	0.77462			6
2026.02.02	01:23:56.558	0.77454				2
2026.02.02	01:23:56.997	0.77455				2
2026.02.02	01:23:58.002	0.77456	0.77466			6
2026.02.02	01:23:58.892	0.77457				2
2026.02.02	01:24:00.292	0.77457				2
2026.02.02	01:24:00.593	0.77458				2
2026.02.02	01:24:01.680	0.77457				2
2026.02.02	01:24:01.986		0.77467			4
2026.02.02	01:24:03.044	0.77458				2
2026.02.02	01:24:03.508		0.77468			4
2026.02.02	01:24:03.855		0.77467			4
2026.02.02	01:24:04.159		0.77468			4
2026.02.02	01:24:05.091	0.77457	0.77467			6
2026.02.02	01:24:05.525	0.77456	0.77465			6
2026.02.02	01:24:05.836		0.77467			4
2026.02.02	01:24:06.146	0.77457				2
2026.02.02	01:24:07.511	0.77458				2
2026.02.02	01:24:08.399	0.77456	0.77466			6
2026.02.02	01:24:10.428	0.77457				2
2026.02.02	01:24:10.963		0.77467			4
2026.02.02	01:24:12.000	0.77458				2
2026.02.02	01:24:12.592	0.77457	0.77466			6
2026.02.02	01:24:14.189	0.77458				2
2026.02.02	01:24:15.279		0.77467			4
2026.02.02	01:24:17.893	0.77457				2
2026.02.02	01:24:25.290	0.77458				2
2026.02.02	01:24:25.599		0.77466			4
2026.02.02	01:24:26.269		0.77467			4
2026.02.02	01:24:26.921		0.77466			4
2026.02.02	01:24:28.491	0.77455	0.77464			6
2026.02.02	01:24:30.096		0.77463			4
2026.02.02	01:24:31.167	0.77453				2
2026.02.02	01:24:31.479		0.77462			4
2026.02.02	01:24:31.800	0.77454	0.77464			6
2026.02.02	01:24:32.292		0.77463			4
2026.02.02	01:24:32.661	0.77455				2
2026.02.02	01:24:33.490		0.77464			4
2026.02.02	01:24:34.769		0.77463			4
2026.02.02	01:24:35.079	0.77454	0.77464			6
2026.02.02	01:24:35.470	0.77455	0.77465			6
2026.02.02	01:24:35.791		0.77466			4
2026.02.02	01:24:36.592	0.77457				2
2026.02.02	01:24:37.567	0.77458				2
2026.02.02	01:24:42.495		0.77467			4
2026.02.02	01:24:44.319		0.77466			4
2026.02.02	01:24:45.033	0.77459				2
2026.02.02	01:24:46.717	0.77457				2
2026.02.02	01:24:47.093	0.77455	0.77465			6
2026.02.02	01:24:47.401	0.77456	0.77466			6
2026.02.02	01:24:48.143	0.77457				2
2026.02.02	01:24:51.591	0.77455	0.77464			6
2026.02.02	01:24:52.323	0.77458	0.77466			6
2026.02.02	01:24:52.626	0.77455				2
2026.02.02	01:24:53.017	0.77464	0.77474			6
2026.02.02	01:24:55.445	0.77465				2
2026.02.02	01:24:58.304		0.77475			4
2026.02.02	01:25:00.885	0.77465				2
2026.02.02	01:25:01.204	0.77468	0.77477			6
2026.02.02	01:25:01.673		0.77476			4
2026.02.02	01:25:03.475	0.77464	0.77474			6
2026.02.02	01:25:04.681	0.77466				2
2026.02.02	01:25:04.992	0.77464				2
2026.02.02	01:25:05.300	0.77467	0.77475			6
2026.02.02	01:25:05.620		0.77476			4
2026.02.02	01:25:06.117	0.77466	0.77475			6
2026.02.02	01:25:06.466		0.77474			4
2026.02.02	01:25:06.954	0.77465	0.77475			6
2026.02.02	01:25:07.640	0.77469	0.77478			6
2026.02.02	01:25:08.998	0.77473	0.77482			6
2026.02.02	01:25:10.630	0.77472	0.77481			6
2026.02.02	01:25:11.692	0.77471	0.77479			6
2026.02.02	01:25:11.999	0.77472	0.77481			6
2026.02.02	01:25:12.343	0.77471				2
2026.02.02	01:25:13.233	0.77472				2
2026.02.02	01:25:15.256		0.77482			4
2026.02.02	01:25:17.065		0.77481			4
2026.02.02	01:25:19.441	0.77470	0.77480			6
2026.02.02	01:25:22.762	0.77471				2
2026.02.02	01:25:23.714	0.77475	0.77483			6
2026.02.02	01:25:24.531		0.77482			4
2026.02.02	01:25:27.861	0.77472	0.77481			6
2026.02.02	01:25:29.591	0.77473	0.77482			6
2026.02.02	01:25:30.227	0.77470	0.77476			6
2026.02.02	01:25:31.273	0.77465	0.77473			6
2026.02.02	01:25:31.602	0.77464	0.77472			6
2026.02.02	01:25:32.345	0.77463				2
2026.02.02	01:25:35.517	0.77461	0.77471			6
2026.02.02	01:25:36.259	0.77460	0.77469			6
2026.02.02	01:25:38.316	0.77458	0.77467			6
2026.02.02	01:25:38.663	0.77455	0.77465			6
2026.02.02	01:25:40.239	0.77454	0.77463			6
2026.02.02	01:25:41.765	0.77455	0.77465			6
2026.02.02	01:25:42.650	0.77456	0.77464			6
2026.02.02	01:25:46.085	0.77459	0.77468			6
2026.02.02	01:25:46.837	0.77457	0.77466			6
2026.02.02	01:25:51.286	0.77456				2
2026.02.02	01:25:53.085	0.77454	0.77465			6
2026.02.02	01:25:53.430		0.77463			4
2026.02.02	01:25:55.988	0.77453	0.77461			6
2026.02.02	01:25:58.219	0.77448	0.77457			6
2026.02.02	01:26:00.373	0.77448				2
2026.02.02	01:26:02.880	0.77447	0.77456			6
2026.02.02	01:26:03.386	0.77448	0.77457			6
2026.02.02	01:26:03.781	0.77447	0.77455			6
2026.02.02	01:26:04.414	0.77443	0.77453			6
2026.02.02	01:26:05.328	0.77444	0.77454			6
2026.02.02	01:26:05.641		0.77452			4
2026.02.02	01:26:07.037	0.77443				2
2026.02.02	01:26:07.419		0.77453			4
2026.02.02	01:26:07.901	0.77444	0.77454			6
2026.02.02	01:26:08.727	0.77445				2
2026.02.02	01:26:11.812	0.77446				2
2026.02.02	01:26:15.431	0.77450	0.77457			6
2026.02.02	01:26:15.746		0.77460			4
2026.02.02	01:26:16.722	0.77454	0.77464			6
2026.02.02	01:26:17.488		0.77466			4
2026.02.02	01:26:18.512	0.77457				2
2026.02.02	01:26:19.026	0.77455	0.77465			6
2026.02.02	01:26:20.074	0.77456				2
2026.02.02	01:26:20.423	0.77457	0.77466			6
2026.02.02	01:26:29.891	0.77456	0.77465			6
2026.02.02	01:26:30.352		0.77464			4
2026.02.02	01:26:31.265		0.77465			4
2026.02.02	01:26:33.333	0.77455	0.77463			6
2026.02.02	01:26:33.925		0.77464			4
2026.02.02	01:26:34.810		0.77463			4
2026.02.02	01:26:35.123	0.77453	0.77461			6
2026.02.02	01:26:35.433		0.77462			4
2026.02.02	01:26:36.779	0.77452	0.77460			6
2026.02.02	01:26:39.302		0.77461			4
2026.02.02	01:26:41.769	0.77449	0.77457			6
2026.02.02	01:26:42.145	0.77446	0.77453			6
2026.02.02	01:26:42.627		0.77454			4
2026.02.02	01:26:43.684	0.77445	0.77453			6
2026.02.02	01:26:44.006	0.77444	0.77451			6
2026.02.02	01:26:44.911	0.77438	0.77449			6
2026.02.02	01:26:46.303	0.77440				2
2026.02.02	01:26:47.287	0.77441				2
2026.02.02	01:26:48.011		0.77448			4
2026.02.02	01:26:48.904	0.77440				2
2026.02.02	01:26:52.390	0.77442	0.77452			6
2026.02.02	01:26:53.124	0.77443	0.77451			6
2026.02.02	01:26:54.482	0.77425	0.77437			6
2026.02.02	01:26:54.784	0.77426				2
2026.02.02	01:26:55.151	0.77425				2
2026.02.02	01:26:55.461		0.77436			4
2026.02.02	01:26:56.208	0.77422	0.77434			6
2026.02.02	01:26:58.022	0.77419	0.77431			6
2026.02.02	01:26:58.516	0.77420				2
2026.02.02	01:26:58.972		0.77430			4
2026.02.02	01:27:00.303	0.77420				2
2026.02.02	01:27:01.904	0.77425	0.77434			6
2026.02.02	01:27:02.258	0.77427	0.77436			6
2026.02.02	01:27:02.569	0.77428	0.77438			6
2026.02.02	01:27:03.226	0.77429				2
2026.02.02	01:27:03.548	0.77428	0.77437			6
2026.02.02	01:27:04.572	0.77429				2
2026.02.02	01:27:07.098	0.77431	0.77441			6
2026.02.02	01:27:07.536	0.77433	0.77442			6
2026.02.02	01:27:09.048	0.77437	0.77445			6
2026.02.02	01:27:09.385	0.77438	0.77447			6
2026.02.02	01:27:09.700		0.77448			4
2026.02.02	01:27:10.047	0.77439	0.77447			6
2026.02.02	01:27:10.387	0.77438				2
2026.02.02	01:27:10.699	0.77439	0.77448			6
2026.02.02	01:27:11.376	0.77441	0.77451			6
2026.02.02	01:27:11.686		0.77448			4
2026.02.02	01:27:12.454		0.77451			4
2026.02.02	01:27:13.372	0.77442				2
2026.02.02	01:27:14.358	0.77443				2
2026.02.02	01:27:15.097		0.77453			4
2026.02.02	01:27:15.428	0.77444				2
2026.02.02	01:27:15.846		0.77452			4
2026.02.02	01:27:16.579	0.77443	0.77451			6
2026.02.02	01:27:17.758	0.77439	0.77448			6
2026.02.02	01:27:18.240	0.77443	0.77451			6
2026.02.02	01:27:21.948	0.77442				2
2026.02.02	01:27:25.147	0.77438	0.77447			6
2026.02.02	01:27:25.450		0.77446			4
2026.02.02	01:27:26.117	0.77439	0.77448			6
2026.02.02	01:27:26.746	0.77440				2
2026.02.02	01:27:27.760	0.77438	0.77446			6
2026.02.02	01:27:29.516		0.77447			4
2026.02.02	01:27:31.515		0.77446			4
2026.02.02	01:27:32.073	0.77437				2
2026.02.02	01:27:32.974	0.77438				2
2026.02.02	01:27:34.186	0.77439	0.77449			6
2026.02.02	01:27:34.547	0.77440	0.77448			6
2026.02.02	01:27:34.859	0.77439				2
2026.02.02	01:27:37.075	0.77434	0.77442			6
2026.02.02	01:27:39.221	0.77435				2
2026.02.02	01:27:43.088	0.77441	0.77450			6
2026.02.02	01:27:43.399		0.77451			4
2026.02.02	01:27:44.313	0.77443				2
2026.02.02	01:27:45.315	0.77444				2
2026.02.02	01:27:45.635	0.77445	0.77453			6
2026.02.02	01:27:46.809		0.77454			4
2026.02.02	01:27:47.114	0.77446				2
2026.02.02	01:27:48.413	0.77447				2
2026.02.02	01:27:49.702	0.77448				2
2026.02.02	01:27:50.780		0.77457			4
2026.02.02	01:27:51.258	0.77449	0.77459			6
2026.02.02	01:27:51.627	0.77451	0.77460			6
2026.02.02	01:27:52.287	0.77450	0.77459			6
2026.02.02	01:27:55.782		0.77458			4
2026.02.02	01:27:56.557	0.77447	0.77455			6
2026.02.02	01:27:58.730	0.77444	0.77452			6
2026.02.02	01:27:59.582	0.77445				2
2026.02.02	01:28:00.112	0.77446	0.77455			6
2026.02.02	01:28:00.429	0.77447				2
2026.02.02	01:28:01.146	0.77448				2
2026.02.02	01:28:01.593		0.77454			4
2026.02.02	01:28:01.997	0.77447	0.77455			6
2026.02.02	01:28:02.865	0.77448				2
2026.02.02	01:28:03.586		0.77454			4
2026.02.02	01:28:04.737	0.77447	0.77455			6
2026.02.02	01:28:05.039	0.77444	0.77452			6
2026.02.02	01:28:05.472		0.77451			4
2026.02.02	01:28:05.822	0.77443	0.77449			6
2026.02.02	01:28:06.159	0.77442				2
2026.02.02	01:28:08.345		0.77450			4
2026.02.02	01:28:08.655	0.77443	0.77451			6
2026.02.02	01:28:09.426	0.77441	0.77449			6
2026.02.02	01:28:10.308	0.77443	0.77452			6
2026.02.02	01:28:10.888	0.77444	0.77451			6
2026.02.02	01:28:15.668	0.77445	0.77454			6
2026.02.02	01:28:16.503	0.77446	0.77453			6
2026.02.02	01:28:17.248		0.77454			4
2026.02.02	01:28:17.667		0.77453			4
2026.02.02	01:28:18.208	0.77444	0.77452			6
2026.02.02	01:28:19.217		0.77451			4
2026.02.02	01:28:20.379	0.77445	0.77454			6
2026.02.02	01:28:20.855	0.77446				2
2026.02.02	01:28:21.187	0.77445	0.77452			6
2026.02.02	01:28:22.347	0.77444				2
2026.02.02	01:28:23.346	0.77445	0.77453			6
2026.02.02	01:28:24.074	0.77446	0.77454			6
2026.02.02	01:28:24.408	0.77444	0.77451			6
2026.02.02	01:28:25.303	0.77443				2
2026.02.02	01:28:25.831	0.77442	0.77449			6
2026.02.02	01:28:26.140		0.77452			4
2026.02.02	01:28:27.206	0.77444				2
2026.02.02	01:28:27.821		0.77451			4
2026.02.02	01:28:29.267	0.77445	0.77454			6
2026.02.02	01:28:29.721	0.77442	0.77448			6
2026.02.02	01:28:30.196	0.77444	0.77454			6
2026.02.02	01:28:30.915	0.77445	0.77452			6
2026.02.02	01:28:32.465		0.77454			4
2026.02.02	01:28:33.688	0.77446	0.77455			6
2026.02.02	01:28:34.216	0.77447				2
2026.02.02	01:28:35.388	0.77448				2
2026.02.02	01:28:37.139	0.77447	0.77454			6
2026.02.02	01:28:37.863	0.77446				2
2026.02.02	01:28:38.441	0.77447				2
2026.02.02	01:28:38.796	0.77446				2
2026.02.02	01:28:39.183	0.77449	0.77457			6
2026.02.02	01:28:39.553	0.77448	0.77454			6
2026.02.02	01:28:39.987	0.77445				2
2026.02.02	01:28:40.351		0.77453			4
2026.02.02	01:28:40.660	0.77446	0.77455			6
2026.02.02	01:28:40.972	0.77447	0.77456			6
2026.02.02	01:28:41.361	0.77449				2
2026.02.02	01:28:41.711	0.77450	0.77458			6
2026.02.02	01:28:42.019		0.77456			4
2026.02.02	01:28:42.713		0.77457			4
2026.02.02	01:28:43.435	0.77449	0.77456			6
2026.02.02	01:28:43.759	0.77445	0.77454			6
2026.02.02	01:28:44.374	0.77446				2
2026.02.02	01:28:48.075	0.77445	0.77452			6
2026.02.02	01:28:48.563	0.77446	0.77454			6
2026.02.02	01:28:48.929	0.77448	0.77457			6
2026.02.02	01:28:49.636	0.77449	0.77456			6
2026.02.02	01:28:53.799	0.77450				2
2026.02.02	01:28:54.592		0.77457			4
2026.02.02	01:28:55.374	0.77449				2
2026.02.02	01:28:55.822	0.77448	0.77455			6
2026.02.02	01:28:58.030	0.77447				2
2026.02.02	01:28:58.846	0.77446	0.77454			6
2026.02.02	01:28:59.683	0.77447	0.77455			6
2026.02.02	01:29:00.092	0.77447	0.77454			6
2026.02.02	01:29:00.475	0.77445	0.77452			6
2026.02.02	01:29:01.207	0.77443				2
2026.02.02	01:29:01.692	0.77442	0.77451			6
2026.02.02	01:29:02.514	0.77441	0.77449			6
2026.02.02	01:29:03.012	0.77434	0.77444			6
2026.02.02	01:29:03.826	0.77433	0.77443			6
2026.02.02	01:29:04.350	0.77434				2
2026.02.02	01:29:04.660		0.77442			4
2026.02.02	01:29:04.992	0.77432				2
2026.02.02	01:29:05.320		0.77441			4
2026.02.02	01:29:06.206		0.77442			4
2026.02.02	01:29:06.705	0.77433	0.77441			6
2026.02.02	01:29:07.340	0.77431				2
2026.02.02	01:29:07.702		0.77440			4
2026.02.02	01:29:08.277	0.77432				2
2026.02.02	01:29:09.004		0.77439			4
2026.02.02	01:29:10.692		0.77440			4
2026.02.02	01:29:11.103		0.77439			4
2026.02.02	01:29:15.698		0.77440			4
2026.02.02	01:29:16.297	0.77431				2
2026.02.02	01:29:16.813		0.77439			4
2026.02.02	01:29:17.523		0.77440			4
2026.02.02	01:29:18.721	0.77430	0.77437			6
2026.02.02	01:29:19.191	0.77429				2
2026.02.02	01:29:20.847	0.77427				2
2026.02.02	01:29:21.595	0.77429				2
2026.02.02	01:29:23.830	0.77428	0.77436			6
2026.02.02	01:29:29.903	0.77425	0.77434			6
2026.02.02	01:29:30.324	0.77426	0.77436			6
2026.02.02	01:29:30.652	0.77428	0.77437			6
2026.02.02	01:29:31.897	0.77429				2
2026.02.02	01:29:32.786		0.77439			4
2026.02.02	01:29:33.307	0.77430				2
2026.02.02	01:29:34.197	0.77431				2
2026.02.02	01:29:35.491	0.77430				2
2026.02.02	01:29:36.123	0.77431	0.77440			6
2026.02.02	01:29:36.439	0.77430	0.77439			6
2026.02.02	01:29:37.446	0.77431				2
2026.02.02	01:29:41.952	0.77432	0.77442			6
2026.02.02	01:29:42.261	0.77431	0.77439			6
2026.02.02	01:29:44.835		0.77441			4
2026.02.02	01:29:45.137		0.77440			4
2026.02.02	01:29:45.937		0.77439			4
2026.02.02	01:29:46.301		0.77440			4
2026.02.02	01:29:46.767		0.77439			4
2026.02.02	01:29:47.390	0.77432	0.77441			6
2026.02.02	01:29:48.414	0.77434				2
2026.02.02	01:29:49.812		0.77442			4
2026.02.02	01:29:57.309	0.77433	0.77440			6
2026.02.02	01:29:57.664		0.77441			4
2026.02.02	01:29:58.395		0.77442			4
2026.02.02	01:30:00.385	0.77433	0.77441			6
2026.02.02	01:30:00.854		0.77440			4
2026.02.02	01:30:01.228		0.77439			4
2026.02.02	01:30:02.745		0.77441			4
2026.02.02	01:30:03.491		0.77434			4
2026.02.02	01:30:04.131	0.77432	0.77433			6
2026.02.02	01:30:07.251		0.77440			4
2026.02.02	01:30:09.216	0.77433	0.77439			6
2026.02.02	01:30:09.885	0.77432				2
2026.02.02	01:30:10.935	0.77431				2
2026.02.02	01:30:11.956	0.77432				2
2026.02.02	01:30:13.985	0.77427	0.77433			6
2026.02.02	01:30:14.292	0.77424	0.77431			6
2026.02.02	01:30:14.599	0.77425	0.77432			6
2026.02.02	01:30:15.242	0.77427	0.77434			6
2026.02.02	01:30:15.546		0.77433			4
2026.02.02	01:30:15.893	0.77428	0.77434			6
2026.02.02	01:30:20.464	0.77427				2
2026.02.02	01:30:21.986		0.77433			4
2026.02.02	01:30:22.404		0.77434			4
2026.02.02	01:30:24.310		0.77433			4
2026.02.02	01:30:24.996	0.77429	0.77438			6
2026.02.02	01:30:25.342	0.77430				2
2026.02.02	01:30:25.926	0.77431				2
2026.02.02	01:30:26.363	0.77427	0.77433			6
2026.02.02	01:30:26.668	0.77426				2
2026.02.02	01:30:30.515	0.77431	0.77438			6
2026.02.02	01:30:30.822	0.77429				2
2026.02.02	01:30:31.145		0.77437			4
2026.02.02	01:30:33.066	0.77428				2
2026.02.02	01:30:33.734		0.77438			4
2026.02.02	01:30:34.085		0.77437			4
2026.02.02	01:30:34.448		0.77436			4
2026.02.02	01:30:39.628		0.77437			4
2026.02.02	01:30:42.411	0.77427	0.77435			6
2026.02.02	01:30:42.778		0.77436			4
2026.02.02	01:30:44.419	0.77425	0.77433			6
2026.02.02	01:30:45.187		0.77434			4
2026.02.02	01:30:45.494	0.77421	0.77432			6
2026.02.02	01:30:45.801		0.77428			4
2026.02.02	01:30:46.919		0.77429			4
2026.02.02	01:30:47.938	0.77422	0.77430			6
2026.02.02	01:30:48.494	0.77420	0.77429			6
2026.02.02	01:30:49.363	0.77423				2
2026.02.02	01:30:49.855		0.77430			4
2026.02.02	01:30:50.913		0.77429			4
2026.02.02	01:30:51.218	0.77422				2
2026.02.02	01:30:51.866		0.77430			4
2026.02.02	01:30:52.192		0.77429			4
2026.02.02	01:30:52.531	0.77423	0.77430			6
2026.02.02	01:30:52.988	0.77421	0.77427			6
2026.02.02	01:30:53.999	0.77420				2
2026.02.02	01:30:55.022	0.77415	0.77422			6
2026.02.02	01:30:56.028	0.77416				2
2026.02.02	01:30:56.991		0.77423			4
2026.02.02	01:30:57.338		0.77422			4
2026.02.02	01:30:57.835		0.77424			4
2026.02.02	01:30:58.159		0.77423			4
2026.02.02	01:30:59.970	0.77417	0.77424			6
2026.02.02	01:31:00.350	0.77417	0.77425			6
2026.02.02	01:31:00.659	0.77420	0.77429			6
2026.02.02	01:31:01.103	0.77421				2
2026.02.02	01:31:01.529	0.77422	0.77430			6
2026.02.02	01:31:01.969	0.77424	0.77432			6
2026.02.02	01:31:02.814	0.77427	0.77437			6
2026.02.02	01:31:03.158	0.77432	0.77443			6
2026.02.02	01:31:03.901	0.77433	0.77444			6
2026.02.02	01:31:04.217	0.77435				2
2026.02.02	01:31:05.044	0.77434	0.77443			6
2026.02.02	01:31:05.354		0.77442			4
2026.02.02	01:31:05.672	0.77433	0.77444			6
2026.02.02	01:31:05.990	0.77434	0.77443			6
2026.02.02	01:31:06.299		0.77442			4
2026.02.02	01:31:07.404	0.77433				2
2026.02.02	01:31:07.957	0.77434				2
2026.02.02	01:31:08.986	0.77435				2
2026.02.02	01:31:09.416	0.77434				2
2026.02.02	01:31:09.853	0.77432	0.77440			6
2026.02.02	01:31:10.160		0.77439			4
2026.02.02	01:31:10.494		0.77440			4
2026.02.02	01:31:10.821	0.77433	0.77443			6
2026.02.02	01:31:11.124		0.77441			4
2026.02.02	01:31:12.114	0.77428	0.77437			6
2026.02.02	01:31:12.417	0.77427	0.77435			6
2026.02.02	01:31:12.863	0.77428				2
2026.02.02	01:31:13.864		0.77436			4
2026.02.02	01:31:14.508	0.77429				2
2026.02.02	01:31:15.075		0.77437			4
2026.02.02	01:31:15.469		0.77436			4
2026.02.02	01:31:15.952	0.77427	0.77434			6
2026.02.02	01:31:16.997	0.77428				2
2026.02.02	01:31:17.736		0.77436			4
2026.02.02	01:31:18.045	0.77429	0.77437			6
2026.02.02	01:31:18.454		0.77436			4
2026.02.02	01:31:19.108		0.77437			4
2026.02.02	01:31:20.655		0.77438			4
2026.02.02	01:31:21.454	0.77430	0.77437			6
2026.02.02	01:31:24.837	0.77431				2
2026.02.02	01:31:25.218	0.77430	0.77436			6
2026.02.02	01:31:25.523	0.77429	0.77437			6
2026.02.02	01:31:25.836	0.77428	0.77434			6
2026.02.02	01:31:27.229		0.77433			4
2026.02.02	01:31:28.013	0.77427				2
2026.02.02	01:31:29.074		0.77432			4
2026.02.02	01:31:30.488		0.77433			4
2026.02.02	01:31:32.128	0.77426				2
2026.02.02	01:31:34.312		0.77432			4
2026.02.02	01:31:40.347	0.77425				2
2026.02.02	01:31:40.692		0.77433			4
2026.02.02	01:31:41.097	0.77426				2
2026.02.02	01:31:42.262		0.77434			4
2026.02.02	01:31:43.194		0.77433			4
2026.02.02	01:31:43.504		0.77434			4
2026.02.02	01:31:44.679	0.77427				2
2026.02.02	01:31:46.930	0.77426				2
2026.02.02	01:31:47.381		0.77433			4
2026.02.02	01:31:49.180		0.77434			4
2026.02.02	01:31:51.118	0.77425	0.77431			6
2026.02.02	01:31:52.727	0.77420	0.77427			6
2026.02.02	01:31:53.041	0.77419				2
2026.02.02	01:31:53.789	0.77415	0.77424			6
2026.02.02	01:31:54.110		0.77423			4
2026.02.02	01:31:54.513		0.77421			4
2026.02.02	01:31:55.451		0.77420			4
2026.02.02	01:31:55.762		0.77419			4
2026.02.02	01:31:56.079	0.77414				2
2026.02.02	01:31:57.538	0.77415				2
2026.02.02	01:32:00.474	0.77415				2
2026.02.02	01:32:00.857	0.77414				2
2026.02.02	01:32:02.139		0.77418			4
2026.02.02	01:32:04.215	0.77413	0.77417			6
2026.02.02	01:32:06.268	0.77409	0.77413			6
2026.02.02	01:32:08.905	0.77402	0.77407			6
2026.02.02	01:32:09.211	0.77401	0.77406			6
2026.02.02	01:32:10.188	0.77402				2
2026.02.02	01:32:13.459	0.77400	0.77405			6
2026.02.02	01:32:14.004		0.77406			4
2026.02.02	01:32:14.677	0.77401	0.77405			6
2026.02.02	01:32:14.979		0.77407			4
2026.02.02	01:32:17.133	0.77399	0.77403			6
2026.02.02	01:32:19.121	0.77396	0.77400			6
2026.02.02	01:32:19.961	0.77394				2
2026.02.02	01:32:21.172	0.77396	0.77404			6
2026.02.02	01:32:21.656	0.77398				2
2026.02.02	01:32:22.656	0.77399				2
2026.02.02	01:32:22.960	0.77400				2
2026.02.02	01:32:24.346	0.77398	0.77403			6
2026.02.02	01:32:28.380		0.77402			4
2026.02.02	01:32:28.766	0.77395	0.77399			6
2026.02.02	01:32:29.082	0.77393	0.77395			6
2026.02.02	01:32:30.330	0.77394				2
2026.02.02	01:32:30.651		0.77398			4
2026.02.02	01:32:32.502		0.77397			4
2026.02.02	01:32:33.795	0.77392	0.77396			6
2026.02.02	01:32:35.891	0.77393	0.77397			6
2026.02.02	01:32:36.742	0.77392				2
2026.02.02	01:32:37.444		0.77396			4
2026.02.02	01:32:41.045		0.77398			4
2026.02.02	01:32:41.514	0.77393				2
2026.02.02	01:32:41.949	0.77395	0.77399			6
2026.02.02	01:32:43.562	0.77402	0.77410			6
2026.02.02	01:32:44.342	0.77404				2
2026.02.02	01:32:44.687	0.77405				2
2026.02.02	01:32:45.432	0.77406				2
2026.02.02	01:32:45.806	0.77408	0.77414			6
2026.02.02	01:32:46.402	0.77409				2
2026.02.02	01:32:47.248	0.77408	0.77413			6
2026.02.02	01:32:48.153	0.77409	0.77414			6
2026.02.02	01:32:50.311	0.77410	0.77416			6
2026.02.02	01:32:51.523	0.77411				2
2026.02.02	01:32:52.397	0.77410	0.77415			6
2026.02.02	01:32:55.132	0.77411				2
2026.02.02	01:32:55.836	0.77412	0.77416			6
2026.02.02	01:32:56.712	0.77413				2
2026.02.02	01:32:58.834		0.77420			4
2026.02.02	01:32:59.140		0.77418			4
2026.02.02	01:32:59.543	0.77411				2
2026.02.02	01:32:59.873	0.77412				2
2026.02.02	01:33:00.360	0.77412				2
2026.02.02	01:33:02.391	0.77409	0.77414			6
2026.02.02	01:33:04.378		0.77415			4
2026.02.02	01:33:05.084		0.77414			4
2026.02.02	01:33:05.777		0.77415			4
2026.02.02	01:33:06.980		0.77416			4
2026.02.02	01:33:07.412	0.77410	0.77415			6
2026.02.02	01:33:07.720		0.77414			4
2026.02.02	01:33:08.308	0.77409				2
2026.02.02	01:33:08.634		0.77415			4
2026.02.02	01:33:09.198	0.77408	0.77414			6
2026.02.02	01:33:09.605	0.77406	0.77412			6
2026.02.02	01:33:09.933	0.77403	0.77409			6
2026.02.02	01:33:10.707	0.77404				2
2026.02.02	01:33:11.769	0.77405	0.77412			6
2026.02.02	01:33:12.349	0.77407				2
2026.02.02	01:33:12.822	0.77408	0.77411			6
2026.02.02	01:33:13.885	0.77409	0.77414			6
2026.02.02	01:33:14.370	0.77410				2
2026.02.02	01:33:15.523	0.77411				2
2026.02.02	01:33:18.683	0.77412				2
2026.02.02	01:33:19.480	0.77411				2
2026.02.02	01:33:20.419		0.77417			4
2026.02.02	01:33:20.989	0.77412	0.77416			6
2026.02.02	01:33:22.749		0.77418			4
2026.02.02	01:33:24.406	0.77413				2
2026.02.02	01:33:24.808	0.77411	0.77415			6
2026.02.02	01:33:25.125	0.77410				2
2026.02.02	01:33:26.114	0.77409				2
2026.02.02	01:33:27.350		0.77414			4
2026.02.02	01:33:27.796	0.77403	0.77410			6
2026.02.02	01:33:28.251	0.77404				2
2026.02.02	01:33:28.855	0.77405				2
2026.02.02	01:33:29.434	0.77406				2
2026.02.02	01:33:39.853	0.77399	0.77404			6
2026.02.02	01:33:41.478	0.77400				2
2026.02.02	01:33:44.949	0.77395	0.77401			6
2026.02.02	01:33:45.265		0.77400			4
2026.02.02	01:33:45.666	0.77396				2
2026.02.02	01:33:46.775	0.77395				2
2026.02.02	01:33:48.013	0.77393	0.77399			6
2026.02.02	01:33:49.388	0.77394				2
2026.02.02	01:33:50.710	0.77393	0.77397			6
2026.02.02	01:33:51.401		0.77398			4
2026.02.02	01:33:51.966	0.77394				2
2026.02.02	01:33:52.443		0.77399			4
2026.02.02	01:33:53.667	0.77390				2
2026.02.02	01:33:54.414	0.77394				2
2026.02.02	01:33:55.189	0.77401	0.77409			6
2026.02.02	01:33:56.351	0.77403				2
2026.02.02	01:33:57.288	0.77405				2
2026.02.02	01:34:00.114	0.77407	0.77415			6
2026.02.02	01:34:00.506	0.77408				2
2026.02.02	01:34:00.950	0.77409				2
2026.02.02	01:34:01.486	0.77410				2
2026.02.02	01:34:03.334	0.77411				2
2026.02.02	01:34:04.779	0.77410				2
2026.02.02	01:34:06.374	0.77411				2
2026.02.02	01:34:08.346	0.77410				2
2026.02.02	01:34:09.141	0.77408	0.77412			6
2026.02.02	01:34:09.488	0.77402	0.77407			6
2026.02.02	01:34:09.793		0.77406			4
2026.02.02	01:34:12.646		0.77407			4
2026.02.02	01:34:13.533	0.77403				2
2026.02.02	01:34:14.931	0.77404				2
2026.02.02	01:34:17.827		0.77408			4
2026.02.02	01:34:20.732	0.77403	0.77407			6
2026.02.02	01:34:21.078	0.77399	0.77404			6
2026.02.02	01:34:23.119	0.77400				2
2026.02.02	01:34:24.077	0.77397	0.77402			6
2026.02.02	01:34:24.581	0.77390	0.77394			6
2026.02.02	01:34:24.885	0.77388	0.77393			6
2026.02.02	01:34:25.304	0.77386	0.77391			6
2026.02.02	01:34:25.606	0.77385	0.77389			6
2026.02.02	01:34:26.911	0.77386				2
2026.02.02	01:34:28.111	0.77382	0.77387			6
2026.02.02	01:34:28.791	0.77381				2
2026.02.02	01:34:29.225	0.77382				2
2026.02.02	01:34:30.287	0.77378	0.77382			6
2026.02.02	01:34:30.599	0.77377				2
2026.02.02	01:34:32.847		0.77381			4
2026.02.02	01:34:34.865		0.77382			4
2026.02.02	01:34:36.444	0.77378				2
2026.02.02	01:34:38.009		0.77383			4
2026.02.02	01:34:38.369		0.77382			4
2026.02.02	01:34:40.068	0.77377	0.77381			6
2026.02.02	01:34:41.822	0.77379	0.77387			6
2026.02.02	01:34:42.129	0.77380	0.77390			6
2026.02.02	01:34:42.649	0.77382	0.77388			6
2026.02.02	01:34:42.953	0.77384	0.77393			6
2026.02.02	01:34:43.263	0.77385	0.77389			6
2026.02.02	01:34:43.597	0.77384				2
2026.02.02	01:34:44.016	0.77382	0.77388			6
2026.02.02	01:34:44.816	0.77383				2
2026.02.02	01:34:47.146		0.77389			4
2026.02.02	01:34:47.888	0.77384	0.77390			6
2026.02.02	01:34:49.456	0.77385				2
2026.02.02	01:34:50.131	0.77384	0.77389			6
2026.02.02	01:34:51.721	0.77383	0.77388			6
2026.02.02	01:34:53.591	0.77382				2
2026.02.02	01:35:00.762	0.77382				2
2026.02.02	01:35:01.868	0.77381	0.77386			6
2026.02.02	01:35:03.980	0.77382				2
2026.02.02	01:35:06.609		0.77387			4
2026.02.02	01:35:07.024	0.77381				2
2026.02.02	01:35:07.807	0.77383	0.77388			6
2026.02.02	01:35:08.890		0.77387			4
2026.02.02	01:35:09.385	0.77384	0.77389			6
2026.02.02	01:35:09.743		0.77388			4
2026.02.02	01:35:10.348	0.77383	0.77387			6
2026.02.02	01:35:10.664	0.77379				2
2026.02.02	01:35:11.131	0.77383				2
2026.02.02	01:35:11.448	0.77382	0.77386			6
2026.02.02	01:35:12.466	0.77383				2
2026.02.02	01:35:12.962	0.77382				2
2026.02.02	01:35:13.821	0.77379	0.77385			6
2026.02.02	01:35:15.382	0.77380				2
2026.02.02	01:35:17.114	0.77377				2
2026.02.02	01:35:17.476	0.77379	0.77386			6
2026.02.02	01:35:17.790	0.77381				2
2026.02.02	01:35:18.523	0.77382				2
2026.02.02	01:35:20.755	0.77383				2
2026.02.02	01:35:22.939		0.77387			4
2026.02.02	01:35:26.111	0.77384				2
2026.02.02	01:35:29.349	0.77383				2
2026.02.02	01:35:29.673	0.77382				2
2026.02.02	01:35:31.488	0.77383				2
2026.02.02	01:35:34.015		0.77390			4
2026.02.02	01:35:34.322	0.77384				2
2026.02.02	01:35:34.924	0.77383	0.77389			6
2026.02.02	01:35:37.180	0.77384	0.77393			6
2026.02.02	01:35:37.574	0.77385	0.77395			6
2026.02.02	01:35:37.976	0.77386				2
2026.02.02	01:35:38.976	0.77388	0.77398			6
2026.02.02	01:35:39.662	0.77390				2
2026.02.02	01:35:40.317	0.77391				2
2026.02.02	01:35:40.664	0.77392				2
2026.02.02	01:35:43.300	0.77389	0.77395			6
2026.02.02	01:35:43.779	0.77386	0.77392			6
2026.02.02	01:35:44.319	0.77383	0.77390			6
2026.02.02	01:35:46.087	0.77384				2
2026.02.02	01:35:47.774	0.77383				2
2026.02.02	01:35:49.246	0.77380	0.77386			6
2026.02.02	01:35:49.927	0.77381	0.77387			6
2026.02.02	01:35:56.196	0.77384	0.77393			6
2026.02.02	01:35:56.549		0.77392			4
2026.02.02	01:35:56.902	0.77385				2
2026.02.02	01:35:57.854	0.77386				2
2026.02.02	01:35:58.185	0.77385	0.77391			6
2026.02.02	01:35:58.702	0.77383				2
2026.02.02	01:35:59.016	0.77384	0.77393			6
2026.02.02	01:35:59.320	0.77385				2
2026.02.02	01:35:59.690	0.77386				2
2026.02.02	01:36:00.217	0.77387	0.77394			6
2026.02.02	01:36:00.536	0.77388				2
2026.02.02	01:36:01.829	0.77389				2
2026.02.02	01:36:02.220	0.77387				2
2026.02.02	01:36:05.250	0.77386	0.77393			6
2026.02.02	01:36:05.653	0.77384	0.77391			6
2026.02.02	01:36:05.960		0.77392			4
2026.02.02	01:36:06.339	0.77386	0.77394			6
2026.02.02	01:36:06.755	0.77387				2
2026.02.02	01:36:08.178	0.77388				2
2026.02.02	01:36:08.493		0.77396			4
