<DATE>	<TIME>	<BID>	<ASK>	<LAST>	<VOLUME>	<FLAGS>
2026.03.19	00:03:30.084	0.79311	0.79339			6
2026.03.19	00:04:03.111	0.79311				2
2026.03.19	00:04:36.302		0.79339			4
2026.03.19	00:05:00.131	0.79311				2
2026.03.19	00:05:00.430		0.79338			4
2026.03.19	00:05:00.732		0.79339			4
2026.03.19	00:06:05.340	0.79311	0.79339			6
2026.03.19	00:06:36.297		0.79333			4
2026.03.19	00:06:36.799		0.79339			4
2026.03.19	00:06:38.298		0.79333			4
2026.03.19	00:06:38.899		0.79339			4
2026.03.19	00:07:00.419	0.79311				2
2026.03.19	00:07:51.056		0.79339			4
2026.03.19	00:08:00.342	0.79311				2
2026.03.19	00:09:03.431	0.79311	0.79339			6
2026.03.19	00:10:00.074	0.79311				2
2026.03.19	00:10:09.021		0.79339			4
2026.03.19	00:10:13.254	0.79294	0.79353			6
2026.03.19	00:10:19.887	0.79292	0.79351			6
2026.03.19	00:11:00.237	0.79292				2
2026.03.19	00:11:06.860	0.79310	0.79340			6
2026.03.19	00:11:08.023	0.79311	0.79339			6
2026.03.19	00:12:00.331	0.79311				2
2026.03.19	00:12:01.584		0.79337			4
2026.03.19	00:13:00.255	0.79311				2
2026.03.19	00:13:02.199		0.79337			4
2026.03.19	00:13:42.556		0.79331			4
2026.03.19	00:14:01.056	0.79311				2
2026.03.19	00:14:36.561		0.79332			4
2026.03.19	00:14:36.863		0.79329			4
2026.03.19	00:14:37.934		0.79331			4
2026.03.19	00:14:38.237		0.79332			4
2026.03.19	00:14:40.456		0.79333			4
2026.03.19	00:14:42.258		0.79328			4
2026.03.19	00:14:47.490		0.79330			4
2026.03.19	00:14:53.589	0.79242				2
2026.03.19	00:14:53.890		0.79327			4
2026.03.19	00:15:00.258	0.79242				2
2026.03.19	00:15:12.654	0.79209				2
2026.03.19	00:15:12.954		0.79326			4
2026.03.19	00:15:18.166	0.79232				2
2026.03.19	00:15:18.466		0.79327			4
2026.03.19	00:15:22.542		0.79317			4
2026.03.19	00:15:26.295	0.79214				2
2026.03.19	00:15:26.597		0.79323			4
2026.03.19	00:15:46.980	0.79224				2
2026.03.19	00:16:00.109	0.79224				2
2026.03.19	00:16:07.181		0.79325			4
2026.03.19	00:16:09.287		0.79323			4
2026.03.19	00:16:41.852	0.79227				2
2026.03.19	00:16:44.061		0.79322			4
2026.03.19	00:16:54.223		0.79321			4
2026.03.19	00:16:55.858		0.79320			4
2026.03.19	00:16:59.656		0.79319			4
2026.03.19	00:17:00.349	0.79210				2
2026.03.19	00:17:00.651		0.79315			4
2026.03.19	00:17:03.254		0.79314			4
2026.03.19	00:17:04.156		0.79315			4
2026.03.19	00:17:07.461		0.79319			4
2026.03.19	00:17:10.289		0.79318			4
2026.03.19	00:17:11.222	0.79220				2
2026.03.19	00:17:11.522		0.79320			4
2026.03.19	00:17:14.054		0.79319			4
2026.03.19	00:17:14.761	0.79210				2
2026.03.19	00:17:15.067		0.79316			4
2026.03.19	00:17:15.370		0.79315			4
2026.03.19	00:17:18.043		0.79317			4
2026.03.19	00:17:20.865	0.79219				2
2026.03.19	00:17:21.175		0.79318			4
2026.03.19	00:17:21.475		0.79319			4
2026.03.19	00:17:24.856		0.79318			4
2026.03.19	00:17:26.312		0.79317			4
2026.03.19	00:17:41.355		0.79318			4
2026.03.19	00:17:42.593		0.79317			4
2026.03.19	00:17:44.055		0.79318			4
2026.03.19	00:17:48.255		0.79316			4
2026.03.19	00:17:52.148		0.79315			4
2026.03.19	00:17:52.455		0.79314			4
2026.03.19	00:17:53.954		0.79315			4
2026.03.19	00:17:59.354		0.79316			4
2026.03.19	00:18:01.154	0.79219				2
2026.03.19	00:18:01.456	0.79210				2
2026.03.19	00:18:01.757		0.79315			4
2026.03.19	00:18:08.287		0.79316			4
2026.03.19	00:18:11.566		0.79317			4
2026.03.19	00:18:14.355		0.79318			4
2026.03.19	00:18:39.512	0.79220				2
2026.03.19	00:18:39.812		0.79319			4
2026.03.19	00:18:43.455		0.79320			4
2026.03.19	00:18:44.955		0.79321			4
2026.03.19	00:18:54.908		0.79311			4
2026.03.19	00:19:00.854	0.79220				2
2026.03.19	00:19:06.309	0.79210				2
2026.03.19	00:19:06.609		0.79318			4
2026.03.19	00:19:31.204		0.79317			4
2026.03.19	00:19:31.504		0.79316			4
2026.03.19	00:19:35.057		0.79318			4
2026.03.19	00:19:47.183	0.79220				2
2026.03.19	00:20:00.255	0.79220				2
2026.03.19	00:20:13.123		0.79317			4
2026.03.19	00:20:34.144	0.79210				2
2026.03.19	00:20:52.842		0.79316			4
2026.03.19	00:21:00.077	0.79210	0.79317			6
2026.03.19	00:21:06.313		0.79315			4
2026.03.19	00:21:06.612		0.79312			4
2026.03.19	00:21:11.059		0.79314			4
2026.03.19	00:21:15.803		0.79312			4
2026.03.19	00:21:29.145	0.79209				2
2026.03.19	00:21:35.955		0.79311			4
2026.03.19	00:21:37.237		0.79312			4
2026.03.19	00:21:38.355		0.79311			4
2026.03.19	00:21:45.555		0.79312			4
2026.03.19	00:22:00.428	0.79209				2
2026.03.19	00:22:09.855		0.79313			4
2026.03.19	00:22:10.504		0.79309			4
2026.03.19	00:22:10.823		0.79306			4
2026.03.19	00:22:11.127		0.79305			4
2026.03.19	00:22:11.582	0.79192				2
2026.03.19	00:22:15.855		0.79304			4
2026.03.19	00:22:34.157		0.79305			4
2026.03.19	00:22:47.296		0.79303			4
2026.03.19	00:22:50.354		0.79304			4
2026.03.19	00:23:00.555	0.79192				2
2026.03.19	00:23:06.871	0.79196				2
2026.03.19	00:23:08.987		0.79306			4
2026.03.19	00:23:10.455		0.79305			4
2026.03.19	00:23:11.655		0.79306			4
2026.03.19	00:23:12.935		0.79303			4
2026.03.19	00:23:22.338		0.79304			4
2026.03.19	00:23:22.643		0.79305			4
2026.03.19	00:23:22.943		0.79306			4
2026.03.19	00:23:23.244		0.79304			4
2026.03.19	00:23:23.548		0.79310			4
2026.03.19	00:23:34.455		0.79308			4
2026.03.19	00:23:34.755		0.79309			4
2026.03.19	00:23:39.554		0.79310			4
2026.03.19	00:23:40.754		0.79309			4
2026.03.19	00:23:41.955		0.79310			4
2026.03.19	00:23:49.930		0.79307			4
2026.03.19	00:23:50.826		0.79309			4
2026.03.19	00:23:53.265		0.79307			4
2026.03.19	00:24:00.555	0.79196				2
2026.03.19	00:24:00.855		0.79308			4
2026.03.19	00:24:01.657	0.79193				2
2026.03.19	00:24:05.978		0.79309			4
2026.03.19	00:24:06.679		0.79308			4
2026.03.19	00:24:15.594	0.79159				2
2026.03.19	00:24:15.895		0.79290			4
2026.03.19	00:24:16.600		0.79292			4
2026.03.19	00:24:16.900	0.79165	0.79308			6
2026.03.19	00:24:31.755	0.79164				2
2026.03.19	00:24:33.781	0.79161				2
2026.03.19	00:24:35.357	0.79162				2
2026.03.19	00:24:35.657	0.79164				2
2026.03.19	00:24:36.855	0.79163				2
2026.03.19	00:24:40.296	0.79183				2
2026.03.19	00:25:00.257	0.79183				2
2026.03.19	00:25:17.655		0.79308			4
2026.03.19	00:25:17.955	0.79219				2
2026.03.19	00:26:01.035	0.79219				2
2026.03.19	00:26:01.337		0.79320			4
2026.03.19	00:26:08.057		0.79319			4
2026.03.19	00:26:12.685	0.79222				2
2026.03.19	00:27:00.535	0.79222				2
2026.03.19	00:27:08.513		0.79319			4
2026.03.19	00:28:00.035	0.79222				2
2026.03.19	00:28:01.047		0.79317			4
2026.03.19	00:28:05.355		0.79318			4
2026.03.19	00:28:07.155		0.79317			4
2026.03.19	00:28:12.255		0.79318			4
2026.03.19	00:28:15.855		0.79317			4
2026.03.19	00:28:23.724		0.79316			4
2026.03.19	00:28:35.054	0.79187				2
2026.03.19	00:28:35.355	0.79191	0.79320			6
2026.03.19	00:28:36.261		0.79314			4
2026.03.19	00:28:36.563		0.79320			4
2026.03.19	00:28:37.839	0.79195				2
2026.03.19	00:28:38.139		0.79307			4
2026.03.19	00:28:41.038		0.79306			4
2026.03.19	00:28:45.622		0.79304			4
2026.03.19	00:28:45.924		0.79308			4
2026.03.19	00:28:50.382		0.79307			4
2026.03.19	00:28:51.811		0.79308			4
2026.03.19	00:28:53.355		0.79309			4
2026.03.19	00:28:55.813		0.79307			4
2026.03.19	00:29:00.136	0.79195	0.79306			6
2026.03.19	00:29:05.355		0.79305			4
2026.03.19	00:29:06.754		0.79306			4
2026.03.19	00:29:15.558		0.79305			4
2026.03.19	00:29:28.230		0.79306			4
2026.03.19	00:29:31.126		0.79308			4
2026.03.19	00:29:32.839	0.79191				2
2026.03.19	00:29:33.916		0.79305			4
2026.03.19	00:30:00.070	0.79191				2
2026.03.19	00:30:00.855		0.79304			4
2026.03.19	00:30:20.317	0.79187				2
2026.03.19	00:30:20.618		0.79317			4
2026.03.19	00:30:21.519		0.79313			4
2026.03.19	00:30:23.580		0.79312			4
2026.03.19	00:30:34.840		0.79310			4
2026.03.19	00:30:39.256		0.79311			4
2026.03.19	00:30:44.356		0.79310			4
2026.03.19	00:30:47.359		0.79311			4
2026.03.19	00:30:52.456		0.79312			4
2026.03.19	00:30:55.281		0.79311			4
2026.03.19	00:30:55.821	0.79198	0.79302			6
2026.03.19	00:31:00.281	0.79198				2
2026.03.19	00:31:44.459	0.79189	0.79313			6
2026.03.19	00:32:00.256	0.79189				2
2026.03.19	00:32:02.463		0.79310			4
2026.03.19	00:32:07.993	0.79192				2
2026.03.19	00:32:08.293		0.79306			4
2026.03.19	00:32:09.854		0.79305			4
2026.03.19	00:32:10.756		0.79306			4
2026.03.19	00:32:16.155		0.79305			4
2026.03.19	00:32:27.891	0.79191				2
2026.03.19	00:32:28.191		0.79310			4
2026.03.19	00:32:32.567		0.79311			4
2026.03.19	00:33:00.108	0.79191				2
2026.03.19	00:33:08.762	0.79188				2
2026.03.19	00:33:09.064		0.79309			4
2026.03.19	00:33:10.122		0.79307			4
2026.03.19	00:33:15.555		0.79308			4
2026.03.19	00:33:21.856		0.79307			4
2026.03.19	00:33:24.856		0.79308			4
2026.03.19	00:33:25.156		0.79310			4
2026.03.19	00:33:41.462		0.79309			4
2026.03.19	00:34:00.255	0.79188				2
2026.03.19	00:34:00.557		0.79307			4
2026.03.19	00:34:03.492		0.79306			4
2026.03.19	00:34:03.793	0.79189				2
2026.03.19	00:34:05.901		0.79307			4
2026.03.19	00:34:07.455		0.79308			4
2026.03.19	00:34:08.124		0.79309			4
2026.03.19	00:34:08.424		0.79308			4
2026.03.19	00:34:22.162		0.79307			4
2026.03.19	00:34:24.555		0.79306			4
2026.03.19	00:34:43.691		0.79308			4
2026.03.19	00:34:48.648		0.79309			4
2026.03.19	00:34:58.763	0.79190				2
2026.03.19	00:35:02.056	0.79190	0.79310			6
2026.03.19	00:35:06.361		0.79309			4
2026.03.19	00:35:10.583		0.79308			4
2026.03.19	00:35:27.256		0.79307			4
2026.03.19	00:35:29.660		0.79308			4
2026.03.19	00:35:29.963		0.79306			4
2026.03.19	00:35:35.335		0.79308			4
2026.03.19	00:35:35.958		0.79309			4
2026.03.19	00:35:38.787		0.79310			4
2026.03.19	00:35:53.663		0.79306			4
2026.03.19	00:35:53.963	0.79194				2
2026.03.19	00:35:54.693	0.79247				2
2026.03.19	00:35:55.010	0.79194				2
2026.03.19	00:35:55.363	0.79247				2
2026.03.19	00:35:55.726	0.79194				2
2026.03.19	00:35:56.047	0.79247				2
2026.03.19	00:35:56.348	0.79194				2
2026.03.19	00:35:56.696	0.79247				2
2026.03.19	00:35:57.076	0.79194				2
2026.03.19	00:35:57.677	0.79247				2
2026.03.19	00:35:57.977	0.79194				2
2026.03.19	00:35:58.277	0.79247				2
2026.03.19	00:35:58.577	0.79194				2
2026.03.19	00:35:59.658		0.79307			4
2026.03.19	00:36:02.956	0.79194	0.79306			6
2026.03.19	00:36:04.755		0.79307			4
2026.03.19	00:36:13.756		0.79306			4
2026.03.19	00:36:19.457		0.79305			4
2026.03.19	00:36:26.054		0.79308			4
2026.03.19	00:36:26.355		0.79309			4
2026.03.19	00:36:33.216		0.79310			4
2026.03.19	00:36:33.518		0.79311			4
2026.03.19	00:36:35.902		0.79309			4
2026.03.19	00:36:36.202		0.79308			4
2026.03.19	00:36:38.352		0.79306			4
2026.03.19	00:36:43.755		0.79307			4
2026.03.19	00:36:48.555		0.79306			4
2026.03.19	00:36:48.854	0.79201				2
2026.03.19	00:36:49.801		0.79308			4
2026.03.19	00:36:53.406		0.79307			4
2026.03.19	00:37:05.055	0.79201				2
2026.03.19	00:37:10.756		0.79306			4
2026.03.19	00:37:26.829		0.79310			4
2026.03.19	00:37:36.203		0.79306			4
2026.03.19	00:37:40.465		0.79307			4
2026.03.19	00:37:40.765		0.79308			4
2026.03.19	00:37:43.767	0.79200				2
2026.03.19	00:37:55.155		0.79307			4
2026.03.19	00:37:58.156		0.79308			4
2026.03.19	00:38:00.554	0.79200				2
2026.03.19	00:38:11.379		0.79310			4
2026.03.19	00:38:11.678		0.79311			4
2026.03.19	00:38:20.956		0.79308			4
2026.03.19	00:38:38.956	0.79198				2
2026.03.19	00:38:56.800		0.79311			4
2026.03.19	00:39:00.555	0.79198				2
2026.03.19	00:39:05.902		0.79309			4
2026.03.19	00:39:06.202		0.79308			4
2026.03.19	00:39:22.038		0.79306			4
2026.03.19	00:39:22.338		0.79305			4
2026.03.19	00:39:33.769	0.79197				2
2026.03.19	00:39:39.255		0.79304			4
2026.03.19	00:39:41.484		0.79307			4
2026.03.19	00:39:41.787		0.79308			4
2026.03.19	00:39:50.956		0.79305			4
2026.03.19	00:40:00.256	0.79197				2
2026.03.19	00:40:26.338		0.79308			4
2026.03.19	00:40:30.556		0.79309			4
2026.03.19	00:40:36.202		0.79305			4
2026.03.19	00:40:51.856		0.79304			4
2026.03.19	00:40:53.957		0.79305			4
2026.03.19	00:41:00.340	0.79197				2
2026.03.19	00:41:11.588		0.79308			4
2026.03.19	00:41:16.455		0.79309			4
2026.03.19	00:41:20.904		0.79306			4
2026.03.19	00:41:21.203		0.79305			4
2026.03.19	00:41:23.956	0.79198				2
2026.03.19	00:41:39.390		0.79306			4
2026.03.19	00:41:41.257		0.79307			4
2026.03.19	00:41:46.457		0.79305			4
2026.03.19	00:41:56.460		0.79308			4
2026.03.19	00:41:58.761		0.79309			4
2026.03.19	00:42:00.100	0.79198				2
2026.03.19	00:42:06.202		0.79305			4
2026.03.19	00:42:16.756		0.79304			4
2026.03.19	00:42:17.056		0.79305			4
2026.03.19	00:42:18.907	0.79197				2
2026.03.19	00:42:24.160		0.79306			4
2026.03.19	00:42:24.461		0.79309			4
2026.03.19	00:42:24.761		0.79307			4
2026.03.19	00:42:26.485		0.79310			4
2026.03.19	00:42:27.101		0.79307			4
2026.03.19	00:42:29.518		0.79306			4
2026.03.19	00:42:46.155		0.79307			4
2026.03.19	00:42:50.356		0.79308			4
2026.03.19	00:42:51.171		0.79306			4
2026.03.19	00:42:57.768		0.79307			4
2026.03.19	00:42:58.069		0.79308			4
2026.03.19	00:43:00.160	0.79197				2
2026.03.19	00:43:02.984		0.79321			4
2026.03.19	00:43:06.160		0.79317			4
2026.03.19	00:43:13.774	0.79196				2
2026.03.19	00:43:41.656	0.79169	0.79304			6
2026.03.19	00:43:43.631	0.79162	0.79318			6
2026.03.19	00:44:00.339	0.79162				2
2026.03.19	00:44:38.633	0.79165				2
2026.03.19	00:44:43.755		0.79318			4
2026.03.19	00:45:00.622	0.79165				2
2026.03.19	00:45:03.036	0.79168				2
2026.03.19	00:45:03.337	0.79177	0.79345			6
2026.03.19	00:45:06.654	0.79165	0.79318			6
2026.03.19	00:45:33.634	0.79171				2
2026.03.19	00:45:49.320		0.79322			4
2026.03.19	00:45:49.620		0.79329			4
2026.03.19	00:45:52.105		0.79332			4
2026.03.19	00:45:53.747		0.79331			4
2026.03.19	00:45:55.455		0.79330			4
2026.03.19	00:45:58.736		0.79333			4
2026.03.19	00:46:00.339	0.79171				2
2026.03.19	00:46:01.430		0.79332			4
2026.03.19	00:46:02.583		0.79331			4
2026.03.19	00:46:02.883		0.79329			4
2026.03.19	00:46:04.251		0.79331			4
2026.03.19	00:46:04.840		0.79329			4
2026.03.19	00:46:05.251		0.79331			4
2026.03.19	00:46:05.841		0.79329			4
2026.03.19	00:46:15.396		0.79326			4
2026.03.19	00:46:17.533		0.79325			4
2026.03.19	00:46:17.834		0.79326			4
2026.03.19	00:46:20.738		0.79327			4
2026.03.19	00:46:26.056		0.79328			4
2026.03.19	00:46:28.634	0.79165				2
2026.03.19	00:46:36.475		0.79327			4
2026.03.19	00:46:42.313		0.79328			4
2026.03.19	00:46:58.154		0.79327			4
2026.03.19	00:47:00.339	0.79165				2
2026.03.19	00:47:02.513		0.79326			4
2026.03.19	00:47:03.117	0.79189	0.79355			6
2026.03.19	00:47:06.120	0.79165	0.79326			6
2026.03.19	00:47:06.886		0.79327			4
2026.03.19	00:47:14.055		0.79328			4
2026.03.19	00:47:22.821		0.79327			4
2026.03.19	00:47:23.121		0.79328			4
2026.03.19	00:47:39.559		0.79327			4
2026.03.19	00:47:41.957		0.79328			4
2026.03.19	00:47:48.855		0.79329			4
2026.03.19	00:48:01.754	0.79165				2
2026.03.19	00:48:18.636	0.79162				2
2026.03.19	00:48:18.937		0.79328			4
2026.03.19	00:48:19.329		0.79329			4
2026.03.19	00:48:20.354		0.79328			4
2026.03.19	00:48:20.654		0.79329			4
2026.03.19	00:48:21.817		0.79328			4
2026.03.19	00:48:22.455		0.79329			4
2026.03.19	00:48:27.857		0.79328			4
2026.03.19	00:48:32.323		0.79329			4
2026.03.19	00:48:32.626		0.79327			4
2026.03.19	00:48:33.625		0.79328			4
2026.03.19	00:48:38.355		0.79327			4
2026.03.19	00:48:41.655		0.79328			4
2026.03.19	00:48:41.955		0.79327			4
2026.03.19	00:48:44.656		0.79328			4
2026.03.19	00:48:46.259		0.79326			4
2026.03.19	00:48:51.855		0.79325			4
2026.03.19	00:48:59.657		0.79326			4
2026.03.19	00:49:00.339	0.79162				2
2026.03.19	00:49:05.820		0.79325			4
2026.03.19	00:49:06.620		0.79326			4
2026.03.19	00:49:12.557		0.79327			4
2026.03.19	00:49:13.637	0.79166				2
2026.03.19	00:49:13.941		0.79326			4
2026.03.19	00:49:35.655		0.79325			4
2026.03.19	00:49:46.951		0.79324			4
2026.03.19	00:49:48.255		0.79325			4
2026.03.19	00:49:55.455		0.79324			4
2026.03.19	00:50:00.312	0.79166	0.79323			6
2026.03.19	00:50:02.055		0.79322			4
2026.03.19	00:50:06.503		0.79323			4
2026.03.19	00:50:08.507		0.79322			4
2026.03.19	00:50:09.854		0.79323			4
2026.03.19	00:50:11.774		0.79321			4
2026.03.19	00:50:12.096		0.79323			4
2026.03.19	00:50:12.556		0.79324			4
2026.03.19	00:50:15.546		0.79325			4
2026.03.19	00:50:18.307		0.79326			4
2026.03.19	00:50:20.356		0.79325			4
2026.03.19	00:50:21.254		0.79326			4
2026.03.19	00:50:23.955		0.79325			4
2026.03.19	00:50:24.660		0.79324			4
2026.03.19	00:50:24.963		0.79323			4
2026.03.19	00:50:28.455		0.79324			4
2026.03.19	00:50:29.931		0.79325			4
2026.03.19	00:50:30.237		0.79324			4
2026.03.19	00:50:36.504		0.79325			4
2026.03.19	00:50:40.147	0.79176				2
2026.03.19	00:50:40.448		0.79315			4
2026.03.19	00:50:44.870		0.79321			4
2026.03.19	00:50:46.010		0.79319			4
2026.03.19	00:50:51.357		0.79318			4
2026.03.19	00:50:54.601		0.79317			4
2026.03.19	00:50:56.955		0.79318			4
2026.03.19	00:51:00.340	0.79176				2
2026.03.19	00:51:03.671		0.79319			4
2026.03.19	00:51:04.271		0.79318			4
2026.03.19	00:51:15.855		0.79317			4
2026.03.19	00:51:17.355		0.79318			4
2026.03.19	00:51:17.656		0.79312			4
2026.03.19	00:51:17.957	0.79196				2
2026.03.19	00:51:19.155		0.79311			4
2026.03.19	00:51:19.456		0.79313			4
2026.03.19	00:51:20.205		0.79312			4
2026.03.19	00:51:28.755		0.79311			4
2026.03.19	00:51:29.583		0.79310			4
2026.03.19	00:51:36.555		0.79311			4
2026.03.19	00:51:38.304		0.79317			4
2026.03.19	00:51:38.606		0.79318			4
2026.03.19	00:51:39.454		0.79319			4
2026.03.19	00:51:41.445		0.79318			4
2026.03.19	00:51:45.856		0.79319			4
2026.03.19	00:52:00.256	0.79196	0.79318			6
2026.03.19	00:52:01.757		0.79319			4
2026.03.19	00:52:12.823	0.79197				2
2026.03.19	00:52:21.391		0.79318			4
2026.03.19	00:52:33.010		0.79319			4
2026.03.19	00:52:37.509		0.79318			4
2026.03.19	00:52:54.895		0.79315			4
2026.03.19	00:52:55.195		0.79313			4
2026.03.19	00:52:56.623		0.79312			4
2026.03.19	00:52:56.923		0.79310			4
2026.03.19	00:53:00.173	0.79197				2
2026.03.19	00:53:03.883		0.79311			4
2026.03.19	00:53:05.210		0.79310			4
2026.03.19	00:53:07.456		0.79311			4
2026.03.19	00:53:10.156		0.79310			4
2026.03.19	00:53:11.627		0.79309			4
2026.03.19	00:53:32.034		0.79317			4
2026.03.19	00:53:34.570		0.79318			4
2026.03.19	00:53:45.169		0.79317			4
2026.03.19	00:53:52.455		0.79318			4
2026.03.19	00:53:55.178		0.79319			4
2026.03.19	00:54:00.174	0.79197				2
2026.03.19	00:54:02.823	0.79198				2
2026.03.19	00:54:03.156		0.79315			4
2026.03.19	00:54:03.460		0.79314			4
2026.03.19	00:54:03.763		0.79311			4
2026.03.19	00:54:12.201		0.79310			4
2026.03.19	00:54:14.055		0.79311			4
2026.03.19	00:54:15.154		0.79313			4
2026.03.19	00:54:16.624		0.79311			4
2026.03.19	00:54:20.400		0.79310			4
2026.03.19	00:54:20.701		0.79314			4
2026.03.19	00:54:21.623		0.79311			4
2026.03.19	00:54:21.924		0.79308			4
2026.03.19	00:54:23.060		0.79309			4
2026.03.19	00:54:24.255		0.79311			4
2026.03.19	00:54:25.755		0.79309			4
2026.03.19	00:54:39.855		0.79310			4
2026.03.19	00:54:40.215		0.79309			4
2026.03.19	00:54:43.969		0.79310			4
2026.03.19	00:54:53.404		0.79308			4
2026.03.19	00:54:55.755		0.79307			4
2026.03.19	00:54:58.458		0.79308			4
2026.03.19	00:54:58.783		0.79310			4
2026.03.19	00:54:59.085		0.79309			4
2026.03.19	00:55:00.340	0.79198				2
2026.03.19	00:55:00.856		0.79308			4
2026.03.19	00:55:08.057		0.79311			4
2026.03.19	00:55:08.358		0.79312			4
2026.03.19	00:55:09.265	0.79158	0.79330			6
2026.03.19	00:55:09.563	0.79198	0.79312			6
2026.03.19	00:55:19.592		0.79319			4
2026.03.19	00:55:21.993		0.79320			4
2026.03.19	00:55:27.104		0.79319			4
2026.03.19	00:55:28.008		0.79320			4
2026.03.19	00:55:31.316		0.79319			4
2026.03.19	00:55:33.418		0.79320			4
2026.03.19	00:55:34.919		0.79319			4
2026.03.19	00:55:38.229		0.79320			4
2026.03.19	00:55:40.035		0.79322			4
2026.03.19	00:55:42.741		0.79321			4
2026.03.19	00:55:43.040		0.79322			4
2026.03.19	00:55:47.250		0.79323			4
2026.03.19	00:55:48.456		0.79322			4
2026.03.19	00:55:50.560		0.79323			4
2026.03.19	00:55:52.969	0.79199				2
2026.03.19	00:55:53.878		0.79322			4
2026.03.19	00:55:55.979		0.79323			4
2026.03.19	00:55:58.388		0.79322			4
2026.03.19	00:56:00.193	0.79199				2
2026.03.19	00:56:02.299		0.79323			4
2026.03.19	00:56:28.491		0.79324			4
2026.03.19	00:56:33.604		0.79325			4
2026.03.19	00:56:49.843		0.79324			4
2026.03.19	00:56:50.144		0.79323			4
2026.03.19	00:57:00.072	0.79199				2
2026.03.19	00:57:02.483		0.79322			4
2026.03.19	00:57:08.803		0.79323			4
2026.03.19	00:57:11.205		0.79322			4
2026.03.19	00:57:17.217		0.79323			4
2026.03.19	00:57:19.920		0.79322			4
2026.03.19	00:57:22.327		0.79323			4
2026.03.19	00:57:26.843		0.79324			4
2026.03.19	00:57:43.090	0.79200				2
2026.03.19	00:57:56.303		0.79325			4
2026.03.19	00:58:00.212	0.79200				2
2026.03.19	00:58:07.723		0.79326			4
2026.03.19	00:58:38.111	0.79201				2
2026.03.19	00:58:41.418	0.79168	0.79313			6
2026.03.19	00:58:41.718	0.79167	0.79315			6
2026.03.19	00:58:43.515	0.79169	0.79313			6
2026.03.19	00:58:48.324	0.79168				2
2026.03.19	00:58:54.638	0.79167	0.79314			6
2026.03.19	00:58:56.447	0.79168				2
2026.03.19	00:58:56.755	0.79169	0.79313			6
2026.03.19	00:58:58.556	0.79168	0.79314			6
2026.03.19	00:59:00.055	0.79169	0.79313			6
2026.03.19	00:59:04.584	0.79168				2
2026.03.19	00:59:07.588	0.79166	0.79317			6
2026.03.19	00:59:14.203		0.79322			4
2026.03.19	00:59:16.912		0.79323			4
2026.03.19	00:59:22.621		0.79303			4
2026.03.19	00:59:29.838		0.79301			4
2026.03.19	00:59:34.952		0.79302			4
2026.03.19	00:59:36.458	0.79163				2
2026.03.19	00:59:37.666		0.79301			4
2026.03.19	00:59:43.980		0.79300			4
2026.03.19	00:59:45.785		0.79299			4
2026.03.19	00:59:49.395		0.79305			4
2026.03.19	00:59:51.503		0.79304			4
2026.03.19	00:59:58.115	0.79165				2
2026.03.19	00:59:58.418		0.79301			4
2026.03.19	00:59:58.715		0.79303			4
2026.03.19	01:00:00.223	0.79163	0.79315			6
2026.03.19	01:00:00.528		0.79330			4
2026.03.19	01:00:01.421	0.79153	0.79338			6
2026.03.19	01:00:02.028		0.79346			4
2026.03.19	01:00:02.325	0.79167	0.79330			6
2026.03.19	01:00:02.626	0.79180				2
2026.03.19	01:00:02.925	0.79181	0.79329			6
2026.03.19	01:00:03.223	0.79182	0.79328			6
2026.03.19	01:00:03.525	0.79183	0.79361			6
2026.03.19	01:00:03.825	0.79182				2
2026.03.19	01:00:04.127	0.79183	0.79371			6
2026.03.19	01:00:05.323		0.79370			4
2026.03.19	01:00:05.629	0.79199	0.79360			6
2026.03.19	01:00:05.929	0.79200	0.79359			6
2026.03.19	01:00:06.227		0.79358			4
2026.03.19	01:00:06.526		0.79359			4
2026.03.19	01:00:07.129	0.79194	0.79339			6
2026.03.19	01:00:07.424	0.79196	0.79351			6
2026.03.19	01:00:07.725	0.79202				2
2026.03.19	01:00:08.028	0.79210				2
2026.03.19	01:00:09.529	0.79214	0.79350			6
2026.03.19	01:00:11.334		0.79339			4
2026.03.19	01:00:11.631		0.79350			4
2026.03.19	01:00:11.931	0.79215				2
2026.03.19	01:00:12.827		0.79349			4
2026.03.19	01:00:20.643	0.79216	0.79346			6
2026.03.19	01:00:22.144		0.79331			4
2026.03.19	01:00:28.746	0.79218	0.79332			6
2026.03.19	01:00:31.455	0.79245				2
2026.03.19	01:00:35.664		0.79331			4
2026.03.19	01:00:38.671	0.79240	0.79329			6
2026.03.19	01:00:38.969		0.79331			4
2026.03.19	01:00:40.472	0.79232	0.79324			6
2026.03.19	01:00:40.770		0.79331			4
2026.03.19	01:00:41.966		0.79330			4
2026.03.19	01:00:42.265		0.79326			4
2026.03.19	01:00:52.489		0.79325			4
2026.03.19	01:00:52.785		0.79324			4
2026.03.19	01:00:56.994		0.79321			4
2026.03.19	01:00:58.796		0.79322			4
2026.03.19	01:01:00.300	0.79232				2
2026.03.19	01:01:03.304	0.79241				2
2026.03.19	01:01:03.602		0.79315			4
2026.03.19	01:01:06.304	0.79257	0.79308			6
2026.03.19	01:01:08.703	0.79244	0.79310			6
2026.03.19	01:01:09.303		0.79309			4
2026.03.19	01:01:09.603	0.79241	0.79311			6
2026.03.19	01:01:19.509		0.79308			4
2026.03.19	01:01:24.317		0.79309			4
2026.03.19	01:01:24.619		0.79308			4
2026.03.19	01:01:25.521		0.79309			4
2026.03.19	01:01:26.417		0.79307			4
2026.03.19	01:01:27.019		0.79311			4
2026.03.19	01:01:28.821	0.79242	0.79312			6
2026.03.19	01:01:29.425	0.79243	0.79314			6
2026.03.19	01:01:30.323	0.79244				2
2026.03.19	01:01:33.324	0.79245	0.79313			6
2026.03.19	01:01:39.629	0.79241	0.79315			6
2026.03.19	01:01:40.832		0.79311			4
2026.03.19	01:01:41.431		0.79310			4
2026.03.19	01:01:42.033		0.79309			4
2026.03.19	01:01:43.236		0.79307			4
2026.03.19	01:01:46.553		0.79309			4
2026.03.19	01:01:51.057		0.79311			4
2026.03.19	01:01:54.666	0.79239				2
2026.03.19	01:01:57.367		0.79313			4
2026.03.19	01:02:00.068	0.79239	0.79309			6
2026.03.19	01:02:01.267		0.79308			4
2026.03.19	01:02:05.172		0.79310			4
2026.03.19	01:02:06.376		0.79311			4
2026.03.19	01:02:15.393		0.79312			4
2026.03.19	01:02:18.694		0.79309			4
2026.03.19	01:02:19.595	0.79240	0.79315			6
2026.03.19	01:02:20.198	0.79239	0.79309			6
2026.03.19	01:02:20.494	0.79240	0.79315			6
2026.03.19	01:02:22.002	0.79239	0.79309			6
2026.03.19	01:02:22.603	0.79240	0.79315			6
2026.03.19	01:02:23.204	0.79239	0.79309			6
2026.03.19	01:02:33.717		0.79310			4
2026.03.19	01:02:39.128	0.79242				2
2026.03.19	01:02:42.128	0.79241				2
2026.03.19	01:02:48.734	0.79239				2
2026.03.19	01:02:49.637	0.79238				2
2026.03.19	01:02:55.043	0.79239				2
2026.03.19	01:02:55.644	0.79238				2
2026.03.19	01:02:59.546	0.79237	0.79308			6
2026.03.19	01:02:59.844	0.79239				2
2026.03.19	01:03:00.151	0.79239				2
2026.03.19	01:03:00.446		0.79309			4
2026.03.19	01:03:03.151		0.79308			4
2026.03.19	01:03:03.750	0.79240				2
2026.03.19	01:03:05.558	0.79239				2
2026.03.19	01:03:06.457	0.79237				2
2026.03.19	01:03:07.056	0.79238				2
2026.03.19	01:03:09.161	0.79240				2
2026.03.19	01:03:09.763	0.79236	0.79301			6
2026.03.19	01:03:10.058	0.79239				2
2026.03.19	01:03:13.070	0.79238				2
2026.03.19	01:03:13.972		0.79305			4
2026.03.19	01:03:14.878	0.79239				2
2026.03.19	01:03:18.479		0.79304			4
2026.03.19	01:03:19.082		0.79301			4
2026.03.19	01:03:20.883	0.79236	0.79303			6
2026.03.19	01:03:22.992		0.79300			4
2026.03.19	01:03:25.093		0.79303			4
2026.03.19	01:03:26.596	0.79237				2
2026.03.19	01:03:26.896	0.79236				2
2026.03.19	01:03:30.199	0.79237				2
2026.03.19	01:03:31.403	0.79239	0.79304			6
2026.03.19	01:03:32.005	0.79244	0.79306			6
2026.03.19	01:03:32.297	0.79241	0.79309			6
2026.03.19	01:03:32.897		0.79306			4
2026.03.19	01:03:33.201	0.79242	0.79307			6
2026.03.19	01:03:36.504	0.79241				2
2026.03.19	01:03:38.005	0.79242				2
2026.03.19	01:03:38.609	0.79238	0.79301			6
2026.03.19	01:03:38.917	0.79240	0.79303			6
2026.03.19	01:03:39.211	0.79241				2
2026.03.19	01:03:39.811	0.79242				2
2026.03.19	01:03:41.317	0.79241				2
2026.03.19	01:03:42.215		0.79302			4
2026.03.19	01:03:42.517	0.79243				2
2026.03.19	01:03:44.013	0.79242				2
2026.03.19	01:03:45.814	0.79244				2
2026.03.19	01:03:48.820	0.79245				2
2026.03.19	01:03:53.021	0.79244				2
2026.03.19	01:03:55.122		0.79301			4
2026.03.19	01:03:55.425	0.79245	0.79305			6
2026.03.19	01:03:56.329		0.79300			4
2026.03.19	01:03:57.532	0.79246				2
2026.03.19	01:03:59.034	0.79247	0.79299			6
2026.03.19	01:03:59.338		0.79301			4
2026.03.19	01:04:00.237	0.79247				2
2026.03.19	01:04:07.149	0.79248	0.79300			6
2026.03.19	01:04:08.343	0.79245				2
2026.03.19	01:04:08.951		0.79303			4
2026.03.19	01:04:10.749	0.79246				2
2026.03.19	01:04:11.651	0.79245				2
2026.03.19	01:04:12.848	0.79246				2
2026.03.19	01:04:14.054		0.79305			4
2026.03.19	01:04:16.456	0.79247				2
2026.03.19	01:04:18.261	0.79246				2
2026.03.19	01:04:19.473	0.79245	0.79301			6
2026.03.19	01:04:20.076		0.79303			4
2026.03.19	01:04:24.281	0.79246				2
2026.03.19	01:04:25.783	0.79247				2
2026.03.19	01:04:26.086	0.79245				2
2026.03.19	01:04:26.380	0.79246	0.79307			6
2026.03.19	01:04:28.492	0.79247				2
2026.03.19	01:04:29.393		0.79308			4
2026.03.19	01:04:30.595	0.79248				2
2026.03.19	01:04:31.793	0.79247				2
2026.03.19	01:04:36.904	0.79248				2
2026.03.19	01:04:38.408		0.79307			4
2026.03.19	01:04:39.007		0.79308			4
2026.03.19	01:04:39.309		0.79307			4
2026.03.19	01:04:40.504		0.79308			4
2026.03.19	01:04:40.808		0.79307			4
2026.03.19	01:04:41.107	0.79249	0.79309			6
2026.03.19	01:04:41.405	0.79247	0.79306			6
2026.03.19	01:04:43.207	0.79246				2
2026.03.19	01:04:45.015		0.79304			4
2026.03.19	01:04:46.814		0.79305			4
2026.03.19	01:04:48.017	0.79248				2
2026.03.19	01:04:48.317	0.79247				2
2026.03.19	01:04:49.518	0.79246				2
2026.03.19	01:04:51.017		0.79307			4
2026.03.19	01:04:51.321	0.79252	0.79305			6
2026.03.19	01:04:54.624	0.79253				2
2026.03.19	01:04:55.527		0.79303			4
2026.03.19	01:04:56.127		0.79307			4
2026.03.19	01:04:56.426		0.79310			4
2026.03.19	01:04:57.331		0.79307			4
2026.03.19	01:04:57.929	0.79254				2
2026.03.19	01:04:58.528		0.79303			4
2026.03.19	01:04:59.431	0.79253				2
2026.03.19	01:05:00.036	0.79253				2
2026.03.19	01:05:00.935		0.79301			4
2026.03.19	01:05:01.231	0.79254				2
2026.03.19	01:05:03.034		0.79304			4
2026.03.19	01:05:03.334	0.79255	0.79308			6
2026.03.19	01:05:03.633		0.79310			4
2026.03.19	01:05:03.940		0.79308			4
2026.03.19	01:05:04.235	0.79254				2
2026.03.19	01:05:06.044	0.79262	0.79317			6
2026.03.19	01:05:06.344	0.79247	0.79313			6
2026.03.19	01:05:06.644		0.79315			4
2026.03.19	01:05:07.243		0.79316			4
2026.03.19	01:05:07.545		0.79315			4
2026.03.19	01:05:08.140		0.79316			4
2026.03.19	01:05:09.046		0.79314			4
2026.03.19	01:05:09.348	0.79255	0.79319			6
2026.03.19	01:05:10.250		0.79318			4
2026.03.19	01:05:10.851		0.79313			4
2026.03.19	01:05:11.151		0.79314			4
2026.03.19	01:05:11.751		0.79316			4
2026.03.19	01:05:13.856		0.79319			4
2026.03.19	01:05:15.361		0.79315			4
2026.03.19	01:05:16.863		0.79311			4
2026.03.19	01:05:17.766		0.79308			4
2026.03.19	01:05:18.969		0.79316			4
2026.03.19	01:05:21.382		0.79310			4
2026.03.19	01:05:23.183		0.79315			4
2026.03.19	01:05:25.284		0.79310			4
2026.03.19	01:05:25.880		0.79311			4
2026.03.19	01:05:26.182		0.79320			4
2026.03.19	01:05:33.399		0.79318			4
2026.03.19	01:05:34.294		0.79316			4
2026.03.19	01:05:35.501		0.79320			4
2026.03.19	01:05:36.101		0.79315			4
2026.03.19	01:05:37.003		0.79317			4
2026.03.19	01:05:37.298		0.79320			4
2026.03.19	01:05:38.203		0.79315			4
2026.03.19	01:05:39.399		0.79310			4
2026.03.19	01:05:39.701		0.79312			4
2026.03.19	01:05:40.005		0.79310			4
2026.03.19	01:05:41.207		0.79312			4
2026.03.19	01:05:41.509		0.79313			4
2026.03.19	01:05:43.309		0.79311			4
2026.03.19	01:05:44.210	0.79263				2
2026.03.19	01:05:44.508		0.79315			4
2026.03.19	01:05:46.615		0.79313			4
2026.03.19	01:05:46.913		0.79315			4
2026.03.19	01:05:47.218	0.79262				2
2026.03.19	01:05:47.516		0.79310			4
2026.03.19	01:05:49.316		0.79312			4
2026.03.19	01:05:53.821		0.79314			4
2026.03.19	01:05:54.123	0.79263				2
2026.03.19	01:05:54.421		0.79312			4
2026.03.19	01:05:55.326	0.79262				2
2026.03.19	01:05:55.622		0.79310			4
2026.03.19	01:05:56.225	0.79263				2
2026.03.19	01:05:57.428		0.79314			4
2026.03.19	01:05:58.030	0.79264				2
2026.03.19	01:05:58.936		0.79316			4
2026.03.19	01:06:00.142	0.79263	0.79311			6
2026.03.19	01:06:01.339		0.79312			4
2026.03.19	01:06:04.341		0.79316			4
2026.03.19	01:06:10.652		0.79315			4
2026.03.19	01:06:10.948		0.79312			4
2026.03.19	01:06:11.849		0.79313			4
2026.03.19	01:06:12.758		0.79311			4
2026.03.19	01:06:13.055		0.79314			4
2026.03.19	01:06:13.959		0.79313			4
2026.03.19	01:06:18.169		0.79312			4
2026.03.19	01:06:19.367		0.79314			4
2026.03.19	01:06:22.073		0.79310			4
2026.03.19	01:06:22.975		0.79311			4
2026.03.19	01:06:26.284	0.79262	0.79312			6
2026.03.19	01:06:28.089		0.79311			4
2026.03.19	01:06:28.990		0.79314			4
2026.03.19	01:06:31.692	0.79268				2
2026.03.19	01:06:32.293	0.79267				2
2026.03.19	01:06:34.099	0.79268	0.79312			6
2026.03.19	01:06:34.701	0.79262				2
2026.03.19	01:06:42.205	0.79269				2
2026.03.19	01:06:43.109	0.79262				2
2026.03.19	01:06:48.516	0.79267	0.79309			6
2026.03.19	01:06:58.443		0.79303			4
2026.03.19	01:07:00.246	0.79267				2
2026.03.19	01:07:03.552	0.79268	0.79315			6
2026.03.19	01:07:06.559	0.79269				2
2026.03.19	01:07:09.876		0.79319			4
2026.03.19	01:07:11.081	0.79268	0.79320			6
2026.03.19	01:07:11.681		0.79318			4
2026.03.19	01:07:12.282	0.79269				2
2026.03.19	01:07:12.884	0.79268	0.79314			6
2026.03.19	01:07:16.793	0.79267				2
2026.03.19	01:07:17.996		0.79311			4
2026.03.19	01:07:18.898	0.79264				2
2026.03.19	01:07:22.804	0.79261	0.79306			6
2026.03.19	01:07:23.704		0.79312			4
2026.03.19	01:07:24.004	0.79262				2
2026.03.19	01:07:25.503	0.79261	0.79313			6
2026.03.19	01:07:25.803	0.79264	0.79315			6
2026.03.19	01:07:33.918		0.79312			4
2026.03.19	01:07:34.820	0.79263				2
2026.03.19	01:07:37.819	0.79264				2
2026.03.19	01:07:38.720		0.79306			4
2026.03.19	01:07:40.524		0.79304			4
2026.03.19	01:07:41.427	0.79263				2
2026.03.19	01:07:43.528	0.79264	0.79298			6
2026.03.19	01:07:44.131	0.79262	0.79297			6
2026.03.19	01:07:45.034	0.79263				2
2026.03.19	01:07:52.265	0.79264	0.79301			6
2026.03.19	01:07:53.166	0.79265				2
2026.03.19	01:07:54.671	0.79269	0.79302			6
2026.03.19	01:07:54.974	0.79268	0.79305			6
2026.03.19	01:08:00.088	0.79268				2
2026.03.19	01:08:00.389	0.79269				2
2026.03.19	01:08:04.895	0.79268	0.79300			6
2026.03.19	01:08:05.198	0.79270	0.79317			6
2026.03.19	01:08:12.414		0.79316			4
2026.03.19	01:08:15.417	0.79271	0.79317			6
2026.03.19	01:08:19.633	0.79272				2
2026.03.19	01:08:20.235		0.79318			4
2026.03.19	01:08:27.155	0.79271				2
2026.03.19	01:08:27.756	0.79272				2
2026.03.19	01:08:39.493	0.79273	0.79319			6
2026.03.19	01:08:39.796	0.79272	0.79315			6
2026.03.19	01:08:42.799		0.79311			4
2026.03.19	01:08:48.807	0.79273				2
2026.03.19	01:08:53.609	0.79272				2
2026.03.19	01:08:54.809		0.79317			4
2026.03.19	01:09:00.231	0.79272	0.79316			6
2026.03.19	01:09:01.732		0.79312			4
2026.03.19	01:09:03.234	0.79273				2
2026.03.19	01:09:03.535		0.79309			4
2026.03.19	01:09:09.858	0.79272	0.79316			6
2026.03.19	01:09:22.778		0.79308			4
2026.03.19	01:09:23.382	0.79273				2
2026.03.19	01:09:32.100	0.79274				2
2026.03.19	01:09:33.603	0.79273				2
2026.03.19	01:09:48.321	0.79272				2
2026.03.19	01:09:48.925	0.79273				2
2026.03.19	01:09:50.428		0.79309			4
2026.03.19	01:09:59.170	0.79274				2
2026.03.19	01:10:00.076	0.79274				2
2026.03.19	01:10:00.375	0.79278				2
2026.03.19	01:10:00.674	0.79273				2
2026.03.19	01:10:00.977	0.79277				2
2026.03.19	01:10:01.878	0.79273				2
2026.03.19	01:10:02.178	0.79277				2
2026.03.19	01:10:03.079	0.79273				2
2026.03.19	01:10:03.383	0.79277				2
2026.03.19	01:10:04.283	0.79273				2
2026.03.19	01:10:04.584	0.79278				2
2026.03.19	01:10:05.789	0.79273				2
2026.03.19	01:10:06.090	0.79277				2
2026.03.19	01:10:06.992	0.79276				2
2026.03.19	01:10:07.592	0.79278				2
2026.03.19	01:10:09.394		0.79307			4
2026.03.19	01:10:11.500	0.79277				2
2026.03.19	01:10:13.307	0.79278				2
2026.03.19	01:10:15.105	0.79277				2
2026.03.19	01:10:15.406	0.79280				2
2026.03.19	01:10:16.908	0.79278				2
2026.03.19	01:10:17.811	0.79277				2
2026.03.19	01:10:18.106	0.79279				2
2026.03.19	01:10:18.407	0.79274				2
2026.03.19	01:10:18.710	0.79282				2
2026.03.19	01:10:19.007	0.79277				2
2026.03.19	01:10:19.309	0.79274				2
2026.03.19	01:10:22.015	0.79286	0.79317			6
2026.03.19	01:10:22.617	0.79287				2
2026.03.19	01:10:22.916	0.79286	0.79318			6
2026.03.19	01:10:23.216	0.79285	0.79319			6
2026.03.19	01:10:23.819	0.79287	0.79318			6
2026.03.19	01:10:25.020		0.79322			4
2026.03.19	01:10:33.450	0.79282	0.79319			6
2026.03.19	01:10:33.748	0.79281	0.79316			6
2026.03.19	01:10:34.048	0.79282				2
2026.03.19	01:10:34.952	0.79281				2
2026.03.19	01:10:35.257	0.79279	0.79312			6
2026.03.19	01:10:35.854	0.79280				2
2026.03.19	01:10:39.471	0.79281				2
2026.03.19	01:10:46.091	0.79278				2
2026.03.19	01:10:47.593	0.79286				2
2026.03.19	01:10:48.195		0.79314			4
2026.03.19	01:10:49.703	0.79287	0.79319			6
2026.03.19	01:10:50.004	0.79286	0.79320			6
2026.03.19	01:10:50.301	0.79284				2
2026.03.19	01:10:51.507	0.79283				2
2026.03.19	01:10:52.405	0.79284				2
2026.03.19	01:10:53.311	0.79283				2
2026.03.19	01:10:56.618	0.79284				2
2026.03.19	01:10:57.816	0.79283				2
2026.03.19	01:10:58.116	0.79284				2
2026.03.19	01:10:59.918	0.79283				2
2026.03.19	01:11:00.224	0.79283				2
2026.03.19	01:11:01.421	0.79284				2
2026.03.19	01:11:05.323		0.79319			4
2026.03.19	01:11:12.845	0.79285	0.79318			6
2026.03.19	01:11:13.746	0.79286				2
2026.03.19	01:11:16.756		0.79319			4
2026.03.19	01:11:18.864	0.79289	0.79315			6
2026.03.19	01:11:19.168	0.79292	0.79321			6
2026.03.19	01:11:20.667	0.79291				2
2026.03.19	01:11:21.268	0.79288				2
2026.03.19	01:11:21.568	0.79291				2
2026.03.19	01:11:23.072	0.79292				2
2026.03.19	01:11:26.378		0.79322			4
2026.03.19	01:11:26.681	0.79287				2
2026.03.19	01:11:26.983	0.79292				2
2026.03.19	01:11:36.609		0.79319			4
2026.03.19	01:11:41.414	0.79291	0.79324			6
2026.03.19	01:11:41.712	0.79296				2
2026.03.19	01:11:42.014	0.79290	0.79327			6
2026.03.19	01:11:42.315	0.79294				2
2026.03.19	01:11:42.612	0.79292	0.79320			6
2026.03.19	01:11:47.113	0.79293				2
2026.03.19	01:11:49.816		0.79319			4
2026.03.19	01:11:54.026		0.79325			4
2026.03.19	01:11:54.626		0.79321			4
2026.03.19	01:11:56.130		0.79323			4
2026.03.19	01:12:00.050	0.79293				2
2026.03.19	01:12:08.479		0.79321			4
2026.03.19	01:12:13.292	0.79299				2
2026.03.19	01:12:13.591		0.79319			4
2026.03.19	01:12:21.404		0.79322			4
2026.03.19	01:12:24.405		0.79321			4
2026.03.19	01:12:26.213		0.79323			4
2026.03.19	01:12:26.514		0.79322			4
2026.03.19	01:12:28.015		0.79321			4
2026.03.19	01:12:33.122		0.79319			4
2026.03.19	01:12:33.423	0.79293	0.79320			6
2026.03.19	01:12:42.152	0.79299				2
2026.03.19	01:12:42.452	0.79301	0.79329			6
2026.03.19	01:12:42.750	0.79304	0.79331			6
2026.03.19	01:12:43.058		0.79333			4
2026.03.19	01:12:43.652		0.79332			4
2026.03.19	01:12:44.251		0.79325			4
2026.03.19	01:12:45.156		0.79324			4
2026.03.19	01:12:46.663		0.79325			4
2026.03.19	01:12:47.267		0.79322			4
2026.03.19	01:12:47.567		0.79328			4
2026.03.19	01:12:47.871		0.79331			4
2026.03.19	01:12:48.172	0.79301	0.79323			6
2026.03.19	01:12:48.468	0.79297	0.79324			6
2026.03.19	01:12:49.371		0.79321			4
2026.03.19	01:12:49.972		0.79323			4
2026.03.19	01:12:52.975	0.79293	0.79321			6
2026.03.19	01:12:53.281	0.79297	0.79320			6
2026.03.19	01:12:53.578	0.79291				2
2026.03.19	01:12:53.877	0.79294	0.79322			6
2026.03.19	01:12:55.079		0.79319			4
2026.03.19	01:12:56.287	0.79292	0.79321			6
2026.03.19	01:12:56.583	0.79298	0.79322			6
2026.03.19	01:12:57.783		0.79323			4
2026.03.19	01:12:58.083		0.79318			4
2026.03.19	01:12:58.683		0.79321			4
2026.03.19	01:13:00.190	0.79298				2
2026.03.19	01:13:01.392		0.79323			4
2026.03.19	01:13:01.694		0.79324			4
2026.03.19	01:13:02.895		0.79323			4
2026.03.19	01:13:06.494		0.79324			4
2026.03.19	01:13:07.699		0.79323			4
2026.03.19	01:13:08.599		0.79324			4
2026.03.19	01:13:09.500		0.79323			4
2026.03.19	01:13:09.804	0.79295	0.79324			6
2026.03.19	01:13:10.402		0.79321			4
2026.03.19	01:13:10.703	0.79291				2
2026.03.19	01:13:20.918		0.79320			4
2026.03.19	01:13:28.129	0.79297				2
2026.03.19	01:13:29.630	0.79300	0.79324			6
2026.03.19	01:13:30.527		0.79322			4
2026.03.19	01:13:33.539		0.79323			4
2026.03.19	01:13:34.140		0.79325			4
2026.03.19	01:13:34.740		0.79324			4
2026.03.19	01:13:41.663	0.79298	0.79320			6
2026.03.19	01:13:57.895	0.79297	0.79321			6
2026.03.19	01:14:00.003	0.79297				2
2026.03.19	01:14:03.000	0.79300	0.79323			6
2026.03.19	01:14:03.902		0.79322			4
2026.03.19	01:14:04.504		0.79321			4
2026.03.19	01:14:04.801		0.79322			4
2026.03.19	01:14:05.708		0.79323			4
2026.03.19	01:14:10.207	0.79304	0.79326			6
2026.03.19	01:14:10.811		0.79324			4
2026.03.19	01:14:11.409		0.79325			4
2026.03.19	01:14:12.015		0.79324			4
2026.03.19	01:14:12.916		0.79325			4
2026.03.19	01:14:15.315	0.79302	0.79322			6
2026.03.19	01:14:25.827		0.79324			4
2026.03.19	01:14:27.327		0.79322			4
2026.03.19	01:14:33.346		0.79321			4
2026.03.19	01:14:37.557		0.79322			4
2026.03.19	01:14:37.856		0.79324			4
2026.03.19	01:14:38.755	0.79304	0.79325			6
2026.03.19	01:14:42.362	0.79307	0.79327			6
2026.03.19	01:14:45.064	0.79298	0.79325			6
2026.03.19	01:14:45.667		0.79320			4
2026.03.19	01:14:46.271		0.79324			4
2026.03.19	01:14:46.566	0.79301				2
2026.03.19	01:14:47.468		0.79325			4
2026.03.19	01:14:48.072	0.79305				2
2026.03.19	01:14:50.172		0.79324			4
2026.03.19	01:14:51.386	0.79302				2
2026.03.19	01:14:57.401	0.79305	0.79327			6
2026.03.19	01:14:57.701	0.79308				2
2026.03.19	01:15:00.101	0.79308				2
2026.03.19	01:15:00.702		0.79326			4
2026.03.19	01:15:06.713		0.79329			4
2026.03.19	01:15:08.212		0.79328			4
2026.03.19	01:15:14.216		0.79329			4
2026.03.19	01:15:15.122	0.79311	0.79331			6
2026.03.19	01:15:21.727		0.79332			4
2026.03.19	01:15:27.435		0.79333			4
2026.03.19	01:15:27.735		0.79335			4
2026.03.19	01:15:31.346		0.79332			4
2026.03.19	01:15:33.143		0.79331			4
2026.03.19	01:15:39.447	0.79309				2
2026.03.19	01:15:39.747		0.79330			4
2026.03.19	01:15:40.051		0.79331			4
2026.03.19	01:15:48.461		0.79330			4
2026.03.19	01:15:50.261		0.79328			4
2026.03.19	01:15:50.559		0.79329			4
2026.03.19	01:15:51.161	0.79303	0.79325			6
2026.03.19	01:15:51.464	0.79300	0.79327			6
2026.03.19	01:15:54.768		0.79326			4
2026.03.19	01:15:55.069		0.79320			4
2026.03.19	01:15:55.368		0.79321			4
2026.03.19	01:15:55.671	0.79297	0.79320			6
2026.03.19	01:16:00.178	0.79297				2
2026.03.19	01:16:03.177	0.79295				2
2026.03.19	01:16:06.783	0.79294				2
2026.03.19	01:16:16.703	0.79295				2
2026.03.19	01:16:22.416	0.79294				2
2026.03.19	01:16:27.225	0.79296	0.79322			6
2026.03.19	01:16:28.422	0.79295				2
2026.03.19	01:16:29.935	0.79294	0.79323			6
2026.03.19	01:16:30.228	0.79299				2
2026.03.19	01:16:32.026		0.79324			4
2026.03.19	01:16:32.925	0.79300				2
2026.03.19	01:16:33.230	0.79298				2
2026.03.19	01:16:34.429	0.79299				2
2026.03.19	01:16:38.337	0.79298				2
2026.03.19	01:16:38.939	0.79297	0.79322			6
2026.03.19	01:16:48.247	0.79296				2
2026.03.19	01:16:49.451	0.79297				2
2026.03.19	01:16:55.478		0.79321			4
2026.03.19	01:16:56.677	0.79299				2
2026.03.19	01:16:57.576	0.79298				2
2026.03.19	01:17:00.281	0.79298				2
2026.03.19	01:17:02.082		0.79322			4
2026.03.19	01:17:04.479	0.79297				2
2026.03.19	01:17:06.285	0.79298				2
2026.03.19	01:17:18.000	0.79296	0.79321			6
2026.03.19	01:17:27.619	0.79292	0.79317			6
2026.03.19	01:17:33.928	0.79293				2
2026.03.19	01:17:42.645		0.79319			4
2026.03.19	01:17:48.351		0.79320			4
2026.03.19	01:17:57.974	0.79294				2
2026.03.19	01:17:59.177		0.79316			4
2026.03.19	01:17:59.478	0.79292				2
2026.03.19	01:18:00.074	0.79292				2
2026.03.19	01:18:03.093	0.79291				2
2026.03.19	01:18:04.292	0.79290	0.79315			6
2026.03.19	01:18:08.199	0.79292				2
2026.03.19	01:18:13.907	0.79291				2
2026.03.19	01:18:17.214	0.79290				2
2026.03.19	01:18:18.418		0.79313			4
2026.03.19	01:18:20.222	0.79289				2
2026.03.19	01:18:27.431	0.79286	0.79311			6
2026.03.19	01:18:28.930	0.79289	0.79315			6
2026.03.19	01:18:29.233	0.79290	0.79316			6
2026.03.19	01:18:33.745	0.79289				2
2026.03.19	01:18:34.946	0.79290				2
2026.03.19	01:18:40.067		0.79318			4
2026.03.19	01:18:40.666		0.79317			4
2026.03.19	01:18:42.473	0.79291				2
2026.03.19	01:18:45.176		0.79315			4
2026.03.19	01:18:46.380	0.79290				2
2026.03.19	01:18:50.883	0.79291				2
2026.03.19	01:18:51.185		0.79314			4
2026.03.19	01:18:52.388	0.79290				2
2026.03.19	01:18:53.293	0.79289				2
2026.03.19	01:18:53.892	0.79290				2
2026.03.19	01:18:55.693		0.79315			4
2026.03.19	01:18:56.292	0.79289				2
2026.03.19	01:18:58.096	0.79290				2
2026.03.19	01:19:00.199	0.79290				2
2026.03.19	01:19:00.499	0.79287	0.79313			6
2026.03.19	01:19:04.105	0.79290				2
2026.03.19	01:19:04.409	0.79291				2
2026.03.19	01:19:05.605	0.79292	0.79314			6
2026.03.19	01:19:08.913	0.79294	0.79317			6
2026.03.19	01:19:09.513	0.79295				2
2026.03.19	01:19:11.315		0.79318			4
2026.03.19	01:19:11.614		0.79319			4
2026.03.19	01:19:12.816		0.79323			4
2026.03.19	01:19:13.416	0.79294				2
2026.03.19	01:19:20.934	0.79291	0.79324			6
2026.03.19	01:19:21.226	0.79293				2
2026.03.19	01:19:21.824	0.79294	0.79326			6
2026.03.19	01:19:27.241	0.79293				2
2026.03.19	01:19:27.542	0.79295				2
2026.03.19	01:19:36.560	0.79293				2
2026.03.19	01:19:36.866		0.79323			4
2026.03.19	01:19:37.759		0.79321			4
2026.03.19	01:19:43.177	0.79295	0.79318			6
2026.03.19	01:19:43.479	0.79293				2
2026.03.19	01:19:46.781	0.79290	0.79323			6
2026.03.19	01:19:47.081	0.79291				2
2026.03.19	01:19:54.293	0.79290				2
2026.03.19	01:19:54.591	0.79292	0.79326			6
2026.03.19	01:19:54.895		0.79325			4
2026.03.19	01:19:56.993	0.79293	0.79323			6
2026.03.19	01:20:00.296	0.79293	0.79322			6
2026.03.19	01:20:00.599		0.79323			4
2026.03.19	01:20:02.405	0.79291				2
2026.03.19	01:20:03.600	0.79290				2
2026.03.19	01:20:10.205	0.79292				2
2026.03.19	01:20:13.812	0.79294				2
2026.03.19	01:20:14.115	0.79292	0.79324			6
2026.03.19	01:20:14.415	0.79294				2
2026.03.19	01:20:15.615	0.79292	0.79326			6
2026.03.19	01:20:18.022	0.79294	0.79325			6
2026.03.19	01:20:24.925	0.79297	0.79329			6
2026.03.19	01:20:32.739	0.79296				2
2026.03.19	01:20:33.038	0.79294	0.79326			6
2026.03.19	01:20:35.741	0.79298	0.79327			6
2026.03.19	01:20:36.042		0.79331			4
2026.03.19	01:20:41.154	0.79303	0.79334			6
2026.03.19	01:20:41.452	0.79302	0.79338			6
2026.03.19	01:20:44.459	0.79305				2
2026.03.19	01:20:48.380	0.79306	0.79336			6
2026.03.19	01:20:48.679	0.79305				2
2026.03.19	01:20:48.978	0.79306				2
2026.03.19	01:20:58.599	0.79307				2
2026.03.19	01:20:58.895	0.79306				2
2026.03.19	01:21:00.098	0.79306				2
2026.03.19	01:21:01.601		0.79334			4
2026.03.19	01:21:02.200	0.79307				2
2026.03.19	01:21:02.506	0.79310	0.79330			6
2026.03.19	01:21:02.807	0.79304				2
2026.03.19	01:21:04.006	0.79310				2
2026.03.19	01:21:08.506	0.79311				2
2026.03.19	01:21:09.110	0.79304				2
2026.03.19	01:21:09.415	0.79307				2
2026.03.19	01:21:12.115	0.79306	0.79331			6
2026.03.19	01:21:13.613	0.79307				2
2026.03.19	01:21:16.321	0.79306				2
2026.03.19	01:21:16.620	0.79307	0.79330			6
2026.03.19	01:21:18.124	0.79308				2
2026.03.19	01:21:19.325	0.79309				2
2026.03.19	01:21:19.624	0.79308	0.79329			6
2026.03.19	01:21:20.820	0.79309	0.79331			6
2026.03.19	01:21:22.026	0.79310				2
2026.03.19	01:21:22.324	0.79309				2
2026.03.19	01:21:22.624	0.79308				2
2026.03.19	01:21:22.924	0.79307				2
2026.03.19	01:21:23.222	0.79308				2
2026.03.19	01:21:24.126	0.79307				2
2026.03.19	01:21:24.426	0.79308				2
2026.03.19	01:21:24.727	0.79309				2
2026.03.19	01:21:25.334	0.79310				2
2026.03.19	01:21:25.632	0.79309				2
2026.03.19	01:21:26.531	0.79311				2
2026.03.19	01:21:27.733	0.79310				2
2026.03.19	01:21:28.333	0.79308	0.79328			6
2026.03.19	01:21:30.738	0.79306				2
2026.03.19	01:21:31.037	0.79308				2
2026.03.19	01:21:37.348	0.79309				2
2026.03.19	01:21:38.558	0.79302	0.79325			6
2026.03.19	01:21:39.455	0.79305				2
2026.03.19	01:21:40.960	0.79306				2
2026.03.19	01:21:46.974	0.79307				2
2026.03.19	01:21:48.175	0.79306				2
2026.03.19	01:21:49.084		0.79324			4
2026.03.19	01:21:51.180	0.79307				2
2026.03.19	01:21:52.381		0.79325			4
2026.03.19	01:21:53.586	0.79306				2
2026.03.19	01:22:00.195	0.79306				2
2026.03.19	01:22:01.401	0.79307	0.79327			6
2026.03.19	01:22:02.600	0.79308				2
2026.03.19	01:22:04.701	0.79307	0.79330			6
2026.03.19	01:22:07.708	0.79308	0.79329			6
2026.03.19	01:22:08.604	0.79307	0.79332			6
2026.03.19	01:22:20.317	0.79308	0.79331			6
2026.03.19	01:22:25.130	0.79309				2
2026.03.19	01:22:25.426	0.79308	0.79328			6
2026.03.19	01:22:28.725	0.79309				2
2026.03.19	01:22:30.226	0.79307	0.79329			6
2026.03.19	01:22:30.828		0.79330			4
2026.03.19	01:22:32.033	0.79308				2
2026.03.19	01:22:33.837	0.79309	0.79328			6
2026.03.19	01:22:34.737		0.79329			4
2026.03.19	01:22:35.038	0.79308				2
2026.03.19	01:22:35.639	0.79309	0.79330			6
2026.03.19	01:22:36.841	0.79308				2
2026.03.19	01:22:37.744	0.79309				2
2026.03.19	01:22:38.945	0.79308				2
2026.03.19	01:22:39.246	0.79303	0.79328			6
2026.03.19	01:22:39.549	0.79306				2
2026.03.19	01:22:42.259		0.79329			4
2026.03.19	01:22:42.555		0.79331			4
2026.03.19	01:22:44.057	0.79305				2
2026.03.19	01:22:45.262	0.79306				2
2026.03.19	01:22:46.764	0.79305	0.79329			6
2026.03.19	01:22:56.981	0.79303	0.79331			6
2026.03.19	01:22:58.186	0.79304				2
2026.03.19	01:23:00.293	0.79305	0.79328			6
2026.03.19	01:23:03.891	0.79304	0.79330			6
2026.03.19	01:23:08.995	0.79303				2
2026.03.19	01:23:10.201	0.79302				2
2026.03.19	01:23:11.098	0.79303				2
2026.03.19	01:23:12.298	0.79306	0.79327			6
2026.03.19	01:23:13.203		0.79328			4
2026.03.19	01:23:17.404	0.79307				2
2026.03.19	01:23:20.705		0.79327			4
2026.03.19	01:23:21.605	0.79306	0.79325			6
2026.03.19	01:23:22.815	0.79304	0.79324			6
2026.03.19	01:23:23.109	0.79303				2
2026.03.19	01:23:29.415	0.79305				2
2026.03.19	01:23:29.720	0.79304				2
2026.03.19	01:23:30.016	0.79305	0.79328			6
2026.03.19	01:23:30.316	0.79306				2
2026.03.19	01:23:34.821	0.79305				2
2026.03.19	01:23:36.326	0.79307				2
2026.03.19	01:23:39.934	0.79306	0.79325			6
2026.03.19	01:23:42.043	0.79305				2
2026.03.19	01:23:48.063	0.79304				2
2026.03.19	01:23:56.489	0.79306	0.79326			6
2026.03.19	01:23:56.790		0.79328			4
2026.03.19	01:23:57.092		0.79330			4
2026.03.19	01:24:00.098	0.79306				2
2026.03.19	01:24:00.398		0.79328			4
2026.03.19	01:24:01.902	0.79304	0.79327			6
2026.03.19	01:24:02.503	0.79303				2
2026.03.19	01:24:04.309	0.79304	0.79325			6
2026.03.19	01:24:05.805	0.79306				2
2026.03.19	01:24:07.005	0.79304				2
2026.03.19	01:24:08.807	0.79305				2
2026.03.19	01:24:10.013	0.79306				2
2026.03.19	01:24:10.313	0.79305	0.79326			6
2026.03.19	01:24:11.514	0.79304				2
2026.03.19	01:24:12.115		0.79327			4
2026.03.19	01:24:12.413		0.79326			4
2026.03.19	01:24:12.715	0.79305				2
2026.03.19	01:24:13.015	0.79304				2
2026.03.19	01:24:15.419	0.79305				2
2026.03.19	01:24:22.031	0.79304	0.79325			6
2026.03.19	01:24:22.632	0.79300	0.79323			6
2026.03.19	01:24:26.849	0.79301				2
2026.03.19	01:24:27.446	0.79300				2
2026.03.19	01:24:32.561	0.79299	0.79322			6
2026.03.19	01:24:32.857	0.79298	0.79321			6
2026.03.19	01:24:34.660		0.79322			4
2026.03.19	01:24:39.472	0.79297				2
2026.03.19	01:24:43.080		0.79320			4
2026.03.19	01:24:50.285	0.79298				2
2026.03.19	01:24:52.088	0.79297				2
2026.03.19	01:24:52.690	0.79296				2
2026.03.19	01:24:52.996	0.79298				2
2026.03.19	01:24:53.890	0.79299	0.79321			6
2026.03.19	01:24:55.092	0.79298				2
2026.03.19	01:24:55.994	0.79297				2
2026.03.19	01:24:57.198	0.79298				2
2026.03.19	01:24:58.101		0.79322			4
2026.03.19	01:24:58.696	0.79299				2
2026.03.19	01:25:00.205	0.79300				2
2026.03.19	01:25:10.118	0.79298	0.79321			6
2026.03.19	01:25:10.418		0.79322			4
2026.03.19	01:25:18.236	0.79297				2
2026.03.19	01:25:23.655		0.79320			4
2026.03.19	01:25:36.888	0.79296				2
2026.03.19	01:25:37.190	0.79297				2
2026.03.19	01:25:39.894	0.79296				2
2026.03.19	01:25:40.492	0.79297	0.79319			6
2026.03.19	01:25:44.099	0.79296				2
2026.03.19	01:25:54.007	0.79293	0.79317			6
2026.03.19	01:25:57.309		0.79318			4
2026.03.19	01:26:00.012	0.79293				2
2026.03.19	01:26:09.320		0.79317			4
2026.03.19	01:26:16.840	0.79294				2
2026.03.19	01:26:17.438	0.79293	0.79315			6
2026.03.19	01:26:18.641	0.79290	0.79314			6
2026.03.19	01:26:29.767	0.79291				2
2026.03.19	01:26:30.068	0.79292				2
2026.03.19	01:26:30.372	0.79290				2
2026.03.19	01:26:30.669	0.79291				2
2026.03.19	01:26:36.088	0.79292				2
2026.03.19	01:26:49.605		0.79315			4
2026.03.19	01:26:55.614	0.79291				2
2026.03.19	01:26:56.216	0.79292				2
2026.03.19	01:26:56.518		0.79313			4
2026.03.19	01:27:00.117	0.79292				2
2026.03.19	01:27:00.419		0.79314			4
2026.03.19	01:27:00.717		0.79315			4
2026.03.19	01:27:04.625	0.79291				2
2026.03.19	01:27:09.739	0.79290				2
2026.03.19	01:27:16.054		0.79316			4
2026.03.19	01:27:16.654		0.79313			4
2026.03.19	01:27:16.954		0.79312			4
2026.03.19	01:27:17.252	0.79291				2
2026.03.19	01:27:22.666		0.79314			4
2026.03.19	01:27:27.480		0.79315			4
2026.03.19	01:27:32.887	0.79292				2
2026.03.19	01:27:36.494	0.79291				2
2026.03.19	01:27:41.899	0.79292				2
2026.03.19	01:27:42.502	0.79291				2
2026.03.19	01:27:46.109	0.79292				2
2026.03.19	01:27:46.405	0.79291				2
2026.03.19	01:27:51.816	0.79292				2
2026.03.19	01:28:00.223	0.79292				2
2026.03.19	01:28:04.435	0.79295	0.79316			6
2026.03.19	01:28:04.737	0.79294	0.79317			6
2026.03.19	01:28:05.031		0.79316			4
2026.03.19	01:28:06.541	0.79293				2
2026.03.19	01:28:15.565		0.79314			4
2026.03.19	01:28:16.769	0.79292	0.79313			6
2026.03.19	01:28:17.068	0.79288	0.79312			6
2026.03.19	01:28:17.367	0.79287	0.79310			6
2026.03.19	01:28:20.368		0.79309			4
2026.03.19	01:28:27.294	0.79288				2
2026.03.19	01:28:28.493	0.79287				2
2026.03.19	01:28:35.411	0.79291				2
2026.03.19	01:28:35.714	0.79290				2
2026.03.19	01:28:36.907		0.79311			4
2026.03.19	01:28:38.112	0.79289				2
2026.03.19	01:28:50.133	0.79290				2
2026.03.19	01:29:00.070	0.79290				2
2026.03.19	01:29:00.367		0.79312			4
2026.03.19	01:29:04.878		0.79315			4
2026.03.19	01:29:05.173	0.79293	0.79317			6
2026.03.19	01:29:09.986	0.79296	0.79318			6
2026.03.19	01:29:12.691	0.79298	0.79324			6
2026.03.19	01:29:20.201		0.79319			4
2026.03.19	01:29:27.713	0.79295				2
2026.03.19	01:29:39.448		0.79318			4
2026.03.19	01:29:52.677		0.79320			4
2026.03.19	01:29:55.684		0.79322			4
2026.03.19	01:29:57.190		0.79321			4
2026.03.19	01:30:00.194	0.79295				2
2026.03.19	01:30:03.194	0.79309	0.79311			6
2026.03.19	01:30:05.296	0.79310				2
2026.03.19	01:30:06.799	0.79295	0.79321			6
2026.03.19	01:30:07.705		0.79322			4
2026.03.19	01:30:08.000		0.79321			4
2026.03.19	01:30:09.501		0.79319			4
2026.03.19	01:30:15.512		0.79321			4
2026.03.19	01:30:17.915		0.79322			4
2026.03.19	01:30:19.715		0.79319			4
2026.03.19	01:30:21.819		0.79318			4
2026.03.19	01:30:22.716	0.79293				2
2026.03.19	01:30:23.019		0.79315			4
2026.03.19	01:30:28.419	0.79290	0.79314			6
2026.03.19	01:30:30.223		0.79313			4
2026.03.19	01:30:32.326		0.79311			4
2026.03.19	01:30:32.624		0.79312			4
2026.03.19	01:30:47.661		0.79310			4
2026.03.19	01:30:50.366		0.79312			4
2026.03.19	01:30:50.965		0.79313			4
2026.03.19	01:31:00.280	0.79290				2
2026.03.19	01:31:02.685		0.79314			4
2026.03.19	01:31:04.191		0.79315			4
2026.03.19	01:31:14.106	0.79293	0.79316			6
2026.03.19	01:32:00.103	0.79293				2
2026.03.19	01:32:09.108	0.79295				2
2026.03.19	01:32:14.214		0.79316			4
2026.03.19	01:32:29.245	0.79297	0.79320			6
2026.03.19	01:32:29.542		0.79319			4
2026.03.19	01:32:41.557		0.79320			4
2026.03.19	01:32:43.059	0.79296	0.79318			6
2026.03.19	01:32:51.480	0.79295				2
2026.03.19	01:33:00.195	0.79295				2
2026.03.19	01:33:38.034	0.79294				2
2026.03.19	01:33:43.150		0.79318			4
2026.03.19	01:33:44.050	0.79295	0.79319			6
2026.03.19	01:33:46.758	0.79294				2
2026.03.19	01:34:00.296	0.79294				2
2026.03.19	01:34:08.706		0.79318			4
2026.03.19	01:34:10.204	0.79297	0.79325			6
2026.03.19	01:34:10.507	0.79300				2
2026.03.19	01:34:15.011		0.79326			4
2026.03.19	01:34:22.217		0.79324			4
2026.03.19	01:34:33.027		0.79322			4
2026.03.19	01:34:33.928	0.79295				2
2026.03.19	01:34:36.632	0.79296				2
2026.03.19	01:34:38.734	0.79298				2
2026.03.19	01:34:55.556		0.79321			4
2026.03.19	01:35:00.067	0.79298	0.79319			6
2026.03.19	01:35:10.283		0.79320			4
2026.03.19	01:35:14.793		0.79321			4
2026.03.19	01:35:24.405		0.79320			4
2026.03.19	01:35:25.006		0.79321			4
2026.03.19	01:35:38.522	0.79296	0.79317			6
2026.03.19	01:35:39.122		0.79316			4
2026.03.19	01:35:40.919	0.79293	0.79314			6
2026.03.19	01:35:42.424		0.79311			4
2026.03.19	01:35:45.134		0.79312			4
2026.03.19	01:35:56.561		0.79311			4
2026.03.19	01:35:56.861	0.79290	0.79309			6
2026.03.19	01:36:00.171	0.79290				2
2026.03.19	01:36:07.082	0.79292	0.79311			6
2026.03.19	01:36:09.482		0.79312			4
2026.03.19	01:36:10.685	0.79293				2
2026.03.19	01:36:17.308	0.79292				2
2026.03.19	01:36:23.018		0.79311			4
2026.03.19	01:36:34.134		0.79310			4
2026.03.19	01:36:34.437		0.79311			4
2026.03.19	01:36:39.845		0.79312			4
2026.03.19	01:36:50.979		0.79311			4
2026.03.19	01:36:57.294		0.79312			4
2026.03.19	01:37:00.296	0.79292				2
2026.03.19	01:37:15.017	0.79291				2
2026.03.19	01:37:23.130	0.79290	0.79309			6
2026.03.19	01:37:33.650		0.79310			4
2026.03.19	01:37:45.379	0.79289				2
2026.03.19	01:37:45.679		0.79308			4
2026.03.19	01:37:48.387	0.79288				2
2026.03.19	01:37:49.884	0.79289				2
2026.03.19	01:37:53.795	0.79288				2
2026.03.19	01:37:54.993	0.79289				2
2026.03.19	01:37:56.798	0.79288				2
2026.03.19	01:37:58.301	0.79289				2
2026.03.19	01:37:59.799	0.79290				2
2026.03.19	01:38:00.100	0.79290				2
2026.03.19	01:38:06.111	0.79289	0.79309			6
2026.03.19	01:38:08.517	0.79291				2
2026.03.19	01:38:11.214		0.79310			4
2026.03.19	01:38:13.317	0.79290				2
2026.03.19	01:38:16.923	0.79291				2
2026.03.19	01:38:18.725	0.79290				2
2026.03.19	01:38:21.128	0.79291				2
2026.03.19	01:38:23.542	0.79290				2
2026.03.19	01:38:30.154	0.79291				2
2026.03.19	01:38:37.974	0.79290	0.79309			6
2026.03.19	01:38:38.274	0.79288				2
2026.03.19	01:38:43.985	0.79289				2
2026.03.19	01:38:46.991	0.79288				2
2026.03.19	01:39:00.212	0.79288				2
2026.03.19	01:39:00.513		0.79308			4
2026.03.19	01:39:06.822		0.79307			4
2026.03.19	01:39:08.325	0.79285	0.79305			6
2026.03.19	01:39:08.629		0.79307			4
2026.03.19	01:39:08.926		0.79302			4
2026.03.19	01:39:10.128	0.79282	0.79301			6
2026.03.19	01:39:11.631		0.79298			4
2026.03.19	01:39:11.929		0.79301			4
2026.03.19	01:39:12.526		0.79304			4
2026.03.19	01:39:22.453		0.79303			4
2026.03.19	01:39:23.056		0.79302			4
2026.03.19	01:39:28.171		0.79303			4
2026.03.19	01:39:29.374		0.79304			4
2026.03.19	01:39:30.581	0.79283				2
2026.03.19	01:39:38.998		0.79303			4
2026.03.19	01:39:41.100	0.79284	0.79307			6
2026.03.19	01:39:43.203		0.79304			4
2026.03.19	01:39:43.509	0.79280	0.79302			6
2026.03.19	01:39:43.801		0.79303			4
2026.03.19	01:39:44.705		0.79304			4
2026.03.19	01:39:52.820		0.79301			4
2026.03.19	01:39:56.728		0.79303			4
2026.03.19	01:40:00.030	0.79280				2
2026.03.19	01:40:00.327		0.79305			4
2026.03.19	01:40:03.631		0.79304			4
2026.03.19	01:40:05.438		0.79301			4
2026.03.19	01:40:06.642		0.79302			4
2026.03.19	01:40:12.359	0.79281	0.79305			6
2026.03.19	01:40:12.961	0.79280	0.79303			6
2026.03.19	01:40:13.261	0.79281	0.79302			6
2026.03.19	01:40:20.778		0.79303			4
2026.03.19	01:40:34.009	0.79280	0.79304			6
2026.03.19	01:40:37.610	0.79281				2
2026.03.19	01:40:43.019	0.79282				2
2026.03.19	01:40:44.515	0.79283	0.79305			6
2026.03.19	01:41:00.159	0.79283				2
2026.03.19	01:41:08.874		0.79307			4
2026.03.19	01:41:10.382	0.79284				2
2026.03.19	01:41:13.084	0.79283				2
2026.03.19	01:41:13.985		0.79306			4
2026.03.19	01:41:20.003	0.79284				2
2026.03.19	01:41:20.308	0.79285	0.79307			6
2026.03.19	01:41:21.206	0.79286				2
2026.03.19	01:41:21.506		0.79308			4
2026.03.19	01:41:23.908		0.79309			4
2026.03.19	01:41:26.011	0.79287				2
2026.03.19	01:41:33.819		0.79308			4
2026.03.19	01:41:35.324	0.79288				2
2026.03.19	01:41:49.756	0.79299				2
2026.03.19	01:41:50.062	0.79288				2
2026.03.19	01:41:50.363	0.79299				2
2026.03.19	01:41:50.964	0.79288				2
2026.03.19	01:41:51.264	0.79299				2
2026.03.19	01:41:51.566	0.79288				2
2026.03.19	01:41:51.860	0.79299				2
2026.03.19	01:41:52.165	0.79288				2
2026.03.19	01:41:52.465	0.79299				2
2026.03.19	01:41:53.062	0.79287				2
2026.03.19	01:41:53.362	0.79298				2
2026.03.19	01:41:53.669	0.79287				2
2026.03.19	01:41:55.470		0.79309			4
2026.03.19	01:41:59.378	0.79288				2
2026.03.19	01:42:00.282	0.79288				2
2026.03.19	01:42:00.584	0.79287				2
2026.03.19	01:42:05.700	0.79286	0.79306			6
2026.03.19	01:42:08.101	0.79285				2
2026.03.19	01:42:08.403	0.79282	0.79308			6
2026.03.19	01:42:08.703	0.79281	0.79302			6
2026.03.19	01:42:08.999	0.79280				2
2026.03.19	01:42:15.017	0.79281				2
2026.03.19	01:42:20.118	0.79280				2
2026.03.19	01:42:23.720		0.79300			4
2026.03.19	01:42:24.021		0.79301			4
2026.03.19	01:42:26.126		0.79303			4
2026.03.19	01:42:26.725		0.79302			4
2026.03.19	01:42:27.328	0.79282	0.79303			6
2026.03.19	01:42:27.630	0.79283	0.79305			6
2026.03.19	01:42:30.033	0.79282				2
2026.03.19	01:42:39.055	0.79283	0.79306			6
2026.03.19	01:42:49.278	0.79284				2
2026.03.19	01:42:57.999		0.79305			4
2026.03.19	01:43:00.106	0.79284				2
2026.03.19	01:43:04.307	0.79283	0.79303			6
2026.03.19	01:43:13.622		0.79301			4
2026.03.19	01:43:16.924	0.79282				2
2026.03.19	01:43:21.744		0.79303			4
2026.03.19	01:43:22.945	0.79281				2
2026.03.19	01:43:26.854	0.79282	0.79302			6
2026.03.19	01:43:27.151	0.79280	0.79300			6
2026.03.19	01:43:27.456	0.79279	0.79299			6
2026.03.19	01:43:28.653	0.79278				2
2026.03.19	01:43:29.257	0.79276				2
2026.03.19	01:43:31.371	0.79277				2
2026.03.19	01:43:34.076	0.79276				2
2026.03.19	01:43:35.577	0.79277				2
2026.03.19	01:43:39.490	0.79278				2
2026.03.19	01:43:39.792	0.79277				2
2026.03.19	01:43:41.293	0.79278				2
2026.03.19	01:43:41.593	0.79276	0.79297			6
2026.03.19	01:43:42.495	0.79277				2
2026.03.19	01:43:43.396	0.79276				2
2026.03.19	01:43:44.602	0.79277				2
2026.03.19	01:43:45.805	0.79276				2
2026.03.19	01:43:49.414		0.79296			4
2026.03.19	01:43:53.315	0.79281				2
2026.03.19	01:43:53.615	0.79276				2
2026.03.19	01:43:55.118	0.79281				2
2026.03.19	01:43:55.714	0.79276				2
2026.03.19	01:43:58.432	0.79274	0.79295			6
2026.03.19	01:43:58.731	0.79275				2
2026.03.19	01:44:00.230	0.79275				2
2026.03.19	01:44:03.533	0.79274				2
2026.03.19	01:44:08.037	0.79275				2
2026.03.19	01:44:08.643	0.79274				2
2026.03.19	01:44:08.940	0.79276				2
2026.03.19	01:44:09.240	0.79275				2
2026.03.19	01:44:10.444	0.79273				2
2026.03.19	01:44:11.344		0.79294			4
2026.03.19	01:44:16.458	0.79272				2
2026.03.19	01:44:17.353	0.79271	0.79293			6
2026.03.19	01:44:18.255	0.79270	0.79291			6
2026.03.19	01:44:23.379	0.79272	0.79293			6
2026.03.19	01:44:30.599		0.79295			4
2026.03.19	01:44:31.197	0.79273				2
2026.03.19	01:44:37.214	0.79274				2
2026.03.19	01:44:38.117		0.79296			4
2026.03.19	01:44:43.221	0.79275				2
2026.03.19	01:44:43.516	0.79274				2
2026.03.19	01:44:43.815	0.79275				2
2026.03.19	01:44:45.619	0.79276				2
2026.03.19	01:44:55.858		0.79295			4
2026.03.19	01:44:59.471	0.79275				2
2026.03.19	01:45:00.075	0.79275				2
2026.03.19	01:45:03.677		0.79293			4
2026.03.19	01:45:04.879	0.79274				2
2026.03.19	01:45:07.885	0.79275				2
2026.03.19	01:45:17.392	0.79274				2
2026.03.19	01:45:19.887	0.79275				2
2026.03.19	01:45:30.586	0.79274				2
2026.03.19	01:45:31.346	0.79273				2
2026.03.19	01:45:31.646		0.79294			4
2026.03.19	01:45:33.557	0.79274				2
2026.03.19	01:45:33.858	0.79273				2
2026.03.19	01:45:44.013		0.79293			4
2026.03.19	01:45:49.455		0.79296			4
2026.03.19	01:45:51.136	0.79275	0.79294			6
2026.03.19	01:45:56.689		0.79296			4
2026.03.19	01:45:56.989		0.79294			4
2026.03.19	01:46:00.004	0.79275				2
2026.03.19	01:46:00.307	0.79274				2
2026.03.19	01:46:06.166	0.79273				2
2026.03.19	01:46:11.549	0.79272				2
2026.03.19	01:46:12.510	0.79273				2
2026.03.19	01:46:13.187	0.79272				2
2026.03.19	01:46:14.055	0.79273				2
2026.03.19	01:46:20.055	0.79272				2
2026.03.19	01:46:20.356	0.79273	0.79292			6
2026.03.19	01:46:24.073	0.79274				2
2026.03.19	01:46:24.677	0.79273				2
2026.03.19	01:46:27.858	0.79275	0.79294			6
2026.03.19	01:46:28.160		0.79296			4
2026.03.19	01:46:30.217	0.79274				2
2026.03.19	01:46:33.191	0.79273				2
2026.03.19	01:46:35.026	0.79274				2
2026.03.19	01:46:35.327		0.79294			4
2026.03.19	01:46:41.922	0.79273				2
2026.03.19	01:46:44.354	0.79274				2
2026.03.19	01:46:52.473		0.79297			4
2026.03.19	01:46:54.027	0.79275				2
2026.03.19	01:47:00.014	0.79275				2
2026.03.19	01:47:10.011	0.79274				2
2026.03.19	01:47:12.399	0.79275				2
2026.03.19	01:47:14.188	0.79274				2
2026.03.19	01:47:14.789		0.79294			4
2026.03.19	01:47:23.962	0.79275				2
2026.03.19	01:47:30.315	0.79276	0.79298			6
2026.03.19	01:47:34.455	0.79275				2
2026.03.19	01:47:36.855	0.79276				2
2026.03.19	01:47:38.955	0.79275				2
2026.03.19	01:47:40.518		0.79296			4
2026.03.19	01:47:45.767	0.79276	0.79295			6
2026.03.19	01:47:50.814		0.79297			4
2026.03.19	01:47:55.754		0.79295			4
2026.03.19	01:47:57.744	0.79274	0.79297			6
2026.03.19	01:47:58.779		0.79295			4
2026.03.19	01:48:00.368	0.79274				2
2026.03.19	01:48:04.949	0.79273				2
2026.03.19	01:48:09.988		0.79294			4
2026.03.19	01:48:15.306		0.79293			4
2026.03.19	01:48:26.302	0.79272				2
2026.03.19	01:48:35.334	0.79273				2
2026.03.19	01:48:36.928	0.79272				2
2026.03.19	01:48:40.138		0.79294			4
2026.03.19	01:48:42.255	0.79273				2
2026.03.19	01:48:44.495	0.79272				2
2026.03.19	01:48:57.957	0.79273				2
2026.03.19	01:49:00.486	0.79273				2
2026.03.19	01:49:22.009	0.79272				2
2026.03.19	01:49:23.533	0.79273				2
2026.03.19	01:49:25.992		0.79292			4
2026.03.19	01:49:28.454	0.79272				2
2026.03.19	01:49:33.043	0.79273				2
2026.03.19	01:49:34.694		0.79294			4
2026.03.19	01:49:35.295	0.79274				2
2026.03.19	01:49:35.896	0.79275	0.79295			6
2026.03.19	01:49:36.497	0.79273				2
2026.03.19	01:49:41.251	0.79275	0.79296			6
2026.03.19	01:49:41.552		0.79294			4
2026.03.19	01:49:42.795		0.79295			4
2026.03.19	01:49:43.095	0.79274	0.79298			6
2026.03.19	01:49:43.395		0.79294			4
2026.03.19	01:49:49.297	0.79273				2
2026.03.19	01:49:49.597	0.79274				2
2026.03.19	01:49:56.291		0.79296			4
2026.03.19	01:50:00.011	0.79274	0.79293			6
2026.03.19	01:50:01.820	0.79276				2
2026.03.19	01:50:02.903	0.79275	0.79294			6
2026.03.19	01:50:03.804		0.79296			4
2026.03.19	01:50:04.105	0.79274				2
2026.03.19	01:50:10.406		0.79295			4
2026.03.19	01:50:14.584	0.79275				2
2026.03.19	01:50:14.887	0.79276				2
2026.03.19	01:50:15.188	0.79275				2
2026.03.19	01:50:28.340		0.79296			4
2026.03.19	01:50:33.023	0.79274				2
2026.03.19	01:50:35.354	0.79275				2
2026.03.19	01:50:35.957	0.79273	0.79292			6
2026.03.19	01:50:36.260	0.79272				2
2026.03.19	01:50:36.861	0.79273	0.79291			6
2026.03.19	01:50:39.855	0.79271	0.79289			6
2026.03.19	01:50:40.155	0.79269	0.79290			6
2026.03.19	01:50:40.455	0.79270				2
2026.03.19	01:50:41.206	0.79269				2
2026.03.19	01:50:44.054	0.79270				2
2026.03.19	01:50:45.146	0.79269				2
2026.03.19	01:50:46.755	0.79270				2
2026.03.19	01:50:50.192		0.79289			4
2026.03.19	01:50:50.847	0.79271				2
2026.03.19	01:50:51.147	0.79270	0.79288			6
2026.03.19	01:50:52.938		0.79289			4
2026.03.19	01:50:57.381	0.79269				2
2026.03.19	01:51:00.192	0.79270				2
2026.03.19	01:51:03.076		0.79290			4
2026.03.19	01:51:06.861		0.79291			4
2026.03.19	01:51:07.163	0.79269	0.79290			6
2026.03.19	01:51:07.464	0.79267				2
2026.03.19	01:51:07.765	0.79266	0.79287			6
2026.03.19	01:51:14.333	0.79265				2
2026.03.19	01:51:16.512	0.79268				2
2026.03.19	01:51:20.535	0.79269				2
2026.03.19	01:51:24.927	0.79268				2
2026.03.19	01:51:25.528		0.79286			4
2026.03.19	01:51:26.315		0.79285			4
2026.03.19	01:51:27.256	0.79269				2
2026.03.19	01:51:38.891	0.79267	0.79289			6
2026.03.19	01:51:39.191	0.79269	0.79288			6
2026.03.19	01:51:48.214	0.79270				2
2026.03.19	01:51:53.851	0.79269	0.79289			6
2026.03.19	01:51:54.356		0.79287			4
2026.03.19	01:51:59.252	0.79270				2
2026.03.19	01:52:00.102	0.79268	0.79285			6
2026.03.19	01:52:36.541	0.79269	0.79286			6
2026.03.19	01:52:38.876		0.79287			4
2026.03.19	01:52:55.511		0.79288			4
2026.03.19	01:53:00.785	0.79269				2
2026.03.19	01:53:01.087		0.79286			4
2026.03.19	01:53:05.383	0.79268				2
2026.03.19	01:53:10.643	0.79269				2
2026.03.19	01:53:44.682	0.79268				2
2026.03.19	01:53:47.697	0.79269				2
2026.03.19	01:53:56.354	0.79268				2
2026.03.19	01:54:00.840	0.79268				2
2026.03.19	01:54:03.856		0.79286			4
2026.03.19	01:54:04.334	0.79267				2
2026.03.19	01:54:05.555		0.79285			4
2026.03.19	01:54:05.857	0.79268				2
2026.03.19	01:54:30.142		0.79286			4
2026.03.19	01:54:30.441		0.79287			4
2026.03.19	01:54:31.221	0.79270				2
2026.03.19	01:54:32.209	0.79269				2
2026.03.19	01:54:32.511	0.79268	0.79289			6
2026.03.19	01:54:34.456	0.79271	0.79290			6
2026.03.19	01:54:34.757	0.79270				2
2026.03.19	01:54:35.060	0.79272				2
2026.03.19	01:54:37.680	0.79270				2
2026.03.19	01:54:37.980	0.79267	0.79287			6
2026.03.19	01:54:38.279	0.79268				2
2026.03.19	01:54:38.881	0.79271	0.79290			6
2026.03.19	01:54:39.180	0.79274				2
2026.03.19	01:54:41.297	0.79273	0.79289			6
2026.03.19	01:54:44.055	0.79274				2
2026.03.19	01:54:54.254	0.79275				2
2026.03.19	01:55:00.015	0.79275	0.79291			6
2026.03.19	01:55:00.742	0.79274				2
2026.03.19	01:55:20.957	0.79273				2
2026.03.19	01:55:25.411		0.79290			4
2026.03.19	01:55:35.723	0.79274				2
2026.03.19	01:55:46.248		0.79289			4
2026.03.19	01:55:47.654	0.79275				2
2026.03.19	01:55:51.238	0.79274				2
2026.03.19	01:55:52.930	0.79273				2
2026.03.19	01:55:55.416		0.79288			4
2026.03.19	01:55:55.717		0.79289			4
2026.03.19	01:55:59.655	0.79274				2
2026.03.19	01:56:00.256	0.79274				2
2026.03.19	01:56:01.429	0.79275				2
2026.03.19	01:56:24.637	0.79276				2
2026.03.19	01:56:29.978		0.79290			4
2026.03.19	01:56:35.167	0.79279	0.79292			6
2026.03.19	01:56:36.138	0.79280	0.79295			6
2026.03.19	01:56:36.739	0.79281	0.79297			6
2026.03.19	01:56:37.640	0.79280				2
2026.03.19	01:56:38.845	0.79281	0.79298			6
2026.03.19	01:56:41.560	0.79280				2
2026.03.19	01:57:00.255	0.79279				2
2026.03.19	01:57:17.955	0.79278				2
2026.03.19	01:57:21.300	0.79279				2
2026.03.19	01:57:23.129	0.79278				2
2026.03.19	01:57:39.091		0.79298			4
2026.03.19	01:57:42.220	0.79277	0.79297			6
2026.03.19	01:57:54.661	0.79278	0.79295			6
2026.03.19	01:58:00.477	0.79278				2
2026.03.19	01:58:03.601	0.79277				2
2026.03.19	01:58:03.902	0.79278				2
2026.03.19	01:58:13.045	0.79277				2
2026.03.19	01:58:16.661	0.79278				2
2026.03.19	01:58:20.842	0.79279				2
2026.03.19	01:58:35.168	0.79278				2
2026.03.19	01:58:43.754	0.79279				2
2026.03.19	01:58:54.058	0.79278				2
2026.03.19	01:58:54.702		0.79295			4
2026.03.19	01:59:00.847	0.79278				2
2026.03.19	01:59:02.422		0.79294			4
2026.03.19	01:59:03.831	0.79279				2
2026.03.19	01:59:04.432		0.79295			4
2026.03.19	01:59:20.860	0.79280				2
2026.03.19	01:59:21.360	0.79279				2
2026.03.19	01:59:21.860	0.79280				2
2026.03.19	01:59:22.860	0.79279				2
2026.03.19	01:59:23.360	0.79280				2
2026.03.19	01:59:23.961	0.79279				2
2026.03.19	01:59:24.359	0.79280				2
2026.03.19	01:59:24.963	0.79279				2
2026.03.19	01:59:30.144	0.79280				2
2026.03.19	01:59:31.144	0.79279				2
2026.03.19	01:59:34.691	0.79280				2
2026.03.19	01:59:45.868	0.79279	0.79294			6
2026.03.19	01:59:47.422		0.79295			4
2026.03.19	01:59:50.355	0.79280				2
2026.03.19	01:59:56.931	0.79279				2
2026.03.19	01:59:57.873		0.79294			4
2026.03.19	02:00:00.042	0.79285	0.79295			6
2026.03.19	02:00:00.644	0.79286				2
2026.03.19	02:00:00.943	0.79288	0.79296			6
2026.03.19	02:00:01.243	0.79287				2
2026.03.19	02:00:01.544	0.79285	0.79295			6
2026.03.19	02:00:04.380	0.79289	0.79299			6
2026.03.19	02:00:05.693	0.79291	0.79301			6
2026.03.19	02:00:06.595	0.79292				2
2026.03.19	02:00:07.196	0.79293	0.79303			6
2026.03.19	02:00:07.496	0.79294				2
2026.03.19	02:00:09.214	0.79293				2
2026.03.19	02:00:12.056	0.79294	0.79304			6
2026.03.19	02:00:12.981	0.79293	0.79303			6
2026.03.19	02:00:16.879	0.79291	0.79299			6
2026.03.19	02:00:18.219		0.79301			4
2026.03.19	02:00:20.177	0.79292				2
2026.03.19	02:00:21.746	0.79289	0.79298			6
2026.03.19	02:00:25.457		0.79297			4
2026.03.19	02:00:25.758	0.79290				2
2026.03.19	02:00:26.813	0.79289				2
2026.03.19	02:00:44.225	0.79287	0.79296			6
2026.03.19	02:00:45.929	0.79288	0.79298			6
2026.03.19	02:00:50.668	0.79287	0.79296			6
2026.03.19	02:00:51.730	0.79288				2
2026.03.19	02:00:52.400	0.79289	0.79297			6
2026.03.19	02:00:55.874		0.79299			4
2026.03.19	02:00:58.173	0.79288				2
2026.03.19	02:00:58.473	0.79287	0.79296			6
2026.03.19	02:01:00.247	0.79287				2
2026.03.19	02:01:00.548	0.79286				2
2026.03.19	02:01:03.687		0.79295			4
2026.03.19	02:01:04.288	0.79285				2
2026.03.19	02:01:13.692	0.79283	0.79292			6
2026.03.19	02:01:13.991	0.79282				2
2026.03.19	02:01:16.932	0.79281				2
2026.03.19	02:01:19.176		0.79290			4
2026.03.19	02:01:21.293		0.79291			4
2026.03.19	02:01:21.593		0.79290			4
2026.03.19	02:01:21.893		0.79291			4
2026.03.19	02:01:23.071	0.79279	0.79289			6
2026.03.19	02:01:23.371	0.79281	0.79290			6
2026.03.19	02:01:24.329	0.79280				2
2026.03.19	02:01:29.880	0.79281				2
2026.03.19	02:01:30.183	0.79280				2
2026.03.19	02:01:33.411	0.79281				2
2026.03.19	02:01:36.105	0.79280				2
2026.03.19	02:01:36.405	0.79281				2
2026.03.19	02:01:43.171	0.79277	0.79286			6
2026.03.19	02:01:48.049	0.79276				2
2026.03.19	02:01:50.402	0.79278	0.79287			6
2026.03.19	02:01:51.489	0.79277	0.79286			6
2026.03.19	02:01:52.690	0.79276				2
2026.03.19	02:02:00.040	0.79276				2
2026.03.19	02:02:01.427	0.79277				2
2026.03.19	02:02:03.818	0.79276				2
2026.03.19	02:02:04.118	0.79275	0.79284			6
2026.03.19	02:02:04.718	0.79271	0.79282			6
2026.03.19	02:02:07.754	0.79272	0.79281			6
2026.03.19	02:02:10.716	0.79270	0.79280			6
2026.03.19	02:02:16.393		0.79281			4
2026.03.19	02:02:17.601	0.79269				2
2026.03.19	02:02:17.903		0.79277			4
2026.03.19	02:02:20.724		0.79279			4
2026.03.19	02:02:21.023	0.79270				2
2026.03.19	02:02:21.940	0.79271	0.79280			6
2026.03.19	02:02:22.241	0.79272	0.79282			6
2026.03.19	02:02:22.542	0.79271	0.79281			6
2026.03.19	02:02:22.843	0.79273	0.79282			6
2026.03.19	02:02:23.143	0.79274				2
2026.03.19	02:02:30.539	0.79276	0.79287			6
2026.03.19	02:02:31.441	0.79279	0.79289			6
2026.03.19	02:02:32.041	0.79278	0.79288			6
2026.03.19	02:02:32.341		0.79286			4
2026.03.19	02:02:34.809	0.79277				2
2026.03.19	02:02:35.762	0.79278	0.79287			6
2026.03.19	02:02:36.063		0.79286			4
2026.03.19	02:02:39.711	0.79279	0.79289			6
2026.03.19	02:02:45.493	0.79277	0.79287			6
2026.03.19	02:02:52.663	0.79276	0.79285			6
2026.03.19	02:02:57.213	0.79275	0.79284			6
2026.03.19	02:02:58.113	0.79272	0.79282			6
2026.03.19	02:02:58.413	0.79271	0.79280			6
2026.03.19	02:02:58.712	0.79270	0.79281			6
2026.03.19	02:02:59.422		0.79280			4
2026.03.19	02:03:00.256	0.79270				2
2026.03.19	02:03:03.599		0.79281			4
2026.03.19	02:03:04.687	0.79273	0.79283			6
2026.03.19	02:03:05.942		0.79282			4
2026.03.19	02:03:15.398	0.79271	0.79280			6
2026.03.19	02:03:15.698	0.79272				2
2026.03.19	02:03:16.424	0.79271				2
2026.03.19	02:03:17.025	0.79272	0.79281			6
2026.03.19	02:03:20.483	0.79273				2
2026.03.19	02:03:20.784	0.79275	0.79283			6
2026.03.19	02:03:21.083		0.79285			4
2026.03.19	02:03:27.694		0.79286			4
2026.03.19	02:03:29.291	0.79274	0.79284			6
2026.03.19	02:03:30.413	0.79273				2
2026.03.19	02:03:33.942	0.79278				2
2026.03.19	02:03:34.353	0.79273				2
2026.03.19	02:03:34.853	0.79278				2
2026.03.19	02:03:35.353	0.79273				2
2026.03.19	02:04:01.755	0.79273				2
2026.03.19	02:04:03.801	0.79274	0.79282			6
2026.03.19	02:04:04.102	0.79273	0.79284			6
2026.03.19	02:04:06.659		0.79282			4
2026.03.19	02:04:15.708		0.79284			4
2026.03.19	02:04:16.580		0.79283			4
2026.03.19	02:04:18.766	0.79272	0.79281			6
2026.03.19	02:04:20.167	0.79271				2
2026.03.19	02:04:22.217	0.79273	0.79282			6
2026.03.19	02:04:23.439		0.79281			4
2026.03.19	02:04:26.518	0.79269	0.79280			6
2026.03.19	02:04:27.120	0.79267	0.79277			6
2026.03.19	02:04:29.502		0.79278			4
2026.03.19	02:04:32.845	0.79266	0.79277			6
2026.03.19	02:04:34.733	0.79267				2
2026.03.19	02:04:38.297	0.79266	0.79276			6
2026.03.19	02:04:38.597	0.79265	0.79275			6
2026.03.19	02:04:43.853	0.79266				2
2026.03.19	02:04:44.153		0.79276			4
2026.03.19	02:04:48.778	0.79265				2
2026.03.19	02:04:49.078	0.79266	0.79275			6
2026.03.19	02:04:54.372		0.79277			4
2026.03.19	02:05:00.149	0.79267	0.79276			6
2026.03.19	02:05:01.064	0.79266				2
2026.03.19	02:05:01.366	0.79267				2
2026.03.19	02:05:03.744	0.79266				2
2026.03.19	02:05:04.582	0.79267				2
2026.03.19	02:05:06.304	0.79271	0.79274			6
2026.03.19	02:05:08.107		0.79273			4
2026.03.19	02:05:09.910	0.79272	0.79274			6
2026.03.19	02:05:10.211	0.79267	0.79276			6
2026.03.19	02:05:22.829	0.79265	0.79277			6
2026.03.19	02:05:23.132	0.79272	0.79273			6
2026.03.19	02:05:26.747	0.79266	0.79276			6
2026.03.19	02:05:34.387		0.79275			4
2026.03.19	02:05:36.254		0.79276			4
2026.03.19	02:05:49.531		0.79275			4
2026.03.19	02:05:53.038	0.79265				2
2026.03.19	02:05:54.581	0.79264	0.79274			6
2026.03.19	02:05:55.902		0.79273			4
2026.03.19	02:06:00.256	0.79264				2
2026.03.19	02:06:03.988		0.79274			4
2026.03.19	02:06:04.288		0.79273			4
2026.03.19	02:06:17.075	0.79266	0.79276			6
2026.03.19	02:06:18.646	0.79268	0.79278			6
2026.03.19	02:06:22.245		0.79277			4
2026.03.19	02:06:22.545		0.79275			4
2026.03.19	02:06:25.433	0.79267	0.79276			6
2026.03.19	02:06:39.049		0.79277			4
2026.03.19	02:06:39.349	0.79272				2
2026.03.19	02:06:39.949	0.79273	0.79278			6
2026.03.19	02:06:40.250	0.79272	0.79277			6
2026.03.19	02:06:40.552		0.79278			4
2026.03.19	02:06:40.853	0.79268	0.79276			6
2026.03.19	02:06:41.842	0.79266	0.79275			6
2026.03.19	02:06:42.144	0.79267	0.79276			6
2026.03.19	02:06:42.444	0.79273	0.79278			6
2026.03.19	02:06:42.744	0.79268				2
2026.03.19	02:06:43.044	0.79269				2
2026.03.19	02:06:43.345	0.79268	0.79277			6
2026.03.19	02:06:43.645	0.79267	0.79276			6
2026.03.19	02:06:49.388	0.79269	0.79278			6
2026.03.19	02:06:50.257	0.79267	0.79275			6
2026.03.19	02:07:00.555	0.79267				2
2026.03.19	02:07:02.271		0.79276			4
2026.03.19	02:07:03.232	0.79264	0.79273			6
2026.03.19	02:07:24.254	0.79263	0.79272			6
2026.03.19	02:07:24.556	0.79262				2
2026.03.19	02:07:26.467	0.79263	0.79273			6
2026.03.19	02:07:26.770	0.79264				2
2026.03.19	02:07:33.998	0.79262	0.79272			6
2026.03.19	02:07:36.855	0.79264	0.79273			6
2026.03.19	02:07:52.300		0.79274			4
2026.03.19	02:07:53.005	0.79267	0.79277			6
2026.03.19	02:08:02.102	0.79267				2
2026.03.19	02:08:06.583		0.79276			4
2026.03.19	02:08:10.369	0.79272	0.79280			6
2026.03.19	02:08:10.670	0.79271				2
2026.03.19	02:08:10.972	0.79270				2
2026.03.19	02:08:12.208	0.79271				2
2026.03.19	02:08:15.695	0.79269	0.79279			6
2026.03.19	02:08:17.054		0.79280			4
2026.03.19	02:08:27.296		0.79279			4
2026.03.19	02:08:29.047	0.79267				2
2026.03.19	02:08:30.255	0.79268				2
2026.03.19	02:08:35.299	0.79267				2
2026.03.19	02:08:35.957	0.79268				2
2026.03.19	02:08:36.256		0.79278			4
2026.03.19	02:08:38.498	0.79266	0.79276			6
2026.03.19	02:08:40.755	0.79267				2
2026.03.19	02:08:41.055	0.79269	0.79280			6
2026.03.19	02:08:41.355		0.79281			4
2026.03.19	02:08:46.582		0.79280			4
2026.03.19	02:08:46.883		0.79281			4
2026.03.19	02:08:53.472	0.79270	0.79280			6
2026.03.19	02:09:00.849	0.79270				2
2026.03.19	02:09:02.314		0.79281			4
2026.03.19	02:09:02.995	0.79271				2
2026.03.19	02:09:03.960	0.79270				2
2026.03.19	02:09:04.260	0.79271				2
2026.03.19	02:09:06.501		0.79280			4
2026.03.19	02:09:06.801	0.79270				2
2026.03.19	02:09:11.589	0.79271				2
2026.03.19	02:09:17.738	0.79270	0.79279			6
2026.03.19	02:09:18.411	0.79269				2
2026.03.19	02:09:29.336	0.79270	0.79281			6
2026.03.19	02:09:29.636		0.79280			4
2026.03.19	02:09:31.372		0.79281			4
2026.03.19	02:09:31.672		0.79280			4
2026.03.19	02:09:32.689	0.79271	0.79281			6
2026.03.19	02:09:34.174	0.79270	0.79280			6
2026.03.19	02:09:43.455		0.79281			4
2026.03.19	02:09:43.756	0.79271				2
2026.03.19	02:09:44.773	0.79272				2
2026.03.19	02:09:45.387		0.79282			4
2026.03.19	02:09:48.255	0.79273				2
2026.03.19	02:09:51.108		0.79283			4
2026.03.19	02:09:51.408		0.79282			4
2026.03.19	02:09:52.122		0.79283			4
2026.03.19	02:09:52.581		0.79284			4
2026.03.19	02:09:53.079		0.79283			4
2026.03.19	02:09:53.380		0.79282			4
2026.03.19	02:09:53.681	0.79274				2
2026.03.19	02:09:54.733	0.79276	0.79287			6
2026.03.19	02:09:55.333	0.79277				2
2026.03.19	02:09:59.708		0.79286			4
2026.03.19	02:10:00.009	0.79277				2
2026.03.19	02:10:00.945	0.79279	0.79288			6
2026.03.19	02:10:02.028	0.79280				2
2026.03.19	02:10:02.328		0.79290			4
2026.03.19	02:10:04.690	0.79282	0.79291			6
2026.03.19	02:10:17.303	0.79281				2
2026.03.19	02:10:17.605		0.79292			4
2026.03.19	02:10:19.313		0.79290			4
2026.03.19	02:10:19.613		0.79292			4
2026.03.19	02:10:19.913		0.79290			4
2026.03.19	02:10:28.358		0.79291			4
2026.03.19	02:10:29.988		0.79290			4
2026.03.19	02:10:30.287		0.79291			4
2026.03.19	02:10:31.602		0.79290			4
2026.03.19	02:10:31.899		0.79291			4
2026.03.19	02:10:33.749		0.79290			4
2026.03.19	02:10:34.463		0.79291			4
2026.03.19	02:10:34.762		0.79290			4
2026.03.19	02:10:35.986		0.79291			4
2026.03.19	02:10:36.287	0.79283				2
2026.03.19	02:10:36.887	0.79281	0.79290			6
2026.03.19	02:10:38.547	0.79279				2
2026.03.19	02:10:38.848		0.79291			4
2026.03.19	02:10:39.839	0.79280	0.79290			6
2026.03.19	02:10:40.139		0.79291			4
2026.03.19	02:10:42.248	0.79282				2
2026.03.19	02:10:42.850	0.79281				2
2026.03.19	02:10:44.590		0.79292			4
2026.03.19	02:10:44.890		0.79290			4
2026.03.19	02:10:51.241	0.79280	0.79291			6
2026.03.19	02:10:54.587		0.79292			4
2026.03.19	02:10:55.155		0.79291			4
2026.03.19	02:10:57.218	0.79281				2
2026.03.19	02:10:57.518		0.79290			4
2026.03.19	02:10:59.258	0.79280				2
2026.03.19	02:11:00.095	0.79280				2
2026.03.19	02:11:02.225	0.79281	0.79292			6
2026.03.19	02:11:02.522	0.79279	0.79288			6
2026.03.19	02:11:08.691	0.79280	0.79290			6
2026.03.19	02:11:10.211	0.79279	0.79288			6
2026.03.19	02:11:10.511	0.79280	0.79289			6
2026.03.19	02:11:10.810	0.79278				2
2026.03.19	02:11:14.902	0.79279	0.79288			6
2026.03.19	02:11:15.203	0.79280				2
2026.03.19	02:11:16.351		0.79289			4
2026.03.19	02:11:16.652	0.79279				2
2026.03.19	02:11:17.587	0.79278				2
2026.03.19	02:11:18.187	0.79279				2
2026.03.19	02:11:20.203		0.79288			4
2026.03.19	02:11:20.503		0.79290			4
2026.03.19	02:11:21.542		0.79288			4
2026.03.19	02:11:25.202		0.79287			4
2026.03.19	02:11:25.501		0.79288			4
2026.03.19	02:11:26.404		0.79287			4
2026.03.19	02:11:27.737		0.79288			4
2026.03.19	02:11:30.322	0.79277	0.79286			6
2026.03.19	02:11:31.539		0.79287			4
2026.03.19	02:11:34.755		0.79286			4
2026.03.19	02:11:35.055	0.79275				2
2026.03.19	02:11:37.455	0.79276				2
2026.03.19	02:11:37.757	0.79275	0.79282			6
2026.03.19	02:11:38.057	0.79272	0.79281			6
2026.03.19	02:11:40.713	0.79273				2
2026.03.19	02:11:41.682	0.79272				2
2026.03.19	02:12:00.173	0.79272				2
2026.03.19	02:12:05.221		0.79282			4
2026.03.19	02:12:06.893	0.79271	0.79281			6
2026.03.19	02:12:07.193	0.79272				2
2026.03.19	02:12:09.256	0.79275	0.79283			6
2026.03.19	02:12:11.949	0.79278	0.79287			6
2026.03.19	02:12:20.296	0.79277				2
2026.03.19	02:12:20.596	0.79278				2
2026.03.19	02:12:23.813	0.79277				2
2026.03.19	02:12:29.361		0.79288			4
2026.03.19	02:12:32.004		0.79289			4
2026.03.19	02:12:34.754	0.79278				2
2026.03.19	02:12:36.572	0.79277				2
2026.03.19	02:12:36.872		0.79288			4
2026.03.19	02:12:37.172		0.79289			4
2026.03.19	02:12:38.943	0.79279				2
2026.03.19	02:12:39.243	0.79278				2
2026.03.19	02:12:39.545	0.79277				2
2026.03.19	02:12:39.845	0.79279	0.79288			6
2026.03.19	02:12:41.755	0.79278				2
2026.03.19	02:12:42.890	0.79279				2
2026.03.19	02:12:43.191		0.79291			4
2026.03.19	02:12:49.953	0.79280	0.79292			6
2026.03.19	02:12:57.904	0.79282	0.79294			6
2026.03.19	02:13:00.165	0.79282				2
2026.03.19	02:13:20.497		0.79293			4
2026.03.19	02:13:33.672	0.79283				2
2026.03.19	02:13:38.969	0.79282				2
2026.03.19	02:14:02.354	0.79282				2
2026.03.19	02:14:13.948	0.79283				2
2026.03.19	02:14:16.601	0.79275	0.79286			6
2026.03.19	02:14:16.902	0.79276	0.79284			6
2026.03.19	02:14:17.202	0.79275	0.79283			6
2026.03.19	02:14:23.957	0.79277	0.79287			6
2026.03.19	02:14:24.640		0.79285			4
2026.03.19	02:14:26.134	0.79278	0.79287			6
2026.03.19	02:14:35.871	0.79277	0.79285			6
2026.03.19	02:14:37.230	0.79275				2
2026.03.19	02:14:39.021	0.79273	0.79283			6
2026.03.19	02:14:44.665	0.79274	0.79284			6
2026.03.19	02:15:00.005	0.79274	0.79282			6
2026.03.19	02:15:04.757	0.79271	0.79280			6
2026.03.19	02:15:14.955	0.79270				2
2026.03.19	02:15:17.008	0.79271				2
2026.03.19	02:15:19.661	0.79270				2
2026.03.19	02:15:21.572	0.79271				2
2026.03.19	02:15:25.415		0.79279			4
2026.03.19	02:15:56.840	0.79274				2
2026.03.19	02:15:57.140	0.79271	0.79278			6
2026.03.19	02:15:57.741	0.79274	0.79279			6
2026.03.19	02:15:58.040	0.79273				2
2026.03.19	02:15:58.341	0.79275	0.79281			6
2026.03.19	02:15:58.641	0.79273	0.79280			6
2026.03.19	02:15:58.943	0.79275	0.79281			6
2026.03.19	02:15:59.243	0.79273	0.79280			6
2026.03.19	02:15:59.543	0.79275	0.79281			6
2026.03.19	02:15:59.843	0.79273	0.79280			6
2026.03.19	02:16:00.144	0.79275	0.79281			6
2026.03.19	02:16:00.445	0.79273	0.79280			6
2026.03.19	02:16:00.755		0.79281			4
2026.03.19	02:16:02.829	0.79272	0.79280			6
2026.03.19	02:16:06.255	0.79271				2
2026.03.19	02:16:21.255	0.79272				2
2026.03.19	02:16:24.717	0.79273				2
2026.03.19	02:16:29.384	0.79274	0.79281			6
2026.03.19	02:16:31.310	0.79273				2
2026.03.19	02:16:32.802	0.79274	0.79282			6
2026.03.19	02:16:37.591	0.79275				2
2026.03.19	02:16:37.890	0.79278	0.79286			6
2026.03.19	02:16:40.300	0.79280	0.79288			6
2026.03.19	02:16:45.071	0.79281				2
2026.03.19	02:16:54.254	0.79280				2
2026.03.19	02:16:55.202	0.79279	0.79286			6
2026.03.19	02:17:00.023	0.79279				2
2026.03.19	02:17:00.324	0.79278				2
2026.03.19	02:17:14.924	0.79279				2
2026.03.19	02:17:29.954	0.79278				2
2026.03.19	02:17:54.073	0.79281	0.79288			6
2026.03.19	02:17:55.588	0.79280				2
2026.03.19	02:18:00.426	0.79280				2
2026.03.19	02:18:06.218	0.79281				2
2026.03.19	02:18:16.454	0.79280				2
2026.03.19	02:18:17.483	0.79281				2
2026.03.19	02:18:30.255	0.79280				2
2026.03.19	02:18:43.527	0.79281				2
2026.03.19	02:18:43.828	0.79282	0.79289			6
2026.03.19	02:18:47.743	0.79283	0.79290			6
2026.03.19	02:19:00.893	0.79283				2
2026.03.19	02:19:13.154	0.79284				2
2026.03.19	02:19:17.928	0.79286	0.79293			6
2026.03.19	02:19:19.763	0.79281	0.79288			6
2026.03.19	02:19:46.270	0.79279	0.79287			6
2026.03.19	02:19:47.872	0.79280				2
2026.03.19	02:19:53.335	0.79279				2
2026.03.19	02:19:54.767	0.79280				2
2026.03.19	02:20:00.255	0.79280				2
2026.03.19	02:20:01.342	0.79279				2
2026.03.19	02:20:01.953	0.79280				2
2026.03.19	02:20:14.354	0.79279				2
2026.03.19	02:20:19.457	0.79280				2
2026.03.19	02:20:25.415		0.79288			4
2026.03.19	02:20:31.155	0.79279				2
2026.03.19	02:20:34.022	0.79280				2
2026.03.19	02:20:39.467	0.79279				2
2026.03.19	02:20:50.246	0.79276	0.79283			6
2026.03.19	02:21:01.454	0.79276				2
2026.03.19	02:21:15.226	0.79274	0.79282			6
2026.03.19	02:21:18.319	0.79273	0.79279			6
2026.03.19	02:21:19.454	0.79272				2
2026.03.19	02:21:23.767	0.79273				2
2026.03.19	02:21:27.254	0.79272				2
2026.03.19	02:21:28.385	0.79275	0.79280			6
2026.03.19	02:21:46.411	0.79274				2
2026.03.19	02:21:48.741	0.79273				2
2026.03.19	02:21:58.168	0.79276	0.79283			6
2026.03.19	02:21:58.982	0.79277				2
2026.03.19	02:22:00.219	0.79277				2
2026.03.19	02:22:03.382	0.79276				2
2026.03.19	02:22:06.128	0.79275				2
2026.03.19	02:22:17.647	0.79277	0.79284			6
2026.03.19	02:22:17.947	0.79276				2
2026.03.19	02:22:29.724	0.79275				2
2026.03.19	02:22:33.657		0.79283			4
2026.03.19	02:22:39.556	0.79276				2
2026.03.19	02:22:41.192	0.79273	0.79282			6
2026.03.19	02:22:41.492	0.79272	0.79281			6
2026.03.19	02:22:44.029	0.79271	0.79280			6
2026.03.19	02:22:46.608	0.79272				2
2026.03.19	02:22:48.086		0.79278			4
2026.03.19	02:23:00.641	0.79273				2
2026.03.19	02:23:00.941	0.79277	0.79284			6
2026.03.19	02:23:01.475	0.79278				2
2026.03.19	02:23:03.359	0.79277				2
2026.03.19	02:23:06.441	0.79278				2
2026.03.19	02:23:16.873	0.79277				2
2026.03.19	02:23:21.678	0.79278				2
2026.03.19	02:23:33.820	0.79277				2
2026.03.19	02:23:34.120	0.79278				2
2026.03.19	02:23:35.154	0.79277				2
2026.03.19	02:23:36.081		0.79283			4
2026.03.19	02:23:44.113	0.79275	0.79281			6
2026.03.19	02:23:45.505	0.79274				2
2026.03.19	02:23:46.988	0.79273	0.79280			6
2026.03.19	02:23:48.856	0.79274				2
2026.03.19	02:23:53.152	0.79272	0.79279			6
2026.03.19	02:24:00.282	0.79272				2
2026.03.19	02:24:02.227	0.79273				2
2026.03.19	02:24:05.496	0.79274				2
2026.03.19	02:24:07.307	0.79272				2
2026.03.19	02:24:09.854	0.79273				2
2026.03.19	02:24:11.341	0.79272				2
2026.03.19	02:24:11.876	0.79273				2
2026.03.19	02:24:12.176	0.79271	0.79278			6
2026.03.19	02:24:13.372	0.79272				2
2026.03.19	02:24:14.260	0.79270				2
2026.03.19	02:24:14.561	0.79269	0.79275			6
2026.03.19	02:24:24.117	0.79270				2
2026.03.19	02:24:27.109	0.79269				2
2026.03.19	02:24:37.651	0.79270				2
2026.03.19	02:24:38.382	0.79269				2
2026.03.19	02:24:38.682	0.79270				2
2026.03.19	02:24:38.982	0.79269				2
2026.03.19	02:24:41.174	0.79273	0.79278			6
2026.03.19	02:24:45.069	0.79272				2
2026.03.19	02:24:52.074	0.79268	0.79274			6
2026.03.19	02:24:58.024	0.79263	0.79269			6
2026.03.19	02:24:59.359	0.79264				2
2026.03.19	02:25:00.187	0.79264	0.79270			6
2026.03.19	02:25:01.955	0.79265				2
2026.03.19	02:25:07.617	0.79267	0.79273			6
2026.03.19	02:25:07.918	0.79268				2
2026.03.19	02:25:12.649	0.79270	0.79274			6
2026.03.19	02:25:16.254	0.79269				2
2026.03.19	02:25:25.221	0.79268				2
2026.03.19	02:25:45.555	0.79267				2
2026.03.19	02:25:48.324	0.79268				2
2026.03.19	02:25:50.174		0.79273			4
2026.03.19	02:25:51.019	0.79267				2
2026.03.19	02:25:51.765	0.79266				2
2026.03.19	02:25:54.456	0.79267				2
2026.03.19	02:25:56.492	0.79266				2
2026.03.19	02:25:59.405	0.79263	0.79269			6
2026.03.19	02:26:00.127	0.79263				2
2026.03.19	02:26:00.697	0.79264				2
2026.03.19	02:26:17.576	0.79263				2
2026.03.19	02:26:17.876	0.79264				2
2026.03.19	02:26:21.582	0.79263				2
2026.03.19	02:26:21.883	0.79262	0.79268			6
2026.03.19	02:26:22.183	0.79261	0.79267			6
2026.03.19	02:26:22.483	0.79260				2
2026.03.19	02:26:25.168	0.79258	0.79265			6
2026.03.19	02:26:27.810	0.79256	0.79264			6
2026.03.19	02:26:28.410	0.79257				2
2026.03.19	02:26:32.651	0.79256				2
2026.03.19	02:26:48.435	0.79255	0.79263			6
2026.03.19	02:27:00.223	0.79255				2
2026.03.19	02:27:01.435		0.79262			4
2026.03.19	02:27:10.107	0.79256				2
2026.03.19	02:27:12.801	0.79257				2
2026.03.19	02:27:13.101	0.79255	0.79261			6
2026.03.19	02:27:14.134		0.79262			4
2026.03.19	02:27:14.435	0.79256				2
2026.03.19	02:27:15.035	0.79255				2
2026.03.19	02:27:18.302		0.79261			4
2026.03.19	02:27:20.037		0.79262			4
2026.03.19	02:27:31.539	0.79254				2
2026.03.19	02:27:34.475	0.79255				2
2026.03.19	02:27:35.811	0.79254				2
2026.03.19	02:27:54.392	0.79255				2
2026.03.19	02:28:00.014	0.79254				2
2026.03.19	02:28:01.424	0.79255				2
2026.03.19	02:28:23.520		0.79262			4
2026.03.19	02:28:32.813	0.79257	0.79264			6
2026.03.19	02:28:33.110	0.79258	0.79265			6
2026.03.19	02:28:36.522		0.79264			4
2026.03.19	02:28:37.425	0.79259	0.79265			6
2026.03.19	02:28:40.614	0.79261	0.79268			6
2026.03.19	02:28:49.788	0.79262				2
2026.03.19	02:28:50.088		0.79269			4
2026.03.19	02:28:56.641	0.79258	0.79264			6
2026.03.19	02:28:57.582		0.79265			4
2026.03.19	02:28:57.883	0.79257				2
2026.03.19	02:28:58.483		0.79264			4
2026.03.19	02:29:00.031	0.79257	0.79265			6
2026.03.19	02:29:02.394	0.79258				2
2026.03.19	02:29:04.446		0.79264			4
2026.03.19	02:29:10.766	0.79254	0.79261			6
2026.03.19	02:29:13.792	0.79255				2
2026.03.19	02:29:24.554	0.79256				2
2026.03.19	02:29:36.750	0.79257	0.79262			6
2026.03.19	02:29:37.050		0.79263			4
2026.03.19	02:29:40.803		0.79262			4
2026.03.19	02:29:41.102	0.79255	0.79261			6
2026.03.19	02:29:43.263	0.79253	0.79259			6
2026.03.19	02:29:44.855	0.79254				2
2026.03.19	02:29:45.155		0.79260			4
2026.03.19	02:29:45.580		0.79259			4
2026.03.19	02:29:47.152		0.79260			4
2026.03.19	02:29:47.451		0.79259			4
2026.03.19	02:29:47.752		0.79260			4
2026.03.19	02:29:49.900		0.79259			4
2026.03.19	02:29:50.200		0.79260			4
2026.03.19	02:30:01.176	0.79254				2
2026.03.19	02:30:08.271	0.79252	0.79258			6
2026.03.19	02:30:13.354	0.79253	0.79260			6
2026.03.19	02:30:13.656	0.79254	0.79259			6
2026.03.19	02:30:13.958		0.79260			4
2026.03.19	02:30:23.964	0.79255	0.79261			6
2026.03.19	02:30:33.047	0.79256				2
2026.03.19	02:30:33.347	0.79255				2
2026.03.19	02:30:39.595	0.79256				2
2026.03.19	02:30:40.329		0.79262			4
2026.03.19	02:30:42.549	0.79255				2
2026.03.19	02:30:43.381		0.79261			4
2026.03.19	02:30:44.055	0.79256	0.79262			6
2026.03.19	02:30:48.255	0.79254	0.79260			6
2026.03.19	02:30:51.619	0.79253				2
2026.03.19	02:30:52.704		0.79259			4
2026.03.19	02:30:53.003	0.79252				2
2026.03.19	02:30:56.149	0.79253				2
2026.03.19	02:30:57.051	0.79252				2
2026.03.19	02:30:57.351	0.79253				2
2026.03.19	02:30:58.024	0.79252				2
2026.03.19	02:30:59.202		0.79258			4
2026.03.19	02:31:00.033	0.79252				2
2026.03.19	02:31:00.933	0.79253				2
2026.03.19	02:31:01.233		0.79259			4
2026.03.19	02:31:03.075	0.79255	0.79260			6
2026.03.19	02:31:04.918	0.79256				2
2026.03.19	02:31:09.773	0.79255	0.79261			6
2026.03.19	02:31:12.923	0.79259	0.79264			6
2026.03.19	02:31:15.374		0.79265			4
2026.03.19	02:31:16.711		0.79264			4
2026.03.19	02:31:32.107		0.79265			4
2026.03.19	02:31:43.619	0.79261	0.79268			6
2026.03.19	02:31:49.293	0.79262				2
2026.03.19	02:31:49.593	0.79261				2
2026.03.19	02:31:53.018	0.79262				2
2026.03.19	02:31:53.618		0.79267			4
2026.03.19	02:31:53.918	0.79261	0.79268			6
2026.03.19	02:31:54.856		0.79269			4
2026.03.19	02:31:58.266	0.79255	0.79263			6
2026.03.19	02:31:58.566	0.79256				2
2026.03.19	02:32:00.078	0.79256				2
2026.03.19	02:32:01.972	0.79257				2
2026.03.19	02:32:04.183	0.79256				2
2026.03.19	02:32:17.259		0.79262			4
2026.03.19	02:32:17.760		0.79263			4
2026.03.19	02:32:18.434	0.79259				2
2026.03.19	02:32:18.760	0.79256				2
2026.03.19	02:32:37.562	0.79255	0.79262			6
2026.03.19	02:32:38.720	0.79254				2
2026.03.19	02:32:39.886	0.79255	0.79261			6
2026.03.19	02:32:41.650		0.79262			4
2026.03.19	02:32:46.419	0.79254	0.79260			6
2026.03.19	02:32:47.416		0.79262			4
2026.03.19	02:32:55.362	0.79257	0.79264			6
2026.03.19	02:32:55.964	0.79256	0.79265			6
2026.03.19	02:32:56.264	0.79255	0.79263			6
2026.03.19	02:32:57.738		0.79262			4
2026.03.19	02:32:58.039	0.79256	0.79265			6
2026.03.19	02:33:00.310	0.79256				2
2026.03.19	02:33:00.609	0.79255	0.79262			6
2026.03.19	02:33:01.404		0.79263			4
2026.03.19	02:33:05.912		0.79262			4
2026.03.19	02:33:06.535		0.79263			4
2026.03.19	02:33:07.245		0.79262			4
2026.03.19	02:33:12.059		0.79261			4
2026.03.19	02:33:17.201	0.79254				2
2026.03.19	02:33:17.502	0.79255	0.79262			6
2026.03.19	02:33:19.489		0.79261			4
2026.03.19	02:33:23.480		0.79262			4
2026.03.19	02:33:23.780		0.79261			4
2026.03.19	02:33:30.129		0.79262			4
2026.03.19	02:33:30.430		0.79261			4
2026.03.19	02:33:30.731	0.79254				2
2026.03.19	02:33:33.650	0.79253				2
2026.03.19	02:33:38.607	0.79252				2
2026.03.19	02:33:48.840	0.79255				2
2026.03.19	02:33:49.140	0.79253				2
2026.03.19	02:33:56.435		0.79262			4
2026.03.19	02:34:00.185	0.79253				2
2026.03.19	02:34:00.485		0.79261			4
2026.03.19	02:34:00.787		0.79262			4
2026.03.19	02:34:05.051	0.79256	0.79263			6
2026.03.19	02:34:09.855	0.79255				2
2026.03.19	02:34:11.368	0.79256	0.79264			6
2026.03.19	02:34:12.817	0.79257	0.79265			6
2026.03.19	02:34:19.222	0.79256	0.79264			6
2026.03.19	02:34:23.797	0.79257	0.79265			6
2026.03.19	02:34:25.126	0.79258				2
2026.03.19	02:34:26.063	0.79260	0.79266			6
2026.03.19	02:34:27.411	0.79259				2
2026.03.19	02:34:27.711	0.79260				2
2026.03.19	02:34:28.790	0.79258				2
2026.03.19	02:34:53.091	0.79260	0.79268			6
2026.03.19	02:35:00.261	0.79260				2
2026.03.19	02:35:00.561	0.79259				2
2026.03.19	02:35:02.272	0.79260				2
2026.03.19	02:35:20.310		0.79269			4
2026.03.19	02:35:21.016		0.79268			4
2026.03.19	02:35:22.871		0.79267			4
2026.03.19	02:35:25.448		0.79268			4
2026.03.19	02:35:27.427		0.79269			4
2026.03.19	02:35:28.022		0.79268			4
2026.03.19	02:35:28.323		0.79269			4
2026.03.19	02:35:29.182	0.79262	0.79268			6
2026.03.19	02:35:30.093	0.79263	0.79271			6
2026.03.19	02:35:30.393		0.79272			4
2026.03.19	02:35:30.702		0.79271			4
2026.03.19	02:35:31.002	0.79264	0.79272			6
2026.03.19	02:35:31.303		0.79271			4
2026.03.19	02:35:31.917		0.79272			4
2026.03.19	02:35:42.684	0.79267	0.79274			6
2026.03.19	02:35:42.984	0.79264	0.79272			6
2026.03.19	02:35:43.286		0.79273			4
2026.03.19	02:35:44.492	0.79265				2
2026.03.19	02:35:51.878	0.79264	0.79272			6
2026.03.19	02:35:55.049	0.79263	0.79271			6
2026.03.19	02:35:55.349		0.79269			4
2026.03.19	02:35:55.649		0.79271			4
2026.03.19	02:35:55.952	0.79266	0.79274			6
2026.03.19	02:35:58.661	0.79265	0.79273			6
2026.03.19	02:35:58.962		0.79272			4
2026.03.19	02:36:00.135	0.79265				2
2026.03.19	02:36:01.340		0.79271			4
2026.03.19	02:36:01.640		0.79272			4
2026.03.19	02:36:02.383		0.79273			4
2026.03.19	02:36:26.551	0.79264	0.79272			6
2026.03.19	02:36:31.330		0.79271			4
2026.03.19	02:36:42.419	0.79263				2
2026.03.19	02:36:46.289	0.79267	0.79274			6
2026.03.19	02:36:48.403		0.79275			4
2026.03.19	02:36:49.370		0.79274			4
2026.03.19	02:37:00.268	0.79266				2
2026.03.19	02:37:01.676		0.79273			4
2026.03.19	02:37:03.321	0.79264	0.79271			6
2026.03.19	02:37:03.621		0.79269			4
2026.03.19	02:37:03.922		0.79271			4
2026.03.19	02:37:04.222		0.79269			4
2026.03.19	02:37:04.523	0.79261				2
2026.03.19	02:37:04.823	0.79262				2
2026.03.19	02:37:05.123	0.79261	0.79268			6
2026.03.19	02:37:05.424	0.79263	0.79270			6
2026.03.19	02:37:08.902	0.79261	0.79268			6
2026.03.19	02:37:09.203	0.79262				2
2026.03.19	02:37:11.012	0.79263	0.79269			6
2026.03.19	02:37:12.821		0.79270			4
2026.03.19	02:37:16.322	0.79261	0.79269			6
2026.03.19	02:37:18.068		0.79268			4
2026.03.19	02:37:19.110		0.79269			4
2026.03.19	02:37:19.698		0.79268			4
2026.03.19	02:37:19.998		0.79269			4
2026.03.19	02:37:20.521		0.79268			4
2026.03.19	02:37:20.822		0.79270			4
2026.03.19	02:37:21.979		0.79268			4
2026.03.19	02:37:22.280		0.79269			4
2026.03.19	02:37:22.593		0.79268			4
2026.03.19	02:37:22.893		0.79269			4
2026.03.19	02:37:25.174		0.79268			4
2026.03.19	02:37:27.447		0.79269			4
2026.03.19	02:37:29.308	0.79263	0.79271			6
2026.03.19	02:37:30.594	0.79261	0.79268			6
2026.03.19	02:37:37.162	0.79258	0.79266			6
