<DATE>	<TIME>	<BID>	<ASK>	<LAST>	<VOLUME>	<FLAGS>
2026.04.17	00:03:30.425	0.78271	0.78506			6
2026.04.17	00:03:51.109		0.78486			4
2026.04.17	00:04:01.002	0.78271				2
2026.04.17	00:04:11.002	0.78272				2
2026.04.17	00:04:46.110		0.78496			4
2026.04.17	00:04:47.061		0.78476			4
2026.04.17	00:05:00.228	0.78272				2
2026.04.17	00:05:00.528	0.78282				2
2026.04.17	00:05:00.830		0.78496			4
2026.04.17	00:05:05.431		0.78489			4
2026.04.17	00:05:05.732		0.78495			4
2026.04.17	00:05:06.334		0.78489			4
2026.04.17	00:05:07.633		0.78495			4
2026.04.17	00:05:08.344		0.78489			4
2026.04.17	00:05:09.064	0.78281				2
2026.04.17	00:05:12.420		0.78496			4
2026.04.17	00:05:12.721	0.78273				2
2026.04.17	00:05:27.453		0.78455			4
2026.04.17	00:05:33.776	0.78283	0.78423			6
2026.04.17	00:06:00.295	0.78283				2
2026.04.17	00:06:34.437		0.78423			4
2026.04.17	00:07:00.227	0.78283				2
2026.04.17	00:07:41.002		0.78423			4
2026.04.17	00:08:11.002	0.78283				2
2026.04.17	00:08:41.002		0.78423			4
2026.04.17	00:09:00.072	0.78283				2
2026.04.17	00:09:13.779		0.78417			4
2026.04.17	00:10:00.073	0.78283				2
2026.04.17	00:10:00.675	0.78289				2
2026.04.17	00:10:11.850	0.78300	0.78391			6
2026.04.17	00:10:53.356	0.78280	0.78457			6
2026.04.17	00:10:54.365	0.78289	0.78417			6
2026.04.17	00:11:00.125	0.78289				2
2026.04.17	00:11:11.224	0.78288				2
2026.04.17	00:11:13.568	0.78287				2
2026.04.17	00:11:50.791	0.78288				2
2026.04.17	00:11:52.276	0.78287				2
2026.04.17	00:11:55.877		0.78417			4
2026.04.17	00:11:59.177	0.78288				2
2026.04.17	00:12:00.127	0.78288				2
2026.04.17	00:12:01.496	0.78287				2
2026.04.17	00:12:01.797	0.78285				2
2026.04.17	00:12:03.434	0.78284				2
2026.04.17	00:12:05.496	0.78283				2
2026.04.17	00:12:53.784		0.78414			4
2026.04.17	00:13:00.127	0.78283				2
2026.04.17	00:13:54.377		0.78414			4
2026.04.17	00:14:01.589	0.78283				2
2026.04.17	00:14:59.477		0.78414			4
2026.04.17	00:15:01.277	0.78283				2
2026.04.17	00:15:39.077		0.78413			4
2026.04.17	00:16:01.454	0.78283				2
2026.04.17	00:16:33.790		0.78408			4
2026.04.17	00:16:57.460		0.78396			4
2026.04.17	00:17:00.077	0.78283				2
2026.04.17	00:17:58.277		0.78396			4
2026.04.17	00:18:00.378	0.78283				2
2026.04.17	00:18:47.462		0.78395			4
2026.04.17	00:19:00.229	0.78283				2
2026.04.17	00:19:31.121		0.78407			4
2026.04.17	00:20:02.177	0.78283				2
2026.04.17	00:20:26.122		0.78408			4
2026.04.17	00:21:00.228	0.78283				2
2026.04.17	00:21:30.976		0.78408			4
2026.04.17	00:22:04.277	0.78283				2
2026.04.17	00:22:31.018		0.78408			4
2026.04.17	00:23:00.676	0.78283				2
2026.04.17	00:23:32.257		0.78408			4
2026.04.17	00:24:01.577	0.78283				2
2026.04.17	00:24:33.976		0.78408			4
2026.04.17	00:25:00.977	0.78283				2
2026.04.17	00:25:34.276		0.78408			4
2026.04.17	00:25:56.129		0.78407			4
2026.04.17	00:25:56.429		0.78387			4
2026.04.17	00:25:58.087		0.78386			4
2026.04.17	00:25:58.387		0.78387			4
2026.04.17	00:26:00.407	0.78283				2
2026.04.17	00:26:00.707		0.78407			4
2026.04.17	00:27:00.411	0.78283				2
2026.04.17	00:27:00.710		0.78407			4
2026.04.17	00:28:00.229	0.78283				2
2026.04.17	00:28:04.877		0.78407			4
2026.04.17	00:29:02.777	0.78283				2
2026.04.17	00:29:06.539		0.78407			4
2026.04.17	00:29:44.213	0.78288				2
2026.04.17	00:29:44.514	0.78291				2
2026.04.17	00:30:00.080	0.78291				2
2026.04.17	00:30:07.366		0.78407			4
2026.04.17	00:30:15.901	0.78289				2
2026.04.17	00:30:31.134		0.78411			4
2026.04.17	00:30:34.577	0.78288				2
2026.04.17	00:30:36.076	0.78289				2
2026.04.17	00:30:40.877	0.78288				2
2026.04.17	00:30:43.877	0.78289				2
2026.04.17	00:31:00.417	0.78289				2
2026.04.17	00:31:06.776	0.78315				2
2026.04.17	00:31:07.135	0.78289				2
2026.04.17	00:31:07.479	0.78315				2
2026.04.17	00:31:07.798	0.78289				2
2026.04.17	00:31:08.181	0.78315				2
2026.04.17	00:31:08.487	0.78289				2
2026.04.17	00:31:08.832	0.78315				2
2026.04.17	00:31:09.436	0.78289				2
2026.04.17	00:31:09.737	0.78315				2
2026.04.17	00:31:10.037	0.78289				2
2026.04.17	00:31:10.337	0.78315				2
2026.04.17	00:31:10.637	0.78289				2
2026.04.17	00:31:26.136		0.78408			4
2026.04.17	00:31:35.964	0.78291				2
2026.04.17	00:31:47.972	0.78283	0.78394			6
2026.04.17	00:31:49.059		0.78393			4
2026.04.17	00:32:00.215	0.78283				2
2026.04.17	00:32:00.602	0.78286	0.78391			6
2026.04.17	00:32:33.677		0.78390			4
2026.04.17	00:32:34.419		0.78391			4
2026.04.17	00:32:55.066		0.78390			4
2026.04.17	00:33:05.665	0.78284	0.78392			6
2026.04.17	00:33:10.119	0.78288				2
2026.04.17	00:33:10.420	0.78284				2
2026.04.17	00:33:20.083		0.78393			4
2026.04.17	00:33:25.176	0.78288				2
2026.04.17	00:33:29.314		0.78392			4
2026.04.17	00:33:50.314	0.78289	0.78396			6
2026.04.17	00:33:51.156		0.78388			4
2026.04.17	00:33:55.095	0.78291	0.78393			6
2026.04.17	00:34:00.077	0.78292				2
2026.04.17	00:34:09.840	0.78291	0.78394			6
2026.04.17	00:34:12.677		0.78393			4
2026.04.17	00:34:15.677		0.78394			4
2026.04.17	00:34:22.278		0.78393			4
2026.04.17	00:34:23.277		0.78394			4
2026.04.17	00:34:35.158		0.78393			4
2026.04.17	00:34:38.181		0.78392			4
2026.04.17	00:34:45.246		0.78388			4
2026.04.17	00:34:50.157		0.78392			4
2026.04.17	00:34:53.777		0.78393			4
2026.04.17	00:34:55.055	0.78289				2
2026.04.17	00:34:55.355		0.78394			4
2026.04.17	00:35:00.086	0.78289				2
2026.04.17	00:35:00.386		0.78390			4
2026.04.17	00:35:00.687	0.78287	0.78392			6
2026.04.17	00:35:05.159		0.78396			4
2026.04.17	00:35:15.502		0.78392			4
2026.04.17	00:35:29.560	0.78290				2
2026.04.17	00:35:29.863		0.78390			4
2026.04.17	00:35:37.877		0.78389			4
2026.04.17	00:35:44.477		0.78390			4
2026.04.17	00:35:50.160		0.78393			4
2026.04.17	00:36:00.216	0.78290				2
2026.04.17	00:36:00.517		0.78389			4
2026.04.17	00:36:02.884		0.78395			4
2026.04.17	00:36:03.185		0.78399			4
2026.04.17	00:36:18.678	0.78291	0.78398			6
2026.04.17	00:36:20.690	0.78293	0.78396			6
2026.04.17	00:36:30.603	0.78291				2
2026.04.17	00:36:30.904		0.78398			4
2026.04.17	00:36:33.800		0.78385			4
2026.04.17	00:37:00.077	0.78291				2
2026.04.17	00:37:20.015	0.78290				2
2026.04.17	00:37:20.616	0.78291				2
2026.04.17	00:37:32.311		0.78384			4
2026.04.17	00:37:44.177		0.78385			4
2026.04.17	00:37:46.563	0.78293	0.78387			6
2026.04.17	00:38:05.538	0.78293				2
2026.04.17	00:38:05.839		0.78390			4
2026.04.17	00:38:16.278		0.78391			4
2026.04.17	00:38:21.341		0.78386			4
2026.04.17	00:38:31.454	0.78294	0.78389			6
2026.04.17	00:39:00.781	0.78294				2
2026.04.17	00:39:37.774	0.78293	0.78389			6
2026.04.17	00:39:38.076	0.78295	0.78388			6
2026.04.17	00:39:46.031	0.78292				2
2026.04.17	00:39:46.331	0.78295				2
2026.04.17	00:39:53.197		0.78384			4
2026.04.17	00:39:55.732	0.78294				2
2026.04.17	00:39:56.033	0.78295				2
2026.04.17	00:39:57.982	0.78294				2
2026.04.17	00:40:02.685	0.78294				2
2026.04.17	00:40:39.377	0.78295				2
2026.04.17	00:40:39.679		0.78383			4
2026.04.17	00:40:45.604	0.78293	0.78386			6
2026.04.17	00:41:01.002	0.78293				2
2026.04.17	00:41:05.816	0.78295	0.78384			6
2026.04.17	00:41:23.655		0.78380			4
2026.04.17	00:42:04.377	0.78295				2
2026.04.17	00:42:26.149		0.78380			4
2026.04.17	00:42:49.160		0.78383			4
2026.04.17	00:43:11.003	0.78295				2
2026.04.17	00:43:28.021		0.78380			4
2026.04.17	00:43:38.966		0.78384			4
2026.04.17	00:43:44.477	0.78296				2
2026.04.17	00:43:50.018	0.78295				2
2026.04.17	00:43:59.881		0.78388			4
2026.04.17	00:44:07.860	0.78295				2
2026.04.17	00:44:15.609	0.78293	0.78390			6
2026.04.17	00:44:50.880	0.78295	0.78388			6
2026.04.17	00:44:53.656		0.78384			4
2026.04.17	00:44:54.477	0.78293	0.78378			6
2026.04.17	00:45:00.528	0.78293				2
2026.04.17	00:45:00.829	0.78294				2
2026.04.17	00:45:02.157	0.78279	0.78392			6
2026.04.17	00:45:04.867	0.78294	0.78378			6
2026.04.17	00:45:06.079		0.78377			4
2026.04.17	00:45:08.917		0.78378			4
2026.04.17	00:45:17.477	0.78295				2
2026.04.17	00:45:17.780		0.78377			4
2026.04.17	00:45:23.428	0.78294	0.78382			6
2026.04.17	00:45:28.805		0.78378			4
2026.04.17	00:45:29.106	0.78293	0.78376			6
2026.04.17	00:45:38.554		0.78375			4
2026.04.17	00:45:38.858	0.78294	0.78384			6
2026.04.17	00:45:40.836		0.78383			4
2026.04.17	00:45:48.031		0.78379			4
2026.04.17	00:46:01.845	0.78293				2
2026.04.17	00:46:02.148		0.78380			4
2026.04.17	00:46:08.667		0.78378			4
2026.04.17	00:46:10.969	0.78294				2
2026.04.17	00:46:20.018	0.78293				2
2026.04.17	00:46:25.277		0.78379			4
2026.04.17	00:46:37.578	0.78292				2
2026.04.17	00:46:39.096	0.78293				2
2026.04.17	00:46:43.257		0.78384			4
2026.04.17	00:46:57.077	0.78292				2
2026.04.17	00:47:01.154	0.78292				2
2026.04.17	00:47:02.173	0.78285	0.78389			6
2026.04.17	00:47:04.584	0.78292	0.78384			6
2026.04.17	00:47:10.877	0.78293				2
2026.04.17	00:47:23.839		0.78379			4
2026.04.17	00:47:25.525	0.78295	0.78377			6
2026.04.17	00:47:35.018	0.78294				2
2026.04.17	00:47:35.318		0.78378			4
2026.04.17	00:47:40.624		0.78383			4
2026.04.17	00:47:47.825		0.78386			4
2026.04.17	00:48:00.230	0.78294				2
2026.04.17	00:48:08.888		0.78381			4
2026.04.17	00:48:15.606	0.78292				2
2026.04.17	00:48:15.907		0.78383			4
2026.04.17	00:48:17.225		0.78380			4
2026.04.17	00:48:23.884		0.78383			4
2026.04.17	00:48:31.381		0.78388			4
2026.04.17	00:48:39.397		0.78384			4
2026.04.17	00:48:39.696		0.78388			4
2026.04.17	00:48:50.753	0.78294	0.78386			6
2026.04.17	00:48:53.890	0.78295	0.78380			6
2026.04.17	00:48:57.231		0.78377			4
2026.04.17	00:48:59.805		0.78380			4
2026.04.17	00:49:01.123	0.78295	0.78377			6
2026.04.17	00:49:07.980		0.78381			4
2026.04.17	00:49:21.313		0.78377			4
2026.04.17	00:49:27.644	0.78297	0.78383			6
2026.04.17	00:49:36.087		0.78379			4
2026.04.17	00:49:36.388	0.78294	0.78378			6
2026.04.17	00:49:37.740	0.78301	0.78405			6
2026.04.17	00:49:38.341	0.78297	0.78383			6
2026.04.17	00:49:38.641	0.78298	0.78384			6
2026.04.17	00:49:38.941	0.78297	0.78383			6
2026.04.17	00:49:40.479	0.78295	0.78381			6
2026.04.17	00:49:40.780	0.78296	0.78387			6
2026.04.17	00:49:41.080	0.78295				2
2026.04.17	00:49:41.381		0.78383			4
2026.04.17	00:49:43.880	0.78293	0.78381			6
2026.04.17	00:49:45.678		0.78382			4
2026.04.17	00:49:49.689		0.78385			4
2026.04.17	00:49:50.681		0.78390			4
2026.04.17	00:49:51.677	0.78292				2
2026.04.17	00:49:51.981		0.78391			4
2026.04.17	00:49:52.582		0.78387			4
2026.04.17	00:49:52.882		0.78391			4
2026.04.17	00:49:53.183	0.78291	0.78387			6
2026.04.17	00:49:54.592		0.78384			4
2026.04.17	00:49:55.251		0.78389			4
2026.04.17	00:49:58.876	0.78290				2
2026.04.17	00:50:00.230	0.78290				2
2026.04.17	00:50:00.978		0.78390			4
2026.04.17	00:50:03.677	0.78289				2
2026.04.17	00:50:07.577		0.78391			4
2026.04.17	00:50:08.669	0.78288	0.78392			6
2026.04.17	00:50:10.881		0.78393			4
2026.04.17	00:50:12.485	0.78287				2
2026.04.17	00:50:13.168		0.78394			4
2026.04.17	00:50:13.770	0.78286	0.78388			6
2026.04.17	00:50:14.070		0.78393			4
2026.04.17	00:50:15.605	0.78285				2
2026.04.17	00:50:15.906		0.78394			4
2026.04.17	00:50:16.877	0.78284				2
2026.04.17	00:50:17.178		0.78395			4
2026.04.17	00:50:24.076	0.78283				2
2026.04.17	00:50:24.379		0.78396			4
2026.04.17	00:50:26.177	0.78284				2
2026.04.17	00:50:26.476		0.78395			4
2026.04.17	00:50:30.677	0.78283	0.78396			6
2026.04.17	00:50:31.375		0.78390			4
2026.04.17	00:50:39.377		0.78391			4
2026.04.17	00:50:39.680		0.78393			4
2026.04.17	00:50:44.631		0.78406			4
2026.04.17	00:50:44.931		0.78402			4
2026.04.17	00:50:45.872		0.78391			4
2026.04.17	00:50:46.173		0.78392			4
2026.04.17	00:50:46.869		0.78399			4
2026.04.17	00:50:47.477		0.78398			4
2026.04.17	00:50:48.078		0.78392			4
2026.04.17	00:50:51.678		0.78393			4
2026.04.17	00:51:00.124	0.78283				2
2026.04.17	00:51:01.225		0.78394			4
2026.04.17	00:51:11.126		0.78395			4
2026.04.17	00:51:16.578		0.78396			4
2026.04.17	00:51:19.925		0.78397			4
2026.04.17	00:51:26.526		0.78398			4
2026.04.17	00:51:28.236		0.78397			4
2026.04.17	00:51:28.537		0.78398			4
2026.04.17	00:51:33.425		0.78417			4
2026.04.17	00:51:35.624		0.78399			4
2026.04.17	00:51:40.561		0.78400			4
2026.04.17	00:51:43.577		0.78401			4
2026.04.17	00:51:46.878		0.78400			4
2026.04.17	00:51:52.878		0.78401			4
2026.04.17	00:52:01.576	0.78283				2
2026.04.17	00:52:05.722		0.78402			4
2026.04.17	00:52:15.377		0.78403			4
2026.04.17	00:52:19.373		0.78406			4
2026.04.17	00:52:19.677		0.78407			4
2026.04.17	00:52:23.490		0.78408			4
2026.04.17	00:52:29.477		0.78409			4
2026.04.17	00:52:32.288		0.78408			4
2026.04.17	00:52:37.550		0.78405			4
2026.04.17	00:52:37.850		0.78403			4
2026.04.17	00:52:41.177		0.78404			4
2026.04.17	00:52:50.178		0.78405			4
2026.04.17	00:53:00.377	0.78283				2
2026.04.17	00:53:05.477		0.78406			4
2026.04.17	00:53:13.883		0.78405			4
2026.04.17	00:53:15.377		0.78406			4
2026.04.17	00:53:22.972		0.78409			4
2026.04.17	00:53:23.272		0.78410			4
2026.04.17	00:53:23.573		0.78402			4
2026.04.17	00:54:00.977	0.78283				2
2026.04.17	00:54:24.977		0.78402			4
2026.04.17	00:55:00.077	0.78283				2
2026.04.17	00:55:02.536		0.78419			4
2026.04.17	00:55:05.261		0.78408			4
2026.04.17	00:56:00.028	0.78283	0.78402			6
2026.04.17	00:56:55.095		0.78403			4
2026.04.17	00:57:00.205	0.78283				2
2026.04.17	00:57:55.281		0.78403			4
2026.04.17	00:58:00.096	0.78283				2
2026.04.17	00:58:45.215		0.78402			4
2026.04.17	00:58:48.527		0.78423			4
2026.04.17	00:58:48.828		0.78402			4
2026.04.17	00:59:00.277	0.78283				2
2026.04.17	00:59:43.901	0.78280	0.78400			6
2026.04.17	01:00:00.141	0.78280				2
2026.04.17	01:00:01.040	0.78249	0.78438			6
2026.04.17	01:00:01.341	0.78253	0.78442			6
2026.04.17	01:00:01.639	0.78255	0.78434			6
2026.04.17	01:00:02.243		0.78432			4
2026.04.17	01:00:02.544	0.78277	0.78415			6
2026.04.17	01:00:02.842	0.78287	0.78425			6
2026.04.17	01:00:04.343	0.78307	0.78415			6
2026.04.17	01:00:04.945	0.78283	0.78404			6
2026.04.17	01:00:07.350	0.78285				2
2026.04.17	01:00:08.253	0.78283				2
2026.04.17	01:00:14.555		0.78403			4
2026.04.17	01:00:23.268		0.78400			4
2026.04.17	01:00:31.375	0.78284	0.78399			6
2026.04.17	01:00:32.277	0.78283	0.78400			6
2026.04.17	01:00:37.083		0.78399			4
2026.04.17	01:00:37.685	0.78286	0.78397			6
2026.04.17	01:00:38.585	0.78283				2
2026.04.17	01:00:39.788		0.78398			4
2026.04.17	01:00:40.690	0.78285				2
2026.04.17	01:00:42.494	0.78283	0.78399			6
2026.04.17	01:00:42.794		0.78400			4
2026.04.17	01:00:43.993		0.78399			4
2026.04.17	01:00:44.894		0.78400			4
2026.04.17	01:00:47.000		0.78399			4
2026.04.17	01:00:54.212		0.78396			4
2026.04.17	01:00:55.114		0.78399			4
2026.04.17	01:00:56.319		0.78398			4
2026.04.17	01:00:57.825	0.78287				2
2026.04.17	01:01:00.232	0.78287	0.78382			6
2026.04.17	01:01:01.731		0.78384			4
2026.04.17	01:01:05.641	0.78289				2
2026.04.17	01:01:05.939		0.78382			4
2026.04.17	01:01:12.844	0.78292	0.78374			6
2026.04.17	01:01:13.144		0.78376			4
2026.04.17	01:01:15.250		0.78379			4
2026.04.17	01:01:17.351	0.78291	0.78373			6
2026.04.17	01:01:18.553		0.78372			4
2026.04.17	01:01:19.457	0.78304	0.78378			6
2026.04.17	01:01:20.055	0.78293	0.78375			6
2026.04.17	01:01:21.258	0.78298	0.78381			6
2026.04.17	01:01:27.864	0.78299	0.78375			6
2026.04.17	01:01:29.368		0.78374			4
2026.04.17	01:01:31.171		0.78373			4
2026.04.17	01:01:32.377	0.78301				2
2026.04.17	01:01:32.979	0.78302				2
2026.04.17	01:01:33.279	0.78299				2
2026.04.17	01:01:34.181		0.78371			4
2026.04.17	01:01:37.795		0.78370			4
2026.04.17	01:01:41.392		0.78368			4
2026.04.17	01:01:44.098	0.78301				2
2026.04.17	01:01:48.003		0.78370			4
2026.04.17	01:01:51.908	0.78305	0.78371			6
2026.04.17	01:01:54.011	0.78308				2
2026.04.17	01:01:54.911	0.78303	0.78369			6
2026.04.17	01:02:00.017	0.78303				2
2026.04.17	01:02:01.219	0.78301	0.78368			6
2026.04.17	01:02:02.121	0.78303				2
2026.04.17	01:02:07.827	0.78296	0.78367			6
2026.04.17	01:02:09.328	0.78305	0.78368			6
2026.04.17	01:02:09.628	0.78297				2
2026.04.17	01:02:11.129		0.78367			4
2026.04.17	01:02:15.035	0.78300	0.78364			6
2026.04.17	01:02:22.855	0.78302				2
2026.04.17	01:02:23.756	0.78299				2
2026.04.17	01:02:28.872	0.78303	0.78363			6
2026.04.17	01:02:30.377	0.78304				2
2026.04.17	01:02:32.485	0.78302	0.78362			6
2026.04.17	01:02:33.086	0.78300				2
2026.04.17	01:02:34.290	0.78303				2
2026.04.17	01:02:39.100	0.78306				2
2026.04.17	01:02:39.398	0.78303	0.78361			6
2026.04.17	01:02:42.402	0.78307	0.78364			6
2026.04.17	01:02:43.903	0.78302	0.78361			6
2026.04.17	01:02:44.503	0.78299				2
2026.04.17	01:02:49.311	0.78305	0.78362			6
2026.04.17	01:02:50.516		0.78364			4
2026.04.17	01:02:51.714	0.78307				2
2026.04.17	01:02:55.620	0.78305				2
2026.04.17	01:02:58.024	0.78307				2
2026.04.17	01:02:58.327	0.78306	0.78361			6
2026.04.17	01:02:59.524	0.78304	0.78359			6
2026.04.17	01:03:00.130	0.78308	0.78363			6
2026.04.17	01:03:01.329	0.78321				2
2026.04.17	01:03:07.337	0.78305				2
2026.04.17	01:03:07.941	0.78322				2
2026.04.17	01:03:38.610	0.78300	0.78359			6
2026.04.17	01:03:38.911	0.78289	0.78360			6
2026.04.17	01:03:39.215	0.78303	0.78357			6
2026.04.17	01:03:40.418	0.78317				2
2026.04.17	01:03:40.714	0.78301	0.78362			6
2026.04.17	01:03:41.618	0.78312				2
2026.04.17	01:03:46.731		0.78360			4
2026.04.17	01:03:48.527		0.78358			4
2026.04.17	01:03:49.429		0.78359			4
2026.04.17	01:03:56.039		0.78358			4
2026.04.17	01:03:57.542		0.78359			4
2026.04.17	01:04:00.248	0.78312	0.78357			6
2026.04.17	01:04:00.846		0.78358			4
2026.04.17	01:04:07.459		0.78359			4
2026.04.17	01:04:10.767		0.78361			4
2026.04.17	01:04:12.566		0.78359			4
2026.04.17	01:04:13.776		0.78361			4
2026.04.17	01:04:14.074		0.78356			4
2026.04.17	01:04:27.307		0.78357			4
2026.04.17	01:04:28.507		0.78359			4
2026.04.17	01:04:28.804		0.78360			4
2026.04.17	01:04:30.609		0.78357			4
2026.04.17	01:04:35.128		0.78355			4
2026.04.17	01:04:40.836		0.78353			4
2026.04.17	01:04:41.738	0.78313				2
2026.04.17	01:04:44.138		0.78359			4
2026.04.17	01:04:45.040		0.78357			4
2026.04.17	01:04:45.338		0.78355			4
2026.04.17	01:04:50.441		0.78354			4
2026.04.17	01:04:54.947		0.78355			4
2026.04.17	01:05:00.056	0.78313				2
2026.04.17	01:05:01.552		0.78356			4
2026.04.17	01:05:06.967	0.78352	0.78361			6
2026.04.17	01:05:07.274	0.78314				2
2026.04.17	01:05:07.577	0.78352				2
2026.04.17	01:05:07.877	0.78314				2
2026.04.17	01:05:08.178	0.78352				2
2026.04.17	01:05:08.480	0.78314				2
2026.04.17	01:05:09.682	0.78352				2
2026.04.17	01:05:09.977	0.78314				2
2026.04.17	01:05:10.282	0.78352				2
2026.04.17	01:05:10.582	0.78314				2
2026.04.17	01:05:16.912		0.78360			4
2026.04.17	01:05:23.519		0.78357			4
2026.04.17	01:05:26.231		0.78359			4
2026.04.17	01:05:26.530	0.78297				2
2026.04.17	01:05:26.833	0.78298	0.78350			6
2026.04.17	01:05:27.137	0.78301	0.78358			6
2026.04.17	01:05:27.733		0.78357			4
2026.04.17	01:05:28.336	0.78300				2
2026.04.17	01:05:28.933	0.78301	0.78354			6
2026.04.17	01:05:30.138	0.78305	0.78355			6
2026.04.17	01:05:36.444	0.78303	0.78353			6
2026.04.17	01:05:38.843	0.78307				2
2026.04.17	01:05:44.249		0.78354			4
2026.04.17	01:05:46.952		0.78345			4
2026.04.17	01:05:53.869	0.78295				2
2026.04.17	01:05:54.171		0.78344			4
2026.04.17	01:05:54.771	0.78301	0.78343			6
2026.04.17	01:05:55.066		0.78344			4
2026.04.17	01:05:58.070	0.78298	0.78346			6
2026.04.17	01:05:58.368		0.78348			4
2026.04.17	01:05:58.671	0.78299	0.78351			6
2026.04.17	01:06:00.176	0.78299				2
2026.04.17	01:06:04.086	0.78301	0.78349			6
2026.04.17	01:06:08.900		0.78340			4
2026.04.17	01:06:09.202		0.78342			4
2026.04.17	01:06:14.309		0.78339			4
2026.04.17	01:06:24.219		0.78343			4
2026.04.17	01:06:24.520		0.78342			4
2026.04.17	01:06:30.525		0.78341			4
2026.04.17	01:06:39.241	0.78302	0.78344			6
2026.04.17	01:06:42.548	0.78307				2
2026.04.17	01:06:42.850	0.78302				2
2026.04.17	01:06:44.050	0.78307				2
2026.04.17	01:06:44.352	0.78302				2
2026.04.17	01:06:54.269		0.78343			4
2026.04.17	01:07:00.292	0.78302				2
2026.04.17	01:07:04.203		0.78346			4
2026.04.17	01:07:08.704	0.78298	0.78343			6
2026.04.17	01:07:18.923	0.78296	0.78344			6
2026.04.17	01:07:20.129	0.78297				2
2026.04.17	01:07:20.432		0.78343			4
2026.04.17	01:07:26.441		0.78346			4
2026.04.17	01:07:26.744		0.78344			4
2026.04.17	01:07:30.347		0.78342			4
2026.04.17	01:07:32.747	0.78298				2
2026.04.17	01:07:37.560		0.78341			4
2026.04.17	01:07:53.194	0.78297				2
2026.04.17	01:07:54.390	0.78298				2
2026.04.17	01:08:00.106	0.78298				2
2026.04.17	01:08:04.015		0.78343			4
2026.04.17	01:08:07.628	0.78297				2
2026.04.17	01:08:09.433	0.78298				2
2026.04.17	01:08:13.942		0.78342			4
2026.04.17	01:08:16.646		0.78341			4
2026.04.17	01:08:20.851	0.78299				2
2026.04.17	01:08:28.974	0.78298	0.78342			6
2026.04.17	01:08:31.381	0.78299	0.78340			6
2026.04.17	01:08:32.281		0.78341			4
2026.04.17	01:08:39.201		0.78343			4
2026.04.17	01:08:41.906		0.78341			4
2026.04.17	01:08:43.107	0.78300				2
2026.04.17	01:08:46.414		0.78342			4
2026.04.17	01:08:51.522	0.78299				2
2026.04.17	01:08:56.633		0.78338			4
2026.04.17	01:09:00.233	0.78299				2
2026.04.17	01:09:00.534	0.78300				2
2026.04.17	01:09:06.846	0.78301	0.78340			6
2026.04.17	01:09:07.145		0.78338			4
2026.04.17	01:09:07.446	0.78300				2
2026.04.17	01:09:07.749		0.78337			4
2026.04.17	01:09:12.257	0.78299				2
2026.04.17	01:09:19.786	0.78300				2
2026.04.17	01:09:26.100	0.78301				2
2026.04.17	01:09:28.807	0.78302				2
2026.04.17	01:09:34.216	0.78301	0.78336			6
2026.04.17	01:09:34.820	0.78297	0.78334			6
2026.04.17	01:09:35.121	0.78299				2
2026.04.17	01:09:39.327		0.78335			4
2026.04.17	01:09:45.335	0.78295				2
2026.04.17	01:09:47.139		0.78334			4
2026.04.17	01:09:51.645	0.78300	0.78336			6
2026.04.17	01:09:53.144		0.78337			4
2026.04.17	01:09:53.446	0.78298				2
2026.04.17	01:09:55.553	0.78299				2
2026.04.17	01:09:57.355	0.78298				2
2026.04.17	01:10:00.058	0.78298				2
2026.04.17	01:10:00.364	0.78297				2
2026.04.17	01:10:03.667	0.78296				2
2026.04.17	01:10:06.374	0.78297				2
2026.04.17	01:10:10.289	0.78296				2
2026.04.17	01:10:10.589		0.78335			4
2026.04.17	01:10:10.893	0.78297				2
2026.04.17	01:10:20.502		0.78334			4
2026.04.17	01:10:21.401	0.78301				2
2026.04.17	01:10:21.703	0.78297				2
2026.04.17	01:10:22.905	0.78298				2
2026.04.17	01:10:26.207	0.78297				2
2026.04.17	01:10:29.510	0.78299				2
2026.04.17	01:10:33.716	0.78296	0.78332			6
2026.04.17	01:10:34.315	0.78295				2
2026.04.17	01:10:46.336	0.78298	0.78333			6
2026.04.17	01:10:47.838		0.78332			4
2026.04.17	01:10:54.152		0.78329			4
2026.04.17	01:10:54.753		0.78332			4
2026.04.17	01:11:00.172	0.78298				2
2026.04.17	01:11:01.970	0.78295	0.78331			6
2026.04.17	01:11:06.784	0.78296	0.78330			6
2026.04.17	01:11:26.615	0.78297				2
2026.04.17	01:11:27.814	0.78296				2
2026.04.17	01:11:32.627	0.78295				2
2026.04.17	01:11:34.129	0.78296				2
2026.04.17	01:11:47.039	0.78297	0.78332			6
2026.04.17	01:11:52.153	0.78298	0.78331			6
2026.04.17	01:11:53.358	0.78297	0.78332			6
2026.04.17	01:12:00.271	0.78297				2
2026.04.17	01:12:00.873	0.78298				2
2026.04.17	01:12:01.474	0.78297				2
2026.04.17	01:12:05.387	0.78298				2
2026.04.17	01:12:10.797	0.78297				2
2026.04.17	01:12:11.098	0.78298				2
2026.04.17	01:12:11.397	0.78299				2
2026.04.17	01:12:11.702		0.78331			4
2026.04.17	01:12:12.000	0.78298				2
2026.04.17	01:12:12.303	0.78297	0.78332			6
2026.04.17	01:12:17.103	0.78298				2
2026.04.17	01:12:18.304	0.78299				2
2026.04.17	01:12:20.707	0.78298				2
2026.04.17	01:12:21.610	0.78297				2
2026.04.17	01:12:23.408	0.78298				2
2026.04.17	01:12:24.312		0.78329			4
2026.04.17	01:12:26.420	0.78296	0.78328			6
2026.04.17	01:12:30.633		0.78327			4
2026.04.17	01:12:31.836		0.78326			4
2026.04.17	01:12:36.042		0.78327			4
2026.04.17	01:12:45.952	0.78298	0.78329			6
2026.04.17	01:12:46.248		0.78327			4
2026.04.17	01:12:46.848	0.78293				2
2026.04.17	01:12:48.955	0.78294				2
2026.04.17	01:12:50.456		0.78328			4
2026.04.17	01:12:52.265	0.78295				2
2026.04.17	01:13:00.079	0.78295				2
2026.04.17	01:13:16.608	0.78297				2
2026.04.17	01:13:17.810	0.78298				2
2026.04.17	01:13:32.539		0.78327			4
2026.04.17	01:13:43.048	0.78300	0.78328			6
2026.04.17	01:13:43.353	0.78298				2
2026.04.17	01:13:49.966	0.78299				2
2026.04.17	01:13:52.966	0.78302	0.78331			6
2026.04.17	01:13:55.375	0.78303				2
2026.04.17	01:14:00.198	0.78303				2
2026.04.17	01:14:08.312	0.78302				2
2026.04.17	01:14:17.944	0.78303				2
2026.04.17	01:14:19.747	0.78302				2
2026.04.17	01:14:29.371	0.78303				2
2026.04.17	01:14:33.884	0.78301	0.78333			6
2026.04.17	01:14:34.182	0.78306	0.78334			6
2026.04.17	01:14:34.484	0.78302				2
2026.04.17	01:14:37.189	0.78305	0.78335			6
2026.04.17	01:14:38.391	0.78306	0.78334			6
2026.04.17	01:14:40.198	0.78302				2
2026.04.17	01:14:43.500	0.78303				2
2026.04.17	01:14:45.902	0.78311	0.78329			6
2026.04.17	01:15:00.032	0.78311				2
2026.04.17	01:15:11.144	0.78310	0.78328			6
2026.04.17	01:15:27.076	0.78311	0.78329			6
2026.04.17	01:15:32.790	0.78314	0.78331			6
2026.04.17	01:16:00.137	0.78314				2
2026.04.17	01:16:05.238	0.78315	0.78332			6
2026.04.17	01:16:42.217	0.78320	0.78337			6
2026.04.17	01:16:45.828	0.78321				2
2026.04.17	01:16:50.337	0.78320				2
2026.04.17	01:17:00.253	0.78320				2
2026.04.17	01:17:03.257	0.78323	0.78339			6
2026.04.17	01:17:43.827	0.78325	0.78341			6
2026.04.17	01:18:00.048	0.78325				2
2026.04.17	01:18:02.158	0.78326	0.78343			6
2026.04.17	01:18:03.057	0.78327				2
2026.04.17	01:18:04.271	0.78326				2
2026.04.17	01:18:09.384	0.78322	0.78338			6
2026.04.17	01:18:10.589	0.78323				2
2026.04.17	01:18:16.302	0.78324				2
2026.04.17	01:18:46.052	0.78325				2
2026.04.17	01:18:47.554	0.78328	0.78343			6
2026.04.17	01:18:50.862	0.78327				2
2026.04.17	01:18:53.271	0.78326				2
2026.04.17	01:18:54.474	0.78327				2
2026.04.17	01:18:55.680	0.78326				2
2026.04.17	01:18:56.580	0.78327				2
2026.04.17	01:19:00.205	0.78327				2
2026.04.17	01:19:06.207	0.78326	0.78342			6
2026.04.17	01:19:08.313	0.78327				2
2026.04.17	01:19:11.013	0.78326				2
2026.04.17	01:19:11.615	0.78325				2
2026.04.17	01:19:12.217	0.78326				2
2026.04.17	01:19:13.118	0.78327				2
2026.04.17	01:19:14.620	0.78325				2
2026.04.17	01:19:17.623	0.78326				2
2026.04.17	01:19:30.246	0.78327				2
2026.04.17	01:19:43.797	0.78326				2
2026.04.17	01:19:46.800	0.78327				2
2026.04.17	01:20:00.023	0.78327				2
2026.04.17	01:20:04.829	0.78326	0.78341			6
2026.04.17	01:20:07.235	0.78324				2
2026.04.17	01:20:11.744	0.78325				2
2026.04.17	01:20:17.455	0.78324				2
2026.04.17	01:20:17.757	0.78325				2
2026.04.17	01:20:21.064	0.78324				2
2026.04.17	01:20:24.967	0.78325				2
2026.04.17	01:20:26.172	0.78324				2
2026.04.17	01:20:30.684	0.78325				2
2026.04.17	01:20:31.591	0.78324				2
2026.04.17	01:20:35.799	0.78327	0.78342			6
2026.04.17	01:20:52.639	0.78328				2
2026.04.17	01:20:57.449	0.78326				2
2026.04.17	01:20:57.748	0.78327				2
2026.04.17	01:21:00.157	0.78327				2
2026.04.17	01:21:05.270	0.78328				2
2026.04.17	01:21:06.775		0.78343			4
2026.04.17	01:21:07.076	0.78329				2
2026.04.17	01:21:07.977	0.78328				2
2026.04.17	01:21:08.278		0.78342			4
2026.04.17	01:21:35.633		0.78343			4
2026.04.17	01:21:45.842		0.78342			4
2026.04.17	01:21:47.045	0.78329				2
2026.04.17	01:21:47.344	0.78328				2
2026.04.17	01:21:53.343	0.78329				2
2026.04.17	01:22:00.265	0.78329				2
2026.04.17	01:22:02.368	0.78321	0.78337			6
2026.04.17	01:22:02.670	0.78322	0.78338			6
2026.04.17	01:22:13.198	0.78323				2
2026.04.17	01:22:18.008		0.78337			4
2026.04.17	01:22:18.308		0.78338			4
2026.04.17	01:22:18.610		0.78337			4
2026.04.17	01:22:30.629		0.78338			4
2026.04.17	01:22:31.831	0.78324				2
2026.04.17	01:22:33.330	0.78323				2
2026.04.17	01:22:35.136	0.78324				2
2026.04.17	01:22:40.540		0.78337			4
2026.04.17	01:22:41.141	0.78323				2
2026.04.17	01:22:43.544	0.78324	0.78338			6
2026.04.17	01:23:00.101	0.78324				2
2026.04.17	01:23:07.306	0.78325				2
2026.04.17	01:23:28.345		0.78337			4
2026.04.17	01:23:59.330	0.78324				2
2026.04.17	01:23:59.630		0.78338			4
2026.04.17	01:24:00.235	0.78324				2
2026.04.17	01:24:09.843		0.78337			4
2026.04.17	01:24:14.351	0.78325				2
2026.04.17	01:24:26.676	0.78328	0.78338			6
2026.04.17	01:24:26.977	0.78326				2
2026.04.17	01:24:33.298	0.78327				2
2026.04.17	01:24:35.703	0.78328				2
2026.04.17	01:24:39.910	0.78327				2
2026.04.17	01:24:53.139	0.78328	0.78337			6
2026.04.17	01:25:00.051	0.78328				2
2026.04.17	01:25:01.252	0.78327	0.78338			6
2026.04.17	01:25:03.957	0.78328	0.78337			6
2026.04.17	01:25:05.460	0.78327	0.78338			6
2026.04.17	01:25:11.496	0.78328				2
2026.04.17	01:25:11.796		0.78337			4
2026.04.17	01:25:14.198	0.78330	0.78341			6
2026.04.17	01:25:30.722	0.78329	0.78340			6
2026.04.17	01:25:37.639	0.78330				2
2026.04.17	01:25:44.245	0.78329				2
2026.04.17	01:26:00.201	0.78329				2
2026.04.17	01:26:04.103	0.78328	0.78339			6
2026.04.17	01:26:13.414	0.78327				2
2026.04.17	01:26:16.428	0.78329				2
2026.04.17	01:26:17.325	0.78328				2
2026.04.17	01:26:18.828	0.78329				2
2026.04.17	01:26:54.914		0.78340			4
2026.04.17	01:27:00.033	0.78329				2
2026.04.17	01:27:03.040	0.78324	0.78333			6
2026.04.17	01:27:03.340	0.78323				2
2026.04.17	01:27:04.842	0.78322				2
2026.04.17	01:27:05.142		0.78332			4
2026.04.17	01:27:07.844	0.78321				2
2026.04.17	01:27:08.446	0.78320	0.78331			6
2026.04.17	01:27:10.550	0.78321				2
2026.04.17	01:27:16.268		0.78332			4
2026.04.17	01:27:19.875	0.78318	0.78330			6
2026.04.17	01:27:22.282	0.78317				2
2026.04.17	01:27:27.399	0.78318				2
2026.04.17	01:27:29.204	0.78317				2
2026.04.17	01:27:33.713	0.78318				2
2026.04.17	01:27:34.916	0.78317				2
2026.04.17	01:28:00.154	0.78317				2
2026.04.17	01:28:20.012		0.78330			4
2026.04.17	01:28:28.434	0.78318	0.78331			6
2026.04.17	01:28:28.739		0.78330			4
2026.04.17	01:28:37.760		0.78331			4
2026.04.17	01:28:39.563	0.78319				2
2026.04.17	01:28:46.782	0.78318				2
2026.04.17	01:28:53.999		0.78330			4
2026.04.17	01:28:54.302		0.78331			4
2026.04.17	01:28:57.902	0.78319				2
2026.04.17	01:28:58.804	0.78318				2
2026.04.17	01:29:00.003	0.78318				2
2026.04.17	01:29:00.906	0.78319				2
2026.04.17	01:29:13.235	0.78318				2
2026.04.17	01:29:16.838	0.78320	0.78334			6
2026.04.17	01:29:17.136	0.78318	0.78331			6
2026.04.17	01:29:17.439	0.78319				2
2026.04.17	01:29:18.336		0.78332			4
2026.04.17	01:29:18.639		0.78331			4
2026.04.17	01:29:19.537		0.78330			4
2026.04.17	01:29:21.642	0.78320	0.78333			6
2026.04.17	01:29:38.781	0.78319	0.78331			6
2026.04.17	01:29:45.097	0.78318	0.78330			6
2026.04.17	01:29:45.999		0.78331			4
2026.04.17	01:29:46.902	0.78319				2
2026.04.17	01:29:56.214	0.78320	0.78333			6
2026.04.17	01:30:00.124	0.78320				2
2026.04.17	01:30:02.230	0.78324	0.78327			6
2026.04.17	01:30:04.934	0.78320	0.78333			6
2026.04.17	01:30:05.238	0.78321				2
2026.04.17	01:30:14.852	0.78323	0.78335			6
2026.04.17	01:30:15.153	0.78324	0.78337			6
2026.04.17	01:30:15.457	0.78325	0.78336			6
2026.04.17	01:30:16.353		0.78337			4
2026.04.17	01:30:18.763	0.78331	0.78343			6
2026.04.17	01:30:20.260		0.78344			4
2026.04.17	01:30:20.561	0.78329	0.78345			6
2026.04.17	01:30:22.963	0.78330	0.78344			6
2026.04.17	01:30:53.934	0.78327	0.78338			6
2026.04.17	01:30:55.740		0.78339			4
2026.04.17	01:30:57.843		0.78338			4
2026.04.17	01:30:58.745	0.78329	0.78341			6
2026.04.17	01:31:00.247	0.78329				2
2026.04.17	01:31:02.347		0.78342			4
2026.04.17	01:31:04.153		0.78341			4
2026.04.17	01:31:13.790		0.78342			4
2026.04.17	01:31:18.602	0.78330	0.78341			6
2026.04.17	01:31:18.901		0.78342			4
2026.04.17	01:31:21.608		0.78341			4
2026.04.17	01:31:48.659	0.78329				2
2026.04.17	01:31:50.460		0.78340			4
2026.04.17	01:31:52.867	0.78330	0.78341			6
2026.04.17	01:31:54.368	0.78329	0.78342			6
2026.04.17	01:31:56.470		0.78341			4
2026.04.17	01:32:00.089	0.78329				2
2026.04.17	01:32:04.597		0.78340			4
2026.04.17	01:32:04.898	0.78330				2
2026.04.17	01:32:12.110		0.78339			4
2026.04.17	01:32:13.309		0.78340			4
2026.04.17	01:32:16.319	0.78329				2
2026.04.17	01:32:19.324	0.78330				2
2026.04.17	01:32:23.531		0.78341			4
2026.04.17	01:32:25.932		0.78340			4
2026.04.17	01:32:26.234		0.78341			4
2026.04.17	01:32:29.834		0.78340			4
2026.04.17	01:32:31.339		0.78341			4
2026.04.17	01:32:33.143		0.78340			4
2026.04.17	01:32:34.948		0.78339			4
2026.04.17	01:32:35.247		0.78340			4
2026.04.17	01:32:41.863		0.78341			4
2026.04.17	01:32:43.666		0.78340			4
2026.04.17	01:32:46.374	0.78329	0.78339			6
2026.04.17	01:32:48.788	0.78330				2
2026.04.17	01:32:49.695	0.78328				2
2026.04.17	01:32:50.900		0.78338			4
2026.04.17	01:32:52.400		0.78339			4
2026.04.17	01:33:00.233	0.78328				2
2026.04.17	01:33:02.633		0.78338			4
2026.04.17	01:33:04.438		0.78339			4
2026.04.17	01:33:06.240	0.78330	0.78341			6
2026.04.17	01:33:08.342	0.78328	0.78338			6
2026.04.17	01:33:17.372		0.78339			4
2026.04.17	01:33:35.712	0.78329	0.78338			6
2026.04.17	01:33:36.913	0.78328	0.78339			6
2026.04.17	01:33:38.418	0.78329	0.78338			6
2026.04.17	01:33:39.320	0.78328	0.78339			6
2026.04.17	01:33:41.131		0.78338			4
2026.04.17	01:33:47.740	0.78327				2
2026.04.17	01:33:49.544	0.78328				2
2026.04.17	01:33:53.444	0.78327				2
2026.04.17	01:33:58.551	0.78328				2
2026.04.17	01:33:59.755		0.78339			4
2026.04.17	01:34:00.056	0.78328				2
2026.04.17	01:34:11.480		0.78338			4
2026.04.17	01:34:13.286	0.78329	0.78339			6
2026.04.17	01:34:13.586	0.78328				2
2026.04.17	01:34:26.808		0.78338			4
2026.04.17	01:34:27.409	0.78330	0.78340			6
2026.04.17	01:34:29.210	0.78331				2
2026.04.17	01:34:40.642	0.78330	0.78341			6
2026.04.17	01:34:58.677	0.78331				2
2026.04.17	01:35:00.185	0.78331				2
2026.04.17	01:35:30.831	0.78329	0.78340			6
2026.04.17	01:35:31.433	0.78328	0.78339			6
2026.04.17	01:35:38.041	0.78329				2
2026.04.17	01:35:38.341	0.78328				2
2026.04.17	01:35:38.938	0.78329				2
2026.04.17	01:35:39.539	0.78328				2
2026.04.17	01:35:40.445		0.78338			4
2026.04.17	01:35:40.746	0.78327	0.78339			6
2026.04.17	01:35:46.755	0.78328				2
2026.04.17	01:35:47.662		0.78338			4
2026.04.17	01:35:59.082		0.78339			4
2026.04.17	01:36:00.293	0.78328				2
2026.04.17	01:36:00.590		0.78338			4
2026.04.17	01:36:04.198		0.78339			4
2026.04.17	01:36:08.102		0.78338			4
2026.04.17	01:36:12.315		0.78339			4
2026.04.17	01:36:16.524	0.78327				2
2026.04.17	01:36:17.727	0.78328				2
2026.04.17	01:36:24.340		0.78338			4
2026.04.17	01:36:26.745		0.78339			4
2026.04.17	01:36:44.194		0.78338			4
2026.04.17	01:36:48.101	0.78327	0.78337			6
2026.04.17	01:36:54.417	0.78325	0.78336			6
2026.04.17	01:36:56.213	0.78324				2
2026.04.17	01:37:00.119	0.78324				2
2026.04.17	01:37:01.329	0.78325				2
2026.04.17	01:37:09.137	0.78324				2
2026.04.17	01:37:10.636	0.78329				2
2026.04.17	01:37:10.937	0.78324	0.78334			6
2026.04.17	01:37:11.243	0.78329	0.78336			6
2026.04.17	01:37:11.538	0.78324	0.78334			6
2026.04.17	01:37:11.843	0.78329	0.78336			6
2026.04.17	01:37:12.444	0.78324	0.78334			6
2026.04.17	01:37:12.742	0.78329	0.78336			6
2026.04.17	01:37:13.045	0.78324	0.78334			6
2026.04.17	01:37:13.342	0.78329	0.78336			6
2026.04.17	01:37:13.642	0.78324	0.78334			6
2026.04.17	01:37:13.944	0.78329	0.78336			6
2026.04.17	01:37:14.245	0.78324	0.78334			6
2026.04.17	01:37:14.843		0.78336			4
2026.04.17	01:37:27.761	0.78327	0.78338			6
2026.04.17	01:37:28.066	0.78326				2
2026.04.17	01:37:29.860	0.78327				2
2026.04.17	01:37:30.766	0.78328				2
2026.04.17	01:37:33.484	0.78327				2
2026.04.17	01:38:00.239	0.78327				2
2026.04.17	01:38:03.839		0.78339			4
2026.04.17	01:38:21.294	0.78329				2
2026.04.17	01:38:30.612	0.78328				2
2026.04.17	01:38:30.913	0.78329				2
2026.04.17	01:38:37.516	0.78330	0.78341			6
2026.04.17	01:38:49.242	0.78331				2
2026.04.17	01:38:56.761	0.78330				2
2026.04.17	01:39:00.070	0.78330				2
2026.04.17	01:39:04.579		0.78342			4
2026.04.17	01:39:15.704	0.78327	0.78340			6
2026.04.17	01:39:19.918	0.78329				2
2026.04.17	01:39:20.520	0.78327				2
2026.04.17	01:39:28.630	0.78328	0.78339			6
2026.04.17	01:39:31.334	0.78327				2
2026.04.17	01:39:33.741	0.78331	0.78341			6
2026.04.17	01:39:34.944	0.78330	0.78342			6
2026.04.17	01:39:35.548	0.78329				2
2026.04.17	01:39:52.405	0.78328	0.78339			6
2026.04.17	01:39:57.503		0.78340			4
2026.04.17	01:39:59.910		0.78339			4
2026.04.17	01:40:00.212	0.78328				2
2026.04.17	01:40:00.812		0.78340			4
2026.04.17	01:40:10.145		0.78339			4
2026.04.17	01:40:28.485	0.78327	0.78338			6
2026.04.17	01:40:28.783		0.78339			4
2026.04.17	01:41:00.057	0.78327				2
2026.04.17	01:41:05.448		0.78340			4
2026.04.17	01:41:50.878		0.78339			4
2026.04.17	01:42:00.204	0.78327				2
2026.04.17	01:42:08.612		0.78340			4
2026.04.17	01:42:09.515		0.78339			4
2026.04.17	01:42:13.126		0.78340			4
2026.04.17	01:42:14.628		0.78339			4
2026.04.17	01:42:19.440		0.78340			4
2026.04.17	01:42:29.069		0.78339			4
2026.04.17	01:42:35.994		0.78340			4
2026.04.17	01:42:43.801	0.78326	0.78339			6
2026.04.17	01:43:00.035	0.78326				2
2026.04.17	01:43:11.447	0.78327	0.78338			6
2026.04.17	01:43:13.848		0.78339			4
2026.04.17	01:43:16.256	0.78326				2
2026.04.17	01:43:18.658	0.78327				2
2026.04.17	01:43:25.890	0.78329	0.78341			6
2026.04.17	01:43:26.189	0.78328	0.78339			6
2026.04.17	01:43:42.140		0.78338			4
2026.04.17	01:43:43.943	0.78327				2
2026.04.17	01:43:45.448	0.78328				2
2026.04.17	01:43:56.286	0.78327	0.78339			6
2026.04.17	01:44:00.201	0.78327				2
2026.04.17	01:44:06.202	0.78328	0.78338			6
2026.04.17	01:44:27.241	0.78327				2
2026.04.17	01:44:28.744	0.78326				2
2026.04.17	01:44:30.546	0.78324	0.78336			6
2026.04.17	01:44:58.210		0.78337			4
2026.04.17	01:45:00.019	0.78324				2
2026.04.17	01:45:00.315	0.78326				2
2026.04.17	01:45:00.612	0.78324				2
2026.04.17	01:45:02.116		0.78336			4
2026.04.17	01:45:02.719	0.78325	0.78337			6
2026.04.17	01:45:03.019		0.78339			4
2026.04.17	01:45:03.318	0.78326				2
2026.04.17	01:45:20.476		0.78338			4
2026.04.17	01:45:25.322	0.78327				2
2026.04.17	01:46:02.654	0.78327				2
2026.04.17	01:46:20.527		0.78338			4
2026.04.17	01:47:02.654	0.78327				2
2026.04.17	01:47:20.596	0.78326	0.78336			6
2026.04.17	01:47:21.895	0.78325				2
2026.04.17	01:47:23.176	0.78324				2
2026.04.17	01:47:24.147	0.78325				2
2026.04.17	01:47:26.802	0.78324				2
2026.04.17	01:47:42.977	0.78325				2
2026.04.17	01:47:44.476	0.78324				2
2026.04.17	01:47:51.377	0.78325				2
2026.04.17	01:47:54.574	0.78324				2
2026.04.17	01:47:58.277	0.78325				2
2026.04.17	01:47:59.477	0.78324				2
2026.04.17	01:48:00.597	0.78324				2
2026.04.17	01:48:09.678	0.78325				2
2026.04.17	01:48:20.616	0.78326	0.78337			6
2026.04.17	01:48:22.277	0.78325				2
2026.04.17	01:48:46.532	0.78326				2
2026.04.17	01:48:46.833		0.78336			4
2026.04.17	01:49:00.558	0.78326				2
2026.04.17	01:49:00.858	0.78325	0.78337			6
2026.04.17	01:49:13.520	0.78326				2
2026.04.17	01:49:13.820		0.78336			4
2026.04.17	01:49:18.102	0.78327	0.78338			6
2026.04.17	01:49:21.077	0.78328				2
2026.04.17	01:49:21.376		0.78337			4
2026.04.17	01:49:21.676	0.78329	0.78339			6
2026.04.17	01:49:21.978	0.78331	0.78341			6
2026.04.17	01:49:38.519	0.78330				2
2026.04.17	01:49:42.502		0.78340			4
2026.04.17	01:49:43.784		0.78342			4
2026.04.17	01:49:58.576		0.78341			4
2026.04.17	01:50:00.076	0.78330				2
2026.04.17	01:50:08.425	0.78331				2
2026.04.17	01:50:18.212	0.78330				2
2026.04.17	01:50:22.877		0.78342			4
2026.04.17	01:50:25.277		0.78341			4
2026.04.17	01:50:26.777	0.78331				2
2026.04.17	01:50:29.477	0.78330				2
2026.04.17	01:50:51.977		0.78342			4
2026.04.17	01:51:00.377	0.78330				2
2026.04.17	01:51:04.753	0.78331	0.78341			6
2026.04.17	01:51:09.839	0.78330	0.78342			6
2026.04.17	01:51:17.083	0.78331				2
2026.04.17	01:51:17.385		0.78341			4
2026.04.17	01:51:51.907	0.78330				2
2026.04.17	01:51:54.077	0.78331				2
2026.04.17	01:52:01.883	0.78331				2
2026.04.17	01:52:20.476		0.78341			4
2026.04.17	01:53:00.262	0.78331				2
2026.04.17	01:53:22.472		0.78341			4
2026.04.17	01:53:53.363	0.78328	0.78339			6
2026.04.17	01:53:59.703	0.78327	0.78338			6
2026.04.17	01:54:00.185	0.78327				2
2026.04.17	01:54:00.486	0.78331	0.78341			6
2026.04.17	01:54:01.238		0.78342			4
2026.04.17	01:54:01.577		0.78341			4
2026.04.17	01:54:03.676		0.78342			4
2026.04.17	01:54:05.474		0.78343			4
2026.04.17	01:54:06.743	0.78332				2
2026.04.17	01:54:08.881		0.78344			4
2026.04.17	01:54:10.007		0.78343			4
2026.04.17	01:54:12.159	0.78331	0.78342			6
2026.04.17	01:54:35.777		0.78343			4
2026.04.17	01:54:36.427		0.78342			4
2026.04.17	01:55:05.056	0.78331				2
2026.04.17	01:55:05.356		0.78341			4
2026.04.17	01:55:11.933		0.78342			4
2026.04.17	01:55:24.077		0.78341			4
2026.04.17	01:55:26.776		0.78342			4
2026.04.17	01:55:42.977		0.78341			4
2026.04.17	01:55:52.276	0.78332				2
2026.04.17	01:56:05.540	0.78332				2
2026.04.17	01:56:45.261		0.78341			4
2026.04.17	01:56:56.724	0.78331				2
2026.04.17	01:57:05.230	0.78331				2
2026.04.17	01:57:45.676		0.78341			4
2026.04.17	01:58:02.068	0.78331				2
2026.04.17	01:58:02.979		0.78342			4
2026.04.17	01:58:05.475	0.78328	0.78340			6
2026.04.17	01:58:07.423	0.78327				2
2026.04.17	01:58:07.726		0.78339			4
2026.04.17	01:58:13.579		0.78338			4
2026.04.17	01:58:23.477	0.78328				2
2026.04.17	01:58:36.677	0.78327				2
2026.04.17	01:58:41.411		0.78339			4
2026.04.17	01:58:43.277		0.78338			4
2026.04.17	01:59:00.223	0.78327				2
2026.04.17	01:59:15.647	0.78328				2
2026.04.17	01:59:52.277		0.78338			4
2026.04.17	01:59:56.496		0.78339			4
2026.04.17	02:00:00.005	0.78328				2
2026.04.17	02:00:00.304		0.78340			4
2026.04.17	02:00:01.876	0.78329				2
2026.04.17	02:00:07.985		0.78341			4
2026.04.17	02:00:12.676	0.78328				2
2026.04.17	02:00:19.674	0.78330	0.78343			6
2026.04.17	02:00:20.326	0.78331	0.78342			6
2026.04.17	02:00:21.224		0.78343			4
2026.04.17	02:00:25.869	0.78332	0.78345			6
2026.04.17	02:00:26.172	0.78334	0.78342			6
2026.04.17	02:00:35.631		0.78343			4
2026.04.17	02:00:46.731		0.78342			4
2026.04.17	02:00:48.406		0.78341			4
2026.04.17	02:00:49.577	0.78335				2
2026.04.17	02:00:49.877		0.78342			4
2026.04.17	02:00:50.179	0.78333	0.78340			6
2026.04.17	02:00:50.486		0.78339			4
2026.04.17	02:01:00.143	0.78333				2
2026.04.17	02:01:02.445	0.78334	0.78342			6
2026.04.17	02:01:03.045	0.78333	0.78339			6
2026.04.17	02:01:07.747	0.78332				2
2026.04.17	02:01:09.184	0.78334				2
2026.04.17	02:01:10.615	0.78331	0.78337			6
2026.04.17	02:01:10.917		0.78338			4
2026.04.17	02:01:11.217		0.78336			4
2026.04.17	02:01:12.361	0.78330				2
2026.04.17	02:01:26.222	0.78331	0.78338			6
2026.04.17	02:01:29.932		0.78337			4
2026.04.17	02:01:36.177		0.78338			4
2026.04.17	02:01:45.376	0.78332				2
2026.04.17	02:01:51.304	0.78331				2
2026.04.17	02:02:01.868	0.78331				2
2026.04.17	02:02:10.189	0.78332				2
2026.04.17	02:02:15.756	0.78334	0.78337			6
2026.04.17	02:02:17.256	0.78335				2
2026.04.17	02:02:18.456	0.78332	0.78338			6
2026.04.17	02:02:37.577		0.78339			4
2026.04.17	02:02:38.965	0.78331	0.78337			6
2026.04.17	02:02:42.333		0.78338			4
2026.04.17	02:02:46.255	0.78330				2
2026.04.17	02:02:46.555		0.78337			4
2026.04.17	02:02:47.230		0.78338			4
2026.04.17	02:02:53.477		0.78337			4
2026.04.17	02:02:53.777		0.78336			4
2026.04.17	02:02:56.778	0.78329	0.78335			6
2026.04.17	02:02:59.575	0.78330				2
2026.04.17	02:03:03.314	0.78330				2
2026.04.17	02:03:07.938	0.78331	0.78338			6
2026.04.17	02:03:09.813		0.78337			4
2026.04.17	02:03:10.804	0.78332	0.78338			6
2026.04.17	02:03:30.114	0.78334	0.78340			6
2026.04.17	02:03:30.415		0.78339			4
2026.04.17	02:03:34.284	0.78333				2
2026.04.17	02:03:37.648		0.78338			4
2026.04.17	02:03:40.166		0.78339			4
2026.04.17	02:03:40.467		0.78338			4
2026.04.17	02:03:44.383		0.78339			4
2026.04.17	02:03:44.685		0.78338			4
2026.04.17	02:03:45.172		0.78339			4
2026.04.17	02:03:45.472		0.78338			4
2026.04.17	02:03:49.878		0.78339			4
2026.04.17	02:03:52.589	0.78334	0.78342			6
2026.04.17	02:03:55.424	0.78335				2
2026.04.17	02:03:58.971		0.78341			4
2026.04.17	02:04:01.162	0.78335				2
2026.04.17	02:04:02.666		0.78342			4
2026.04.17	02:04:03.976		0.78341			4
2026.04.17	02:04:10.576	0.78336				2
2026.04.17	02:04:14.323	0.78335				2
2026.04.17	02:04:14.625	0.78334				2
2026.04.17	02:04:15.596	0.78335				2
2026.04.17	02:04:18.832		0.78340			4
2026.04.17	02:04:20.477	0.78334				2
2026.04.17	02:04:21.738	0.78335				2
2026.04.17	02:04:22.041		0.78341			4
2026.04.17	02:04:26.896	0.78334				2
2026.04.17	02:04:27.196		0.78340			4
2026.04.17	02:04:27.496	0.78335	0.78341			6
2026.04.17	02:04:36.749	0.78334	0.78340			6
2026.04.17	02:04:41.896	0.78332	0.78339			6
2026.04.17	02:04:42.195	0.78334	0.78340			6
2026.04.17	02:04:44.232		0.78339			4
2026.04.17	02:04:50.801	0.78335	0.78340			6
2026.04.17	02:04:55.171	0.78334	0.78339			6
2026.04.17	02:04:57.810	0.78335				2
2026.04.17	02:04:58.109	0.78334	0.78341			6
2026.04.17	02:04:58.409		0.78339			4
2026.04.17	02:05:00.232	0.78334				2
2026.04.17	02:05:00.532	0.78335	0.78341			6
2026.04.17	02:05:01.378	0.78338	0.78344			6
2026.04.17	02:05:01.677	0.78341	0.78348			6
2026.04.17	02:05:08.262	0.78340	0.78345			6
2026.04.17	02:05:16.287		0.78346			4
2026.04.17	02:05:26.564		0.78347			4
2026.04.17	02:05:28.674		0.78346			4
2026.04.17	02:05:31.520		0.78345			4
2026.04.17	02:05:35.477		0.78346			4
2026.04.17	02:05:53.477		0.78345			4
2026.04.17	02:05:54.117		0.78346			4
2026.04.17	02:05:55.171		0.78345			4
2026.04.17	02:05:57.787		0.78347			4
2026.04.17	02:06:00.378	0.78340	0.78345			6
2026.04.17	02:06:02.284		0.78346			4
2026.04.17	02:06:02.587		0.78345			4
2026.04.17	02:06:10.773		0.78346			4
2026.04.17	02:06:13.833		0.78348			4
2026.04.17	02:06:14.133		0.78347			4
2026.04.17	02:06:17.480		0.78348			4
2026.04.17	02:06:32.802		0.78346			4
2026.04.17	02:06:35.002	0.78339	0.78345			6
2026.04.17	02:06:36.330		0.78344			4
2026.04.17	02:06:43.577	0.78338				2
2026.04.17	02:06:47.428		0.78345			4
2026.04.17	02:06:49.876	0.78339				2
2026.04.17	02:06:50.178		0.78344			4
2026.04.17	02:06:55.517	0.78340	0.78346			6
2026.04.17	02:07:00.198	0.78340				2
2026.04.17	02:07:03.511	0.78341				2
2026.04.17	02:07:04.777	0.78340				2
2026.04.17	02:07:11.177	0.78341				2
2026.04.17	02:07:11.844	0.78343	0.78351			6
2026.04.17	02:07:15.404	0.78344	0.78350			6
2026.04.17	02:07:17.085	0.78343	0.78351			6
2026.04.17	02:07:20.779	0.78345	0.78352			6
2026.04.17	02:07:25.229	0.78341	0.78349			6
2026.04.17	02:07:29.178	0.78339	0.78347			6
2026.04.17	02:07:32.479		0.78346			4
2026.04.17	02:07:34.802		0.78348			4
2026.04.17	02:07:35.103		0.78346			4
2026.04.17	02:07:35.807	0.78337	0.78344			6
2026.04.17	02:07:36.517	0.78338	0.78346			6
2026.04.17	02:08:00.227	0.78338				2
2026.04.17	02:08:02.477	0.78337				2
2026.04.17	02:08:02.778		0.78347			4
2026.04.17	02:08:09.077	0.78338				2
2026.04.17	02:08:09.377		0.78346			4
2026.04.17	02:08:10.562		0.78347			4
2026.04.17	02:08:10.862		0.78346			4
2026.04.17	02:08:14.154	0.78337	0.78348			6
2026.04.17	02:08:15.319		0.78347			4
2026.04.17	02:08:15.623	0.78338	0.78348			6
2026.04.17	02:08:19.813	0.78337				2
2026.04.17	02:08:20.112		0.78347			4
2026.04.17	02:08:21.509	0.78336	0.78346			6
2026.04.17	02:08:22.877		0.78345			4
2026.04.17	02:08:25.897	0.78335	0.78346			6
2026.04.17	02:08:26.570	0.78334	0.78344			6
2026.04.17	02:08:31.715		0.78345			4
2026.04.17	02:08:32.985		0.78344			4
2026.04.17	02:08:34.450	0.78335	0.78345			6
2026.04.17	02:08:39.454		0.78344			4
2026.04.17	02:08:40.621		0.78345			4
2026.04.17	02:08:40.921	0.78334				2
2026.04.17	02:08:41.252		0.78344			4
2026.04.17	02:09:00.022	0.78334				2
2026.04.17	02:09:04.511	0.78328	0.78341			6
2026.04.17	02:09:04.810	0.78331	0.78343			6
2026.04.17	02:09:06.124		0.78341			4
2026.04.17	02:09:07.824		0.78342			4
2026.04.17	02:09:08.873		0.78341			4
2026.04.17	02:09:10.482		0.78343			4
2026.04.17	02:09:11.550	0.78332				2
2026.04.17	02:09:14.796		0.78341			4
2026.04.17	02:09:18.237		0.78343			4
2026.04.17	02:09:30.703		0.78342			4
2026.04.17	02:09:34.274		0.78343			4
2026.04.17	02:09:40.385		0.78342			4
2026.04.17	02:09:41.530		0.78341			4
2026.04.17	02:09:44.701		0.78343			4
2026.04.17	02:09:45.653		0.78342			4
2026.04.17	02:09:47.399	0.78333	0.78344			6
2026.04.17	02:09:47.699		0.78343			4
2026.04.17	02:09:48.100		0.78341			4
2026.04.17	02:09:48.401		0.78342			4
2026.04.17	02:09:52.388		0.78341			4
2026.04.17	02:09:58.399		0.78342			4
2026.04.17	02:10:00.314	0.78333				2
2026.04.17	02:10:04.569	0.78334				2
2026.04.17	02:10:07.640		0.78344			4
2026.04.17	02:10:12.990		0.78345			4
2026.04.17	02:10:13.329		0.78344			4
2026.04.17	02:10:28.414		0.78343			4
2026.04.17	02:10:31.388		0.78344			4
2026.04.17	02:10:40.958		0.78343			4
2026.04.17	02:10:46.146		0.78344			4
2026.04.17	02:11:03.174	0.78334				2
2026.04.17	02:11:03.477	0.78333	0.78342			6
2026.04.17	02:11:03.777	0.78334				2
2026.04.17	02:11:15.399	0.78336				2
2026.04.17	02:11:15.707	0.78334	0.78341			6
2026.04.17	02:11:16.008	0.78336	0.78342			6
2026.04.17	02:11:16.321	0.78334	0.78341			6
2026.04.17	02:11:16.629	0.78336	0.78342			6
2026.04.17	02:11:16.961	0.78334	0.78341			6
2026.04.17	02:11:17.263	0.78336	0.78342			6
2026.04.17	02:11:17.563	0.78334	0.78341			6
2026.04.17	02:11:17.864	0.78336	0.78342			6
2026.04.17	02:11:18.187	0.78334	0.78341			6
2026.04.17	02:11:18.487	0.78336	0.78342			6
2026.04.17	02:11:18.787	0.78334	0.78341			6
2026.04.17	02:11:19.135		0.78342			4
2026.04.17	02:11:23.777	0.78331				2
2026.04.17	02:11:25.475	0.78332				2
2026.04.17	02:11:25.775		0.78340			4
2026.04.17	02:11:42.051	0.78331				2
2026.04.17	02:12:01.168	0.78331				2
2026.04.17	02:12:07.910	0.78332	0.78343			6
2026.04.17	02:12:09.454		0.78342			4
2026.04.17	02:12:12.387		0.78343			4
2026.04.17	02:12:30.454		0.78342			4
2026.04.17	02:12:37.258		0.78340			4
2026.04.17	02:12:38.821	0.78331				2
2026.04.17	02:13:00.227	0.78331				2
2026.04.17	02:13:00.528	0.78332				2
2026.04.17	02:13:00.828	0.78331				2
2026.04.17	02:13:05.323	0.78330				2
2026.04.17	02:13:11.497		0.78339			4
2026.04.17	02:13:15.890	0.78328	0.78335			6
2026.04.17	02:13:35.635	0.78324	0.78330			6
2026.04.17	02:13:40.941	0.78323				2
2026.04.17	02:13:45.478	0.78324				2
2026.04.17	02:14:00.226	0.78323				2
2026.04.17	02:14:07.083	0.78324	0.78331			6
2026.04.17	02:14:18.315	0.78325				2
2026.04.17	02:14:26.567	0.78326	0.78332			6
2026.04.17	02:14:31.299	0.78325				2
2026.04.17	02:14:31.900	0.78323	0.78330			6
2026.04.17	02:14:36.077		0.78331			4
2026.04.17	02:14:41.976	0.78324				2
2026.04.17	02:14:50.582		0.78330			4
2026.04.17	02:14:57.143	0.78323				2
2026.04.17	02:14:57.444		0.78331			4
2026.04.17	02:15:00.006	0.78323	0.78329			6
2026.04.17	02:15:10.095		0.78330			4
2026.04.17	02:15:10.395		0.78329			4
2026.04.17	02:15:13.782	0.78321	0.78327			6
2026.04.17	02:15:17.370	0.78317	0.78326			6
2026.04.17	02:15:17.670	0.78316				2
2026.04.17	02:15:20.336		0.78325			4
2026.04.17	02:15:53.774	0.78317				2
2026.04.17	02:15:59.666	0.78316				2
2026.04.17	02:16:01.003	0.78316				2
2026.04.17	02:16:11.758		0.78323			4
2026.04.17	02:17:01.229	0.78316				2
2026.04.17	02:17:14.215		0.78323			4
2026.04.17	02:17:57.957	0.78313	0.78322			6
2026.04.17	02:17:58.773		0.78321			4
2026.04.17	02:17:59.074	0.78312				2
2026.04.17	02:18:00.664	0.78312				2
2026.04.17	02:18:03.532	0.78310	0.78316			6
2026.04.17	02:18:08.583	0.78308	0.78315			6
2026.04.17	02:18:12.076	0.78307				2
2026.04.17	02:18:21.076	0.78308				2
2026.04.17	02:18:56.463	0.78307	0.78314			6
2026.04.17	02:18:56.765	0.78305	0.78312			6
2026.04.17	02:18:57.692		0.78311			4
2026.04.17	02:18:58.593	0.78304				2
2026.04.17	02:19:00.411	0.78304				2
2026.04.17	02:19:01.884	0.78305	0.78312			6
2026.04.17	02:19:06.697		0.78311			4
2026.04.17	02:19:10.601	0.78306				2
2026.04.17	02:19:10.901	0.78305	0.78310			6
2026.04.17	02:19:12.661		0.78309			4
2026.04.17	02:19:14.009	0.78306	0.78311			6
2026.04.17	02:19:14.309	0.78305				2
2026.04.17	02:19:14.609	0.78304	0.78307			6
2026.04.17	02:19:14.910	0.78303				2
2026.04.17	02:19:18.124	0.78297	0.78304			6
2026.04.17	02:19:18.724	0.78296	0.78302			6
2026.04.17	02:19:28.862	0.78297				2
2026.04.17	02:19:29.162	0.78296				2
2026.04.17	02:19:29.764	0.78300	0.78305			6
2026.04.17	02:19:35.671	0.78299				2
2026.04.17	02:19:41.833	0.78298				2
2026.04.17	02:20:04.813	0.78298				2
2026.04.17	02:20:18.841	0.78300	0.78307			6
2026.04.17	02:20:19.441	0.78299				2
2026.04.17	02:20:19.741	0.78300				2
2026.04.17	02:20:22.907	0.78299				2
2026.04.17	02:20:26.218	0.78300	0.78306			6
2026.04.17	02:20:41.414	0.78304	0.78311			6
2026.04.17	02:20:42.663		0.78312			4
2026.04.17	02:21:03.548	0.78305				2
2026.04.17	02:21:03.848	0.78304	0.78311			6
2026.04.17	02:21:15.233	0.78305	0.78310			6
2026.04.17	02:21:15.534	0.78304				2
2026.04.17	02:21:40.340		0.78311			4
2026.04.17	02:22:00.656	0.78304				2
2026.04.17	02:22:17.772	0.78305				2
2026.04.17	02:22:18.070	0.78303	0.78310			6
2026.04.17	02:22:18.371	0.78304				2
2026.04.17	02:22:44.079	0.78305				2
2026.04.17	02:23:00.191	0.78305				2
2026.04.17	02:23:25.577		0.78310			4
2026.04.17	02:23:27.908	0.78301	0.78306			6
2026.04.17	02:24:01.014	0.78302				2
2026.04.17	02:24:01.314	0.78312	0.78316			6
2026.04.17	02:24:01.614	0.78311				2
2026.04.17	02:24:02.517	0.78312				2
2026.04.17	02:24:07.611	0.78311				2
2026.04.17	02:24:09.647	0.78308	0.78314			6
2026.04.17	02:24:22.753	0.78306	0.78313			6
2026.04.17	02:24:24.774		0.78311			4
2026.04.17	02:24:32.484	0.78305				2
2026.04.17	02:24:37.254	0.78306				2
2026.04.17	02:24:42.235	0.78309	0.78313			6
2026.04.17	02:25:02.081	0.78309				2
2026.04.17	02:25:02.380	0.78307				2
2026.04.17	02:25:05.218	0.78305	0.78312			6
2026.04.17	02:25:49.419	0.78306				2
2026.04.17	02:26:00.259	0.78306				2
2026.04.17	02:26:05.852		0.78312			4
2026.04.17	02:26:53.495		0.78311			4
2026.04.17	02:27:02.775	0.78306				2
2026.04.17	02:27:53.671		0.78311			4
2026.04.17	02:28:01.624	0.78306				2
2026.04.17	02:28:01.925	0.78309	0.78313			6
2026.04.17	02:28:37.520	0.78311	0.78315			6
2026.04.17	02:28:45.778		0.78316			4
2026.04.17	02:28:50.495	0.78309	0.78315			6
2026.04.17	02:29:00.376	0.78309				2
2026.04.17	02:29:11.002		0.78314			4
2026.04.17	02:29:18.740	0.78308				2
2026.04.17	02:29:19.040	0.78309				2
2026.04.17	02:29:21.002		0.78313			4
2026.04.17	02:30:00.004	0.78309				2
2026.04.17	02:30:03.574	0.78308				2
2026.04.17	02:30:10.761	0.78310				2
2026.04.17	02:30:11.065	0.78311	0.78315			6
2026.04.17	02:31:00.077	0.78311				2
2026.04.17	02:31:00.377	0.78308	0.78313			6
2026.04.17	02:31:47.541	0.78309				2
2026.04.17	02:31:51.781	0.78308				2
2026.04.17	02:32:00.431	0.78308	0.78313			6
2026.04.17	02:32:19.132	0.78309				2
2026.04.17	02:32:37.277	0.78308				2
2026.04.17	02:32:55.577	0.78309				2
2026.04.17	02:33:00.679	0.78309	0.78313			6
2026.04.17	02:33:30.336	0.78310	0.78315			6
2026.04.17	02:33:35.124	0.78311				2
2026.04.17	02:34:00.077	0.78311				2
2026.04.17	02:34:31.002		0.78315			4
2026.04.17	02:34:43.665	0.78308	0.78312			6
2026.04.17	02:34:49.265	0.78307				2
2026.04.17	02:35:00.058	0.78307	0.78313			6
2026.04.17	02:35:06.156	0.78308				2
2026.04.17	02:35:14.477	0.78307				2
2026.04.17	02:35:24.982	0.78308				2
2026.04.17	02:35:43.606	0.78310	0.78315			6
2026.04.17	02:35:53.582	0.78309				2
2026.04.17	02:36:08.962	0.78309				2
2026.04.17	02:36:50.229		0.78315			4
2026.04.17	02:36:56.059	0.78311	0.78316			6
2026.04.17	02:36:59.648	0.78310				2
2026.04.17	02:37:00.500	0.78310				2
2026.04.17	02:37:27.759	0.78309				2
2026.04.17	02:37:28.420	0.78308				2
2026.04.17	02:37:38.872		0.78313			4
2026.04.17	02:37:51.854		0.78315			4
2026.04.17	02:37:57.037		0.78313			4
2026.04.17	02:38:01.749	0.78308				2
2026.04.17	02:38:02.049	0.78309	0.78315			6
2026.04.17	02:38:02.349	0.78308	0.78313			6
2026.04.17	02:38:24.255	0.78306				2
2026.04.17	02:38:26.948	0.78303	0.78309			6
2026.04.17	02:38:27.632	0.78302	0.78307			6
2026.04.17	02:38:28.832	0.78301				2
2026.04.17	02:38:32.976	0.78300				2
2026.04.17	02:38:33.276		0.78305			4
2026.04.17	02:38:34.218	0.78299				2
2026.04.17	02:38:34.520	0.78302	0.78306			6
2026.04.17	02:38:36.433		0.78307			4
2026.04.17	02:38:37.380	0.78301				2
2026.04.17	02:38:37.980	0.78302				2
2026.04.17	02:38:39.216	0.78301				2
2026.04.17	02:38:39.818	0.78302				2
2026.04.17	02:38:45.662	0.78304	0.78310			6
2026.04.17	02:39:03.563	0.78304				2
2026.04.17	02:39:17.704		0.78311			4
2026.04.17	02:39:30.218	0.78305				2
2026.04.17	02:39:42.640	0.78306	0.78312			6
2026.04.17	02:39:44.305		0.78311			4
2026.04.17	02:40:00.074	0.78306	0.78310			6
2026.04.17	02:40:01.037	0.78305				2
2026.04.17	02:40:19.651	0.78308	0.78312			6
2026.04.17	02:41:01.002	0.78308				2
2026.04.17	02:41:09.115	0.78305	0.78310			6
2026.04.17	02:41:30.351	0.78306				2
2026.04.17	02:41:54.592	0.78305				2
2026.04.17	02:42:03.838	0.78305				2
2026.04.17	02:42:10.576		0.78310			4
2026.04.17	02:42:20.562	0.78306				2
2026.04.17	02:42:33.081	0.78305				2
2026.04.17	02:43:00.366	0.78305				2
2026.04.17	02:43:03.387	0.78306				2
2026.04.17	02:43:16.480		0.78310			4
2026.04.17	02:43:20.994	0.78309				2
2026.04.17	02:43:21.292	0.78306				2
2026.04.17	02:43:21.614	0.78309				2
2026.04.17	02:43:21.930	0.78306				2
2026.04.17	02:43:22.230	0.78309				2
2026.04.17	02:43:22.530	0.78306				2
2026.04.17	02:43:22.841	0.78309				2
2026.04.17	02:43:23.154	0.78306				2
2026.04.17	02:43:23.454	0.78309				2
2026.04.17	02:43:23.767	0.78306				2
2026.04.17	02:43:24.070	0.78309				2
2026.04.17	02:43:24.371	0.78306				2
2026.04.17	02:43:47.808	0.78305				2
2026.04.17	02:43:50.899	0.78306				2
2026.04.17	02:44:02.776	0.78306				2
2026.04.17	02:44:09.748		0.78311			4
2026.04.17	02:44:34.809	0.78305				2
2026.04.17	02:44:37.702	0.78306				2
2026.04.17	02:45:00.043	0.78306				2
2026.04.17	02:45:11.903		0.78311			4
2026.04.17	02:45:19.249	0.78307				2
2026.04.17	02:45:44.353	0.78306				2
2026.04.17	02:46:02.093	0.78306				2
2026.04.17	02:46:06.105	0.78307				2
2026.04.17	02:46:12.091		0.78311			4
2026.04.17	02:47:00.116	0.78307				2
2026.04.17	02:47:09.569	0.78308				2
2026.04.17	02:47:10.432	0.78307				2
2026.04.17	02:47:12.591		0.78311			4
2026.04.17	02:47:13.901	0.78309				2
2026.04.17	02:47:18.801	0.78308				2
2026.04.17	02:47:21.002		0.78312			4
2026.04.17	02:47:31.322	0.78309				2
2026.04.17	02:47:55.964	0.78310				2
2026.04.17	02:47:56.939	0.78309				2
2026.04.17	02:47:57.784	0.78310				2
2026.04.17	02:47:58.083		0.78313			4
2026.04.17	02:48:00.398	0.78310				2
2026.04.17	02:48:00.699	0.78309				2
2026.04.17	02:48:06.257	0.78310				2
2026.04.17	02:48:06.557	0.78309				2
2026.04.17	02:48:07.158	0.78311				2
2026.04.17	02:48:07.459	0.78310	0.78315			6
2026.04.17	02:48:12.023		0.78313			4
2026.04.17	02:48:13.574	0.78309				2
2026.04.17	02:48:25.889		0.78312			4
2026.04.17	02:48:39.744	0.78310				2
2026.04.17	02:48:40.044	0.78309	0.78314			6
2026.04.17	02:49:00.342	0.78309				2
2026.04.17	02:49:01.379	0.78310	0.78315			6
2026.04.17	02:49:16.538		0.78316			4
2026.04.17	02:49:38.975	0.78311				2
2026.04.17	02:49:50.712	0.78314				2
2026.04.17	02:49:53.699	0.78313				2
2026.04.17	02:50:00.438	0.78313				2
2026.04.17	02:50:03.008	0.78314				2
2026.04.17	02:50:03.308	0.78313				2
2026.04.17	02:50:05.601	0.78314				2
2026.04.17	02:50:09.076	0.78313				2
2026.04.17	02:50:18.492		0.78316			4
2026.04.17	02:50:36.836	0.78316	0.78320			6
2026.04.17	02:50:54.930	0.78315				2
2026.04.17	02:51:00.229	0.78315				2
2026.04.17	02:51:04.268	0.78316				2
2026.04.17	02:51:20.160	0.78319	0.78321			6
2026.04.17	02:51:21.766		0.78323			4
2026.04.17	02:51:30.030	0.78318				2
2026.04.17	02:51:30.331	0.78319				2
2026.04.17	02:52:01.002	0.78319				2
2026.04.17	02:52:06.009		0.78324			4
2026.04.17	02:52:06.681		0.78323			4
2026.04.17	02:52:09.026	0.78315	0.78321			6
2026.04.17	02:52:09.935	0.78314	0.78317			6
2026.04.17	02:52:11.864	0.78313				2
2026.04.17	02:52:12.465	0.78315	0.78321			6
2026.04.17	02:52:17.361	0.78316				2
2026.04.17	02:52:52.941	0.78317				2
2026.04.17	02:52:59.050	0.78319	0.78322			6
2026.04.17	02:53:00.337	0.78319				2
2026.04.17	02:53:00.936	0.78318	0.78323			6
2026.04.17	02:53:01.237	0.78320	0.78326			6
2026.04.17	02:53:01.839	0.78319	0.78325			6
2026.04.17	02:53:02.137	0.78318				2
2026.04.17	02:53:02.438		0.78323			4
2026.04.17	02:53:03.052		0.78321			4
2026.04.17	02:53:28.285	0.78319	0.78323			6
2026.04.17	02:53:31.552	0.78321	0.78325			6
2026.04.17	02:53:36.076	0.78322				2
2026.04.17	02:53:52.905	0.78321				2
2026.04.17	02:54:03.399	0.78321				2
2026.04.17	02:54:10.228		0.78326			4
2026.04.17	02:54:15.200	0.78319				2
2026.04.17	02:54:15.500	0.78320				2
2026.04.17	02:54:29.193	0.78319				2
2026.04.17	02:54:49.938	0.78320				2
2026.04.17	02:55:01.169	0.78320				2
2026.04.17	02:55:12.498		0.78326			4
2026.04.17	02:55:41.726	0.78321				2
2026.04.17	02:56:00.839	0.78321				2
2026.04.17	02:56:12.712		0.78326			4
2026.04.17	02:56:16.512	0.78322				2
2026.04.17	02:56:33.076	0.78323				2
2026.04.17	02:56:38.267	0.78325	0.78329			6
2026.04.17	02:56:40.091		0.78330			4
2026.04.17	02:56:45.076	0.78324				2
2026.04.17	02:56:52.685		0.78329			4
2026.04.17	02:56:56.264		0.78327			4
2026.04.17	02:57:00.076	0.78323				2
2026.04.17	02:57:02.424	0.78322				2
2026.04.17	02:57:06.737	0.78321				2
2026.04.17	02:57:27.514		0.78325			4
2026.04.17	02:57:28.775	0.78320				2
2026.04.17	02:57:47.327	0.78321				2
2026.04.17	02:58:07.073	0.78321				2
2026.04.17	02:58:30.228		0.78325			4
2026.04.17	02:59:00.909	0.78321				2
2026.04.17	02:59:16.735		0.78326			4
2026.04.17	03:00:00.006	0.78321				2
2026.04.17	03:00:00.309	0.78327	0.78331			6
2026.04.17	03:00:00.908	0.78325				2
2026.04.17	03:00:04.019	0.78324	0.78327			6
2026.04.17	03:00:10.952	0.78328	0.78332			6
2026.04.17	03:00:11.252	0.78329				2
2026.04.17	03:00:32.402	0.78332	0.78337			6
2026.04.17	03:00:34.202	0.78331	0.78336			6
2026.04.17	03:00:35.130	0.78330	0.78334			6
2026.04.17	03:00:35.430		0.78333			4
2026.04.17	03:00:37.640	0.78329				2
2026.04.17	03:00:41.288	0.78330				2
2026.04.17	03:00:41.589	0.78329				2
2026.04.17	03:00:41.889	0.78334	0.78336			6
2026.04.17	03:00:42.675	0.78335				2
2026.04.17	03:00:44.462		0.78339			4
2026.04.17	03:00:45.760	0.78334	0.78338			6
2026.04.17	03:00:46.061	0.78335	0.78339			6
2026.04.17	03:00:49.277	0.78336	0.78340			6
2026.04.17	03:00:49.581	0.78340	0.78344			6
2026.04.17	03:00:50.947	0.78336	0.78341			6
2026.04.17	03:00:51.247	0.78334	0.78340			6
2026.04.17	03:00:53.574	0.78337	0.78341			6
2026.04.17	03:00:53.874	0.78336				2
2026.04.17	03:00:54.176	0.78335				2
2026.04.17	03:00:54.479		0.78339			4
2026.04.17	03:00:55.869	0.78334				2
2026.04.17	03:00:56.470	0.78335				2
2026.04.17	03:01:00.865	0.78335				2
2026.04.17	03:01:03.478	0.78337	0.78341			6
2026.04.17	03:01:05.116	0.78336				2
2026.04.17	03:01:06.016	0.78340	0.78344			6
2026.04.17	03:01:06.317	0.78338	0.78343			6
2026.04.17	03:01:08.075	0.78337	0.78341			6
2026.04.17	03:01:11.700	0.78339				2
2026.04.17	03:01:11.998	0.78338	0.78342			6
2026.04.17	03:01:12.613	0.78339				2
2026.04.17	03:01:12.913	0.78338				2
2026.04.17	03:01:13.813	0.78337	0.78341			6
2026.04.17	03:01:16.917	0.78338				2
2026.04.17	03:01:17.217	0.78339	0.78343			6
2026.04.17	03:01:18.118	0.78340				2
2026.04.17	03:01:21.205	0.78341				2
2026.04.17	03:01:22.902	0.78342				2
2026.04.17	03:01:24.375	0.78343	0.78346			6
2026.04.17	03:01:24.675	0.78344				2
2026.04.17	03:01:25.300	0.78343				2
2026.04.17	03:01:26.957	0.78345	0.78348			6
2026.04.17	03:01:32.350	0.78344	0.78346			6
2026.04.17	03:01:35.999	0.78343				2
2026.04.17	03:01:39.454	0.78344	0.78348			6
2026.04.17	03:01:40.371	0.78345	0.78349			6
2026.04.17	03:01:45.085	0.78347	0.78351			6
2026.04.17	03:01:49.352	0.78344	0.78348			6
2026.04.17	03:01:51.327	0.78342	0.78346			6
2026.04.17	03:01:59.596	0.78340	0.78344			6
2026.04.17	03:02:00.016	0.78340				2
2026.04.17	03:02:00.316	0.78339	0.78343			6
2026.04.17	03:02:00.916	0.78338				2
2026.04.17	03:02:02.760		0.78342			4
2026.04.17	03:02:03.062	0.78337	0.78339			6
2026.04.17	03:02:03.361	0.78335				2
2026.04.17	03:02:05.880	0.78336				2
2026.04.17	03:02:06.177		0.78341			4
2026.04.17	03:02:07.499	0.78335	0.78339			6
2026.04.17	03:02:12.076	0.78334				2
2026.04.17	03:02:12.376	0.78335	0.78338			6
2026.04.17	03:02:12.676	0.78334				2
2026.04.17	03:02:14.837		0.78339			4
2026.04.17	03:02:16.680	0.78336	0.78340			6
2026.04.17	03:02:17.582	0.78337				2
2026.04.17	03:02:23.840		0.78341			4
2026.04.17	03:02:30.040	0.78336				2
2026.04.17	03:02:32.377	0.78334	0.78338			6
2026.04.17	03:02:32.678	0.78333	0.78336			6
2026.04.17	03:02:33.278	0.78332				2
2026.04.17	03:02:34.948	0.78333				2
2026.04.17	03:02:38.695	0.78334	0.78338			6
2026.04.17	03:02:56.722	0.78333				2
2026.04.17	03:02:57.324	0.78334				2
2026.04.17	03:03:00.467	0.78334				2
2026.04.17	03:03:04.861	0.78333				2
2026.04.17	03:03:07.401	0.78334				2
2026.04.17	03:03:31.501	0.78335				2
2026.04.17	03:03:31.801	0.78340	0.78343			6
2026.04.17	03:03:32.102		0.78344			4
2026.04.17	03:03:40.802		0.78343			4
2026.04.17	03:03:41.104	0.78337	0.78341			6
2026.04.17	03:03:44.458	0.78338				2
2026.04.17	03:03:55.616	0.78337				2
2026.04.17	03:03:57.221	0.78329	0.78334			6
2026.04.17	03:04:00.975	0.78329				2
2026.04.17	03:04:02.150	0.78330				2
2026.04.17	03:04:11.080	0.78332	0.78336			6
2026.04.17	03:04:12.173	0.78331				2
2026.04.17	03:04:30.678	0.78333	0.78334			6
2026.04.17	03:04:31.278	0.78332	0.78333			6
2026.04.17	03:04:32.183	0.78331	0.78334			6
2026.04.17	03:04:33.387	0.78329	0.78332			6
2026.04.17	03:04:47.148		0.78333			4
2026.04.17	03:04:52.124	0.78327	0.78332			6
2026.04.17	03:04:57.167	0.78328				2
2026.04.17	03:04:57.888	0.78329				2
2026.04.17	03:04:58.188	0.78331	0.78334			6
2026.04.17	03:05:00.219	0.78331				2
2026.04.17	03:05:00.520		0.78336			4
2026.04.17	03:05:01.669	0.78332				2
2026.04.17	03:05:02.358	0.78331				2
2026.04.17	03:05:03.562	0.78332				2
2026.04.17	03:05:04.861	0.78333				2
2026.04.17	03:05:13.105	0.78334				2
2026.04.17	03:05:13.404		0.78338			4
2026.04.17	03:05:15.766		0.78339			4
2026.04.17	03:05:21.210	0.78331	0.78336			6
2026.04.17	03:05:23.304	0.78332				2
2026.04.17	03:05:23.904	0.78334	0.78338			6
2026.04.17	03:05:36.394	0.78331	0.78337			6
2026.04.17	03:05:42.466	0.78332				2
2026.04.17	03:05:45.513	0.78334				2
2026.04.17	03:05:45.813	0.78336	0.78341			6
2026.04.17	03:05:46.114	0.78334	0.78339			6
2026.04.17	03:05:50.620	0.78332	0.78336			6
2026.04.17	03:05:55.713	0.78328	0.78333			6
2026.04.17	03:06:01.459	0.78328				2
2026.04.17	03:06:04.548		0.78332			4
2026.04.17	03:06:07.543	0.78325				2
2026.04.17	03:06:08.144		0.78329			4
2026.04.17	03:06:09.315	0.78324				2
2026.04.17	03:06:10.224	0.78325				2
2026.04.17	03:06:13.423		0.78331			4
2026.04.17	03:06:16.941	0.78324	0.78329			6
2026.04.17	03:06:17.241	0.78325				2
2026.04.17	03:06:17.542	0.78324				2
2026.04.17	03:06:20.155	0.78325				2
2026.04.17	03:06:25.362		0.78330			4
2026.04.17	03:06:29.699	0.78324				2
2026.04.17	03:06:30.800	0.78325				2
2026.04.17	03:06:31.700		0.78331			4
2026.04.17	03:06:33.196	0.78326				2
2026.04.17	03:06:39.795	0.78327				2
2026.04.17	03:06:40.094	0.78328	0.78334			6
2026.04.17	03:06:44.600	0.78324	0.78330			6
2026.04.17	03:06:45.537	0.78325				2
2026.04.17	03:06:50.946	0.78324				2
2026.04.17	03:06:52.108	0.78325				2
2026.04.17	03:06:53.862	0.78324				2
2026.04.17	03:06:56.402	0.78325				2
2026.04.17	03:06:56.703	0.78328	0.78333			6
2026.04.17	03:06:57.002		0.78334			4
2026.04.17	03:06:57.602	0.78331				2
2026.04.17	03:06:59.105		0.78335			4
2026.04.17	03:07:00.396	0.78331				2
2026.04.17	03:07:02.780	0.78330				2
2026.04.17	03:07:03.512	0.78329	0.78334			6
2026.04.17	03:07:04.497	0.78328				2
2026.04.17	03:07:05.870		0.78333			4
2026.04.17	03:07:07.312	0.78326	0.78332			6
2026.04.17	03:07:08.986	0.78327				2
2026.04.17	03:07:11.604		0.78333			4
2026.04.17	03:07:12.164	0.78329				2
2026.04.17	03:07:12.464	0.78330	0.78335			6
2026.04.17	03:07:13.385	0.78331				2
2026.04.17	03:07:15.402	0.78330				2
2026.04.17	03:07:15.702	0.78331				2
2026.04.17	03:07:18.303	0.78328				2
2026.04.17	03:07:23.617	0.78329				2
2026.04.17	03:07:23.918	0.78330	0.78336			6
2026.04.17	03:07:24.219	0.78331				2
2026.04.17	03:07:31.071	0.78330				2
2026.04.17	03:07:32.463	0.78329				2
2026.04.17	03:07:32.765	0.78330	0.78337			6
2026.04.17	03:07:35.377		0.78336			4
2026.04.17	03:07:43.347	0.78329				2
2026.04.17	03:07:43.648	0.78330	0.78335			6
2026.04.17	03:07:44.010	0.78329				2
2026.04.17	03:07:44.311	0.78328				2
2026.04.17	03:07:45.109	0.78330				2
2026.04.17	03:07:45.407		0.78337			4
2026.04.17	03:07:48.796	0.78334	0.78339			6
2026.04.17	03:07:49.097		0.78340			4
2026.04.17	03:08:00.227	0.78334				2
2026.04.17	03:08:20.532		0.78341			4
2026.04.17	03:08:29.417	0.78333	0.78340			6
2026.04.17	03:08:34.076	0.78332	0.78339			6
2026.04.17	03:08:34.841	0.78335				2
2026.04.17	03:08:35.183	0.78332				2
2026.04.17	03:08:35.483	0.78333				2
2026.04.17	03:08:35.783	0.78335	0.78340			6
2026.04.17	03:08:36.085	0.78333	0.78339			6
2026.04.17	03:08:36.387	0.78335	0.78340			6
2026.04.17	03:08:36.688	0.78333	0.78339			6
2026.04.17	03:08:36.989	0.78335	0.78340			6
2026.04.17	03:08:37.289	0.78333	0.78339			6
2026.04.17	03:08:37.599	0.78335	0.78340			6
2026.04.17	03:08:38.199	0.78333	0.78339			6
2026.04.17	03:08:38.500	0.78334				2
2026.04.17	03:08:38.800	0.78332	0.78338			6
2026.04.17	03:08:39.100		0.78339			4
2026.04.17	03:08:41.720	0.78331				2
2026.04.17	03:08:42.702	0.78334	0.78340			6
2026.04.17	03:08:43.003		0.78341			4
2026.04.17	03:08:50.355	0.78336	0.78342			6
2026.04.17	03:08:53.741	0.78335				2
2026.04.17	03:08:57.388	0.78336				2
2026.04.17	03:09:00.210	0.78337				2
2026.04.17	03:09:00.511		0.78344			4
2026.04.17	03:09:02.768	0.78339	0.78345			6
2026.04.17	03:09:03.070	0.78338				2
2026.04.17	03:09:04.164		0.78344			4
2026.04.17	03:09:06.178	0.78334	0.78342			6
2026.04.17	03:09:07.796		0.78341			4
2026.04.17	03:09:09.378		0.78340			4
2026.04.17	03:09:10.279	0.78333				2
2026.04.17	03:09:13.325	0.78332	0.78339			6
2026.04.17	03:09:23.982	0.78333				2
2026.04.17	03:09:30.860		0.78338			4
2026.04.17	03:09:31.157	0.78331	0.78337			6
2026.04.17	03:09:58.967	0.78333	0.78338			6
2026.04.17	03:09:59.267	0.78332				2
2026.04.17	03:10:00.136	0.78332				2
2026.04.17	03:10:01.404	0.78331	0.78337			6
2026.04.17	03:10:11.067		0.78336			4
2026.04.17	03:10:11.368	0.78329	0.78335			6
2026.04.17	03:10:19.291	0.78327	0.78333			6
2026.04.17	03:10:19.590	0.78324	0.78331			6
2026.04.17	03:10:19.893		0.78332			4
2026.04.17	03:10:24.299		0.78331			4
2026.04.17	03:10:29.638		0.78332			4
2026.04.17	03:10:33.548	0.78323	0.78331			6
2026.04.17	03:10:33.848	0.78324	0.78330			6
2026.04.17	03:10:44.166		0.78331			4
2026.04.17	03:10:44.467	0.78326				2
2026.04.17	03:10:45.369	0.78323	0.78330			6
2026.04.17	03:10:45.668	0.78324	0.78331			6
2026.04.17	03:10:49.186	0.78323	0.78330			6
2026.04.17	03:10:49.485	0.78324	0.78331			6
2026.04.17	03:10:50.400	0.78323	0.78330			6
2026.04.17	03:10:50.700	0.78322	0.78328			6
2026.04.17	03:10:52.158		0.78329			4
2026.04.17	03:10:52.759	0.78321	0.78328			6
2026.04.17	03:10:55.148		0.78327			4
2026.04.17	03:10:55.449		0.78328			4
2026.04.17	03:10:58.990	0.78322				2
2026.04.17	03:10:59.291	0.78321				2
2026.04.17	03:11:00.252	0.78321				2
2026.04.17	03:11:00.852	0.78318	0.78326			6
2026.04.17	03:11:04.601		0.78324			4
2026.04.17	03:11:06.439	0.78316	0.78323			6
2026.04.17	03:11:08.266	0.78318	0.78325			6
2026.04.17	03:11:13.164	0.78319				2
2026.04.17	03:11:18.377		0.78326			4
2026.04.17	03:11:20.228		0.78325			4
2026.04.17	03:11:22.846	0.78322	0.78329			6
2026.04.17	03:11:25.783	0.78325	0.78330			6
2026.04.17	03:11:26.888	0.78324				2
2026.04.17	03:11:29.621		0.78329			4
2026.04.17	03:11:33.289	0.78323				2
2026.04.17	03:11:33.590	0.78322	0.78328			6
2026.04.17	03:11:34.142		0.78329			4
2026.04.17	03:11:38.562	0.78324				2
2026.04.17	03:11:38.863	0.78325	0.78330			6
2026.04.17	03:11:42.108	0.78324				2
2026.04.17	03:11:48.920	0.78326	0.78332			6
2026.04.17	03:12:00.148	0.78326				2
2026.04.17	03:12:00.448		0.78331			4
2026.04.17	03:12:01.652		0.78332			4
2026.04.17	03:12:10.688	0.78327	0.78334			6
2026.04.17	03:12:12.232	0.78328				2
2026.04.17	03:12:13.502	0.78327				2
2026.04.17	03:12:14.236		0.78333			4
2026.04.17	03:12:16.142	0.78328				2
2026.04.17	03:12:16.441	0.78327				2
2026.04.17	03:12:16.742	0.78328	0.78334			6
2026.04.17	03:12:23.365	0.78327	0.78333			6
2026.04.17	03:12:23.969	0.78328				2
2026.04.17	03:12:24.270		0.78334			4
2026.04.17	03:12:24.571		0.78335			4
2026.04.17	03:12:32.263	0.78329				2
2026.04.17	03:12:32.560	0.78328	0.78336			6
2026.04.17	03:12:33.308	0.78330				2
2026.04.17	03:12:33.609		0.78337			4
2026.04.17	03:12:39.486	0.78331				2
2026.04.17	03:12:45.656	0.78330				2
2026.04.17	03:12:46.255	0.78329	0.78336			6
2026.04.17	03:12:46.931	0.78332	0.78338			6
2026.04.17	03:12:48.146	0.78331				2
2026.04.17	03:12:48.445		0.78337			4
2026.04.17	03:12:51.914	0.78330				2
2026.04.17	03:12:55.838	0.78331				2
2026.04.17	03:12:56.614	0.78330				2
2026.04.17	03:13:00.218	0.78330				2
2026.04.17	03:13:01.874	0.78331				2
2026.04.17	03:13:05.620	0.78330				2
2026.04.17	03:13:06.346	0.78332				2
2026.04.17	03:13:06.646	0.78333	0.78338			6
2026.04.17	03:13:16.709	0.78335	0.78341			6
2026.04.17	03:13:17.009	0.78336	0.78342			6
2026.04.17	03:13:17.799	0.78333	0.78340			6
2026.04.17	03:13:22.002	0.78334				2
2026.04.17	03:13:23.643	0.78333				2
2026.04.17	03:13:23.943	0.78334				2
2026.04.17	03:13:24.246		0.78341			4
2026.04.17	03:13:26.155		0.78340			4
2026.04.17	03:13:27.198		0.78341			4
2026.04.17	03:13:27.682		0.78340			4
2026.04.17	03:13:32.694	0.78333				2
2026.04.17	03:13:33.296	0.78334				2
2026.04.17	03:13:44.829	0.78336	0.78343			6
2026.04.17	03:13:51.945	0.78335				2
2026.04.17	03:13:58.234	0.78336				2
2026.04.17	03:14:00.838	0.78336				2
2026.04.17	03:14:06.420	0.78339	0.78345			6
2026.04.17	03:14:07.207	0.78338	0.78344			6
2026.04.17	03:14:16.737	0.78337				2
2026.04.17	03:14:29.194		0.78342			4
2026.04.17	03:14:30.195		0.78344			4
2026.04.17	03:14:30.696	0.78339				2
2026.04.17	03:14:31.696	0.78337				2
2026.04.17	03:14:35.274	0.78336	0.78343			6
2026.04.17	03:14:35.875		0.78344			4
2026.04.17	03:14:36.476	0.78337	0.78343			6
2026.04.17	03:14:48.854	0.78336	0.78342			6
2026.04.17	03:14:49.672	0.78337	0.78344			6
2026.04.17	03:14:49.972	0.78338				2
2026.04.17	03:14:52.543	0.78339				2
2026.04.17	03:14:56.553	0.78337	0.78343			6
2026.04.17	03:14:57.153	0.78336				2
2026.04.17	03:15:00.004	0.78336				2
2026.04.17	03:15:01.169	0.78337				2
2026.04.17	03:15:02.070	0.78340	0.78344			6
2026.04.17	03:15:02.371	0.78339	0.78345			6
2026.04.17	03:15:03.038		0.78346			4
2026.04.17	03:15:03.338		0.78345			4
2026.04.17	03:15:10.299	0.78338				2
2026.04.17	03:15:14.193		0.78344			4
2026.04.17	03:15:14.494	0.78336	0.78345			6
2026.04.17	03:15:17.571	0.78337				2
2026.04.17	03:15:18.935	0.78338				2
2026.04.17	03:15:19.723	0.78339				2
2026.04.17	03:15:25.349		0.78346			4
2026.04.17	03:15:28.972	0.78337	0.78345			6
2026.04.17	03:15:32.145	0.78338				2
2026.04.17	03:15:34.566	0.78337				2
2026.04.17	03:15:36.287	0.78338				2
2026.04.17	03:15:36.587	0.78339	0.78346			6
2026.04.17	03:15:46.680	0.78337	0.78343			6
2026.04.17	03:15:47.284		0.78344			4
2026.04.17	03:15:47.581	0.78342	0.78348			6
2026.04.17	03:15:49.713	0.78343	0.78349			6
2026.04.17	03:15:52.723	0.78342				2
2026.04.17	03:16:00.165	0.78342				2
2026.04.17	03:16:03.309	0.78343				2
2026.04.17	03:16:09.160	0.78342	0.78348			6
2026.04.17	03:16:09.459	0.78343	0.78349			6
2026.04.17	03:16:10.000	0.78345				2
2026.04.17	03:16:10.301		0.78351			4
2026.04.17	03:16:16.078	0.78344				2
2026.04.17	03:16:16.378		0.78350			4
2026.04.17	03:16:16.678		0.78351			4
2026.04.17	03:16:18.965	0.78342	0.78348			6
2026.04.17	03:16:19.265	0.78341				2
2026.04.17	03:16:24.858		0.78349			4
2026.04.17	03:16:26.058		0.78348			4
2026.04.17	03:16:30.068	0.78342				2
2026.04.17	03:16:30.949	0.78343	0.78349			6
2026.04.17	03:16:33.262		0.78350			4
2026.04.17	03:16:36.266	0.78342	0.78349			6
2026.04.17	03:16:36.868		0.78348			4
2026.04.17	03:16:37.168	0.78340	0.78347			6
2026.04.17	03:16:37.680		0.78348			4
2026.04.17	03:16:40.042	0.78341				2
2026.04.17	03:16:40.341	0.78342				2
2026.04.17	03:16:49.117		0.78349			4
2026.04.17	03:16:52.154	0.78339	0.78345			6
2026.04.17	03:16:52.754	0.78340	0.78346			6
2026.04.17	03:16:53.054	0.78339	0.78345			6
2026.04.17	03:16:53.894	0.78340				2
2026.04.17	03:16:54.196		0.78346			4
2026.04.17	03:16:54.495		0.78347			4
2026.04.17	03:16:59.332	0.78339	0.78346			6
2026.04.17	03:17:00.235	0.78339				2
2026.04.17	03:17:19.349		0.78347			4
2026.04.17	03:17:38.583		0.78346			4
2026.04.17	03:17:51.590	0.78340				2
2026.04.17	03:17:51.890	0.78339				2
2026.04.17	03:17:53.245		0.78345			4
2026.04.17	03:17:55.028	0.78341	0.78347			6
2026.04.17	03:17:57.557		0.78348			4
2026.04.17	03:17:59.129		0.78346			4
2026.04.17	03:18:02.063	0.78341				2
2026.04.17	03:18:10.556	0.78339	0.78344			6
2026.04.17	03:18:10.853		0.78343			4
2026.04.17	03:18:11.155		0.78344			4
2026.04.17	03:18:11.453	0.78337				2
2026.04.17	03:18:12.353		0.78343			4
2026.04.17	03:18:12.653		0.78344			4
2026.04.17	03:18:15.467		0.78343			4
2026.04.17	03:18:16.071		0.78344			4
2026.04.17	03:18:16.700	0.78339				2
2026.04.17	03:18:23.432		0.78345			4
2026.04.17	03:18:25.789		0.78344			4
2026.04.17	03:18:26.090		0.78345			4
2026.04.17	03:18:29.683	0.78338				2
2026.04.17	03:18:32.410	0.78337	0.78344			6
2026.04.17	03:18:35.528		0.78343			4
2026.04.17	03:18:35.829		0.78344			4
2026.04.17	03:18:36.430	0.78335	0.78342			6
2026.04.17	03:18:37.130		0.78341			4
2026.04.17	03:18:37.431	0.78334				2
2026.04.17	03:18:59.892		0.78340			4
2026.04.17	03:19:00.192	0.78334	0.78339			6
2026.04.17	03:19:00.791	0.78332	0.78337			6
2026.04.17	03:19:01.811		0.78339			4
2026.04.17	03:19:02.511		0.78338			4
2026.04.17	03:19:04.382		0.78339			4
2026.04.17	03:19:06.181		0.78338			4
2026.04.17	03:19:06.483	0.78330	0.78336			6
2026.04.17	03:19:07.946	0.78328	0.78335			6
2026.04.17	03:19:22.619		0.78334			4
2026.04.17	03:19:25.578		0.78335			4
2026.04.17	03:19:36.600		0.78334			4
2026.04.17	03:19:36.901	0.78327				2
2026.04.17	03:19:38.114		0.78332			4
2026.04.17	03:19:38.714	0.78325	0.78331			6
2026.04.17	03:19:42.734		0.78332			4
2026.04.17	03:19:59.058		0.78331			4
2026.04.17	03:19:59.357	0.78324	0.78329			6
2026.04.17	03:20:00.320	0.78324	0.78330			6
2026.04.17	03:20:00.921		0.78329			4
2026.04.17	03:20:01.788		0.78330			4
2026.04.17	03:20:06.369		0.78329			4
2026.04.17	03:20:07.268	0.78323				2
2026.04.17	03:20:11.178		0.78328			4
2026.04.17	03:20:14.245		0.78329			4
2026.04.17	03:20:16.073		0.78330			4
2026.04.17	03:20:18.131	0.78324				2
2026.04.17	03:20:18.521	0.78323				2
2026.04.17	03:20:18.821		0.78328			4
2026.04.17	03:20:29.099	0.78321	0.78326			6
2026.04.17	03:20:29.399		0.78328			4
2026.04.17	03:20:31.965		0.78327			4
2026.04.17	03:20:33.379		0.78328			4
2026.04.17	03:20:35.190	0.78326	0.78331			6
2026.04.17	03:20:35.490		0.78333			4
2026.04.17	03:20:35.791		0.78331			4
2026.04.17	03:20:36.090		0.78332			4
2026.04.17	03:20:38.404	0.78325	0.78331			6
2026.04.17	03:20:39.100		0.78332			4
2026.04.17	03:20:42.014		0.78331			4
2026.04.17	03:20:43.019		0.78332			4
2026.04.17	03:20:53.902	0.78323	0.78329			6
2026.04.17	03:20:54.205		0.78330			4
2026.04.17	03:20:54.835		0.78329			4
2026.04.17	03:20:56.870		0.78330			4
2026.04.17	03:20:58.635		0.78329			4
2026.04.17	03:20:58.936		0.78330			4
2026.04.17	03:20:59.767		0.78329			4
2026.04.17	03:21:00.067	0.78323				2
2026.04.17	03:21:00.369		0.78330			4
2026.04.17	03:21:00.729		0.78329			4
2026.04.17	03:21:01.330	0.78322				2
2026.04.17	03:21:07.595	0.78324	0.78331			6
2026.04.17	03:21:08.195		0.78330			4
2026.04.17	03:21:11.010		0.78331			4
2026.04.17	03:21:20.547		0.78330			4
2026.04.17	03:21:27.600	0.78323	0.78328			6
2026.04.17	03:21:29.746		0.78329			4
2026.04.17	03:21:33.745		0.78328			4
2026.04.17	03:21:34.350		0.78329			4
2026.04.17	03:21:34.651		0.78328			4
2026.04.17	03:21:36.280		0.78329			4
2026.04.17	03:21:36.580		0.78328			4
2026.04.17	03:21:42.546		0.78329			4
2026.04.17	03:21:50.048	0.78321	0.78327			6
2026.04.17	03:21:57.977	0.78323	0.78329			6
2026.04.17	03:22:00.215	0.78323	0.78330			6
2026.04.17	03:22:02.455	0.78325	0.78331			6
2026.04.17	03:22:08.940		0.78332			4
2026.04.17	03:22:09.940	0.78327				2
2026.04.17	03:22:10.543		0.78334			4
2026.04.17	03:22:12.808		0.78333			4
2026.04.17	03:22:14.352		0.78334			4
2026.04.17	03:22:14.952		0.78331			4
2026.04.17	03:22:20.082		0.78333			4
2026.04.17	03:22:20.380		0.78334			4
2026.04.17	03:22:24.403	0.78326				2
2026.04.17	03:22:27.427	0.78330	0.78335			6
2026.04.17	03:22:27.727		0.78336			4
2026.04.17	03:22:29.679	0.78329	0.78334			6
2026.04.17	03:22:31.357		0.78335			4
2026.04.17	03:22:34.158	0.78328				2
2026.04.17	03:22:39.926	0.78327				2
2026.04.17	03:22:42.195	0.78328				2
2026.04.17	03:22:46.148		0.78336			4
2026.04.17	03:22:51.749		0.78335			4
2026.04.17	03:23:00.183	0.78328				2
2026.04.17	03:23:03.983	0.78327				2
2026.04.17	03:23:15.209		0.78334			4
2026.04.17	03:23:15.509		0.78335			4
2026.04.17	03:23:22.806	0.78328				2
2026.04.17	03:23:25.000	0.78327				2
2026.04.17	03:23:25.300		0.78334			4
2026.04.17	03:23:25.601		0.78335			4
2026.04.17	03:23:25.900		0.78334			4
2026.04.17	03:23:28.655		0.78333			4
2026.04.17	03:23:28.955	0.78325				2
2026.04.17	03:23:31.139	0.78326				2
2026.04.17	03:23:31.439	0.78327				2
2026.04.17	03:23:31.740	0.78326				2
2026.04.17	03:23:36.077	0.78325				2
2026.04.17	03:23:39.223		0.78332			4
2026.04.17	03:23:43.411	0.78324	0.78331			6
2026.04.17	03:23:45.231		0.78332			4
2026.04.17	03:23:45.747		0.78331			4
2026.04.17	03:23:46.846		0.78332			4
2026.04.17	03:23:48.176		0.78331			4
2026.04.17	03:23:48.600		0.78332			4
2026.04.17	03:24:00.076	0.78324				2
2026.04.17	03:24:00.680	0.78326				2
2026.04.17	03:24:00.979		0.78333			4
2026.04.17	03:24:03.084	0.78327				2
2026.04.17	03:24:06.409	0.78326	0.78332			6
2026.04.17	03:24:06.709	0.78325				2
2026.04.17	03:24:08.417	0.78324	0.78331			6
2026.04.17	03:24:09.017		0.78332			4
2026.04.17	03:24:12.559	0.78325				2
2026.04.17	03:24:12.859		0.78331			4
2026.04.17	03:24:14.266	0.78326				2
2026.04.17	03:24:14.566		0.78332			4
2026.04.17	03:24:23.068	0.78327	0.78334			6
2026.04.17	03:24:27.292		0.78333			4
2026.04.17	03:24:28.897		0.78334			4
2026.04.17	03:24:39.322	0.78329	0.78335			6
2026.04.17	03:24:39.621		0.78336			4
2026.04.17	03:24:42.114		0.78335			4
2026.04.17	03:25:00.294	0.78329				2
2026.04.17	03:25:00.594	0.78328	0.78336			6
2026.04.17	03:25:03.205		0.78335			4
2026.04.17	03:25:04.266	0.78327				2
2026.04.17	03:25:07.825		0.78333			4
2026.04.17	03:25:08.122	0.78328	0.78334			6
2026.04.17	03:25:08.723	0.78327				2
2026.04.17	03:25:09.023		0.78333			4
2026.04.17	03:25:11.111	0.78328	0.78334			6
2026.04.17	03:25:20.161	0.78330	0.78336			6
2026.04.17	03:25:20.760	0.78329				2
2026.04.17	03:25:21.060	0.78328	0.78335			6
2026.04.17	03:25:26.422	0.78327	0.78334			6
2026.04.17	03:25:27.025		0.78335			4
2026.04.17	03:25:27.324		0.78334			4
2026.04.17	03:25:30.190		0.78335			4
2026.04.17	03:25:30.491	0.78328				2
2026.04.17	03:25:33.798		0.78334			4
2026.04.17	03:25:34.099	0.78326	0.78333			6
2026.04.17	03:25:35.115		0.78332			4
2026.04.17	03:25:39.619		0.78333			4
2026.04.17	03:25:40.477		0.78332			4
2026.04.17	03:25:58.523	0.78327	0.78333			6
2026.04.17	03:25:58.822	0.78326	0.78331			6
2026.04.17	03:26:00.228	0.78326				2
2026.04.17	03:26:00.528		0.78333			4
2026.04.17	03:26:10.228	0.78325				2
2026.04.17	03:26:13.660		0.78332			4
2026.04.17	03:26:23.767		0.78331			4
2026.04.17	03:26:24.068	0.78321	0.78326			6
2026.04.17	03:26:24.367	0.78320				2
2026.04.17	03:26:25.269	0.78319	0.78325			6
2026.04.17	03:26:25.569		0.78326			4
2026.04.17	03:26:26.209		0.78325			4
2026.04.17	03:26:26.811	0.78317	0.78324			6
2026.04.17	03:26:31.431		0.78323			4
2026.04.17	03:26:32.032		0.78324			4
2026.04.17	03:26:32.332	0.78319	0.78326			6
2026.04.17	03:26:41.030	0.78320				2
2026.04.17	03:26:43.901	0.78319				2
2026.04.17	03:26:49.851	0.78320				2
2026.04.17	03:26:50.151	0.78319				2
2026.04.17	03:26:52.945		0.78325			4
2026.04.17	03:26:53.544		0.78324			4
2026.04.17	03:26:53.845	0.78318	0.78325			6
2026.04.17	03:26:54.145		0.78324			4
2026.04.17	03:26:55.874		0.78325			4
2026.04.17	03:26:56.174	0.78320	0.78327			6
2026.04.17	03:26:56.475	0.78321				2
2026.04.17	03:26:59.441	0.78320	0.78326			6
2026.04.17	03:27:00.070	0.78320				2
2026.04.17	03:27:00.370		0.78325			4
2026.04.17	03:27:05.555	0.78319				2
2026.04.17	03:27:06.155		0.78326			4
2026.04.17	03:27:06.549		0.78325			4
2026.04.17	03:27:13.977		0.78326			4
2026.04.17	03:27:18.579		0.78325			4
2026.04.17	03:27:18.887		0.78326			4
2026.04.17	03:27:19.189	0.78318	0.78324			6
2026.04.17	03:27:19.489	0.78319	0.78325			6
2026.04.17	03:27:21.995	0.78318				2
2026.04.17	03:27:25.257	0.78319				2
2026.04.17	03:27:25.556	0.78318				2
2026.04.17	03:27:25.857	0.78319				2
2026.04.17	03:27:28.009		0.78326			4
2026.04.17	03:27:28.309		0.78325			4
2026.04.17	03:27:28.611	0.78320	0.78326			6
2026.04.17	03:27:29.725		0.78327			4
2026.04.17	03:27:36.418	0.78323	0.78329			6
2026.04.17	03:27:43.025	0.78322	0.78328			6
2026.04.17	03:27:57.243	0.78323	0.78329			6
2026.04.17	03:27:59.964	0.78322				2
2026.04.17	03:28:01.068	0.78322				2
2026.04.17	03:28:01.368		0.78328			4
2026.04.17	03:28:02.959		0.78329			4
2026.04.17	03:28:04.160	0.78323				2
2026.04.17	03:28:04.461	0.78322				2
2026.04.17	03:28:17.931		0.78328			4
2026.04.17	03:28:22.536		0.78329			4
2026.04.17	03:28:22.837	0.78323				2
2026.04.17	03:28:23.437	0.78322				2
2026.04.17	03:28:32.141		0.78328			4
2026.04.17	03:28:36.376		0.78329			4
2026.04.17	03:28:47.335	0.78323				2
2026.04.17	03:28:47.637	0.78324				2
2026.04.17	03:28:50.420		0.78331			4
2026.04.17	03:28:51.021	0.78325				2
2026.04.17	03:28:55.371	0.78324				2
2026.04.17	03:28:55.672	0.78323	0.78328			6
2026.04.17	03:28:55.973		0.78329			4
2026.04.17	03:28:57.278	0.78322				2
2026.04.17	03:29:00.292	0.78323				2
2026.04.17	03:29:00.593	0.78322				2
2026.04.17	03:29:06.165		0.78328			4
2026.04.17	03:29:06.941	0.78321				2
2026.04.17	03:29:07.240	0.78322	0.78329			6
2026.04.17	03:29:09.352	0.78321	0.78328			6
2026.04.17	03:29:16.663	0.78323	0.78329			6
2026.04.17	03:29:16.966	0.78321				2
2026.04.17	03:29:17.265	0.78320	0.78327			6
2026.04.17	03:29:26.982		0.78326			4
2026.04.17	03:29:36.855	0.78319				2
2026.04.17	03:29:47.890		0.78324			4
2026.04.17	03:29:48.191	0.78316	0.78323			6
2026.04.17	03:29:53.756	0.78318	0.78324			6
2026.04.17	03:30:00.105	0.78318				2
2026.04.17	03:30:03.251	0.78319	0.78326			6
2026.04.17	03:30:04.811		0.78325			4
2026.04.17	03:30:05.111	0.78317	0.78323			6
2026.04.17	03:30:11.758	0.78310	0.78316			6
2026.04.17	03:30:12.054	0.78309	0.78315			6
2026.04.17	03:30:12.486		0.78316			4
2026.04.17	03:30:12.786	0.78308	0.78314			6
2026.04.17	03:30:17.831	0.78309				2
2026.04.17	03:30:18.300	0.78308				2
2026.04.17	03:30:22.503		0.78313			4
2026.04.17	03:30:22.804	0.78309				2
2026.04.17	03:30:23.405		0.78314			4
2026.04.17	03:30:24.376	0.78308				2
2026.04.17	03:30:27.522	0.78307	0.78313			6
2026.04.17	03:30:27.839		0.78314			4
2026.04.17	03:30:31.373		0.78313			4
2026.04.17	03:30:31.974	0.78304	0.78310			6
2026.04.17	03:30:32.274	0.78303				2
2026.04.17	03:30:35.669	0.78304				2
2026.04.17	03:30:38.165	0.78303				2
2026.04.17	03:30:44.922	0.78304				2
2026.04.17	03:30:45.625		0.78311			4
2026.04.17	03:30:45.924	0.78305				2
2026.04.17	03:30:46.525	0.78304				2
2026.04.17	03:30:50.867		0.78310			4
2026.04.17	03:31:03.727	0.78304				2
2026.04.17	03:31:05.922		0.78311			4
2026.04.17	03:31:07.423		0.78310			4
2026.04.17	03:31:10.903	0.78302				2
2026.04.17	03:31:11.202	0.78303	0.78309			6
2026.04.17	03:31:11.502	0.78304	0.78310			6
2026.04.17	03:31:12.936	0.78303				2
2026.04.17	03:31:23.314	0.78304				2
2026.04.17	03:31:23.613		0.78311			4
2026.04.17	03:31:28.657		0.78310			4
2026.04.17	03:31:30.475		0.78311			4
2026.04.17	03:31:37.135		0.78310			4
2026.04.17	03:31:38.792	0.78303				2
2026.04.17	03:31:43.083		0.78309			4
2026.04.17	03:31:43.382	0.78301	0.78308			6
2026.04.17	03:31:43.683	0.78300				2
2026.04.17	03:31:44.806		0.78307			4
2026.04.17	03:31:45.748	0.78298	0.78304			6
2026.04.17	03:31:47.104	0.78297				2
2026.04.17	03:31:48.394	0.78298				2
2026.04.17	03:31:49.399	0.78297				2
2026.04.17	03:32:00.228	0.78297				2
2026.04.17	03:32:20.680	0.78300	0.78305			6
2026.04.17	03:32:20.979	0.78298				2
2026.04.17	03:32:23.896	0.78297				2
2026.04.17	03:32:45.473		0.78304			4
2026.04.17	03:32:47.717	0.78296	0.78303			6
2026.04.17	03:32:50.168		0.78302			4
2026.04.17	03:32:53.977	0.78294	0.78301			6
2026.04.17	03:32:54.278	0.78292	0.78298			6
2026.04.17	03:32:54.579	0.78291	0.78299			6
2026.04.17	03:32:55.192	0.78292				2
2026.04.17	03:32:56.452	0.78295	0.78301			6
2026.04.17	03:32:57.194	0.78294				2
2026.04.17	03:32:59.134	0.78295				2
2026.04.17	03:33:00.324	0.78295				2
2026.04.17	03:33:00.625	0.78297	0.78303			6
2026.04.17	03:33:18.460		0.78302			4
2026.04.17	03:33:20.505	0.78296				2
2026.04.17	03:33:21.105	0.78297				2
2026.04.17	03:33:21.405	0.78296				2
2026.04.17	03:33:22.141	0.78295	0.78301			6
2026.04.17	03:33:22.742	0.78294				2
2026.04.17	03:33:30.723		0.78302			4
2026.04.17	03:33:32.999		0.78301			4
2026.04.17	03:33:41.241	0.78295				2
2026.04.17	03:33:42.139		0.78302			4
2026.04.17	03:33:46.977	0.78296				2
2026.04.17	03:33:50.777	0.78297	0.78303			6
2026.04.17	03:33:52.527	0.78298				2
2026.04.17	03:33:53.592	0.78297				2
2026.04.17	03:33:57.077	0.78298				2
2026.04.17	03:34:00.040	0.78298				2
2026.04.17	03:34:07.673		0.78304			4
2026.04.17	03:34:12.706	0.78299	0.78305			6
2026.04.17	03:34:16.014	0.78300				2
2026.04.17	03:34:16.313	0.78304	0.78309			6
2026.04.17	03:34:16.613		0.78311			4
2026.04.17	03:34:17.697		0.78310			4
2026.04.17	03:34:24.784		0.78311			4
2026.04.17	03:34:28.754		0.78310			4
2026.04.17	03:34:43.122		0.78311			4
2026.04.17	03:34:44.316		0.78310			4
2026.04.17	03:34:44.615		0.78311			4
2026.04.17	03:34:46.801		0.78310			4
2026.04.17	03:34:49.329		0.78311			4
2026.04.17	03:35:01.002	0.78304				2
2026.04.17	03:35:03.035	0.78305				2
2026.04.17	03:35:04.664	0.78304				2
2026.04.17	03:35:04.965	0.78310	0.78316			6
2026.04.17	03:35:06.384		0.78317			4
2026.04.17	03:35:08.458	0.78312				2
2026.04.17	03:35:08.759	0.78311	0.78318			6
2026.04.17	03:35:09.381	0.78312				2
2026.04.17	03:35:09.784	0.78311				2
2026.04.17	03:35:15.141	0.78312				2
2026.04.17	03:35:30.191	0.78311				2
2026.04.17	03:35:32.871	0.78310				2
2026.04.17	03:35:33.789	0.78311				2
2026.04.17	03:35:45.400	0.78309	0.78314			6
2026.04.17	03:35:46.380		0.78316			4
2026.04.17	03:35:58.149		0.78315			4
2026.04.17	03:36:00.510	0.78309				2
2026.04.17	03:36:03.365		0.78316			4
2026.04.17	03:36:03.965	0.78310				2
2026.04.17	03:36:05.636		0.78315			4
2026.04.17	03:36:05.937		0.78316			4
2026.04.17	03:36:06.657	0.78312				2
2026.04.17	03:36:06.958		0.78318			4
2026.04.17	03:36:08.210	0.78311				2
2026.04.17	03:36:08.690	0.78312				2
2026.04.17	03:36:10.719	0.78313	0.78319			6
2026.04.17	03:36:28.704	0.78316	0.78322			6
2026.04.17	03:36:35.709		0.78323			4
2026.04.17	03:36:37.345	0.78318	0.78324			6
2026.04.17	03:36:39.638	0.78319				2
2026.04.17	03:36:39.938		0.78325			4
2026.04.17	03:36:44.196	0.78318				2
2026.04.17	03:36:44.496	0.78319				2
2026.04.17	03:36:46.787		0.78326			4
2026.04.17	03:36:51.677		0.78325			4
2026.04.17	03:36:56.228		0.78326			4
2026.04.17	03:36:56.933		0.78325			4
2026.04.17	03:36:58.579	0.78318				2
2026.04.17	03:36:59.180	0.78319				2
2026.04.17	03:37:00.227	0.78319				2
2026.04.17	03:37:02.950		0.78326			4
2026.04.17	03:37:06.494		0.78325			4
2026.04.17	03:37:24.016	0.78316	0.78322			6
2026.04.17	03:37:24.317	0.78317	0.78323			6
2026.04.17	03:37:24.948	0.78318	0.78324			6
2026.04.17	03:37:28.198	0.78317	0.78323			6
2026.04.17	03:37:37.936	0.78318				2
2026.04.17	03:37:38.235		0.78325			4
2026.04.17	03:37:45.236		0.78324			4
2026.04.17	03:38:00.275	0.78318				2
2026.04.17	03:38:00.574		0.78325			4
2026.04.17	03:38:00.875		0.78324			4
2026.04.17	03:38:01.777	0.78317	0.78323			6
2026.04.17	03:38:05.686	0.78318	0.78325			6
2026.04.17	03:38:10.528		0.78324			4
2026.04.17	03:38:11.836	0.78319				2
2026.04.17	03:38:12.136		0.78326			4
2026.04.17	03:38:14.127		0.78325			4
2026.04.17	03:38:19.683	0.78321	0.78327			6
2026.04.17	03:38:20.612	0.78322				2
2026.04.17	03:38:22.730	0.78321				2
2026.04.17	03:38:23.031	0.78322	0.78328			6
2026.04.17	03:38:24.352	0.78320				2
2026.04.17	03:38:24.652	0.78321				2
2026.04.17	03:38:27.740		0.78327			4
2026.04.17	03:38:28.884	0.78322	0.78328			6
2026.04.17	03:38:29.957	0.78321	0.78327			6
2026.04.17	03:38:30.258	0.78320	0.78326			6
2026.04.17	03:38:34.400	0.78321	0.78328			6
2026.04.17	03:38:38.096		0.78329			4
2026.04.17	03:38:39.684	0.78322				2
2026.04.17	03:38:53.555		0.78328			4
2026.04.17	03:38:53.856	0.78321	0.78327			6
2026.04.17	03:38:55.744	0.78319	0.78326			6
2026.04.17	03:39:00.380	0.78319				2
2026.04.17	03:39:12.140		0.78325			4
2026.04.17	03:39:15.820		0.78326			4
2026.04.17	03:39:26.160	0.78320				2
2026.04.17	03:39:26.461	0.78321	0.78327			6
2026.04.17	03:39:29.011	0.78320				2
2026.04.17	03:39:29.312		0.78326			4
2026.04.17	03:39:32.609	0.78319				2
2026.04.17	03:39:34.553	0.78320				2
2026.04.17	03:39:35.473	0.78321				2
2026.04.17	03:39:35.775		0.78327			4
2026.04.17	03:39:36.462		0.78328			4
2026.04.17	03:39:37.685		0.78327			4
2026.04.17	03:39:41.283	0.78320	0.78326			6
2026.04.17	03:39:44.104	0.78319				2
2026.04.17	03:39:55.000	0.78318	0.78325			6
2026.04.17	03:39:55.300		0.78324			4
2026.04.17	03:39:56.415		0.78326			4
2026.04.17	03:40:00.109	0.78318				2
2026.04.17	03:40:02.456	0.78319				2
2026.04.17	03:40:13.534	0.78318	0.78324			6
2026.04.17	03:40:14.773		0.78325			4
2026.04.17	03:40:15.074		0.78326			4
2026.04.17	03:40:17.378	0.78319				2
2026.04.17	03:40:38.429		0.78325			4
2026.04.17	03:41:00.104	0.78319				2
2026.04.17	03:41:06.646	0.78320				2
2026.04.17	03:41:07.249	0.78319				2
2026.04.17	03:41:07.979		0.78322			4
2026.04.17	03:41:08.281		0.78325			4
2026.04.17	03:41:46.368	0.78318	0.78323			6
2026.04.17	03:41:47.917	0.78317				2
2026.04.17	03:41:54.630	0.78314	0.78320			6
2026.04.17	03:41:56.691		0.78319			4
2026.04.17	03:41:56.991	0.78313				2
2026.04.17	03:42:01.976	0.78313				2
2026.04.17	03:42:02.277	0.78314				2
2026.04.17	03:42:10.838	0.78315				2
2026.04.17	03:42:11.140	0.78314				2
2026.04.17	03:42:11.741	0.78315				2
2026.04.17	03:42:12.040	0.78314				2
2026.04.17	03:42:12.341	0.78315				2
2026.04.17	03:42:12.642	0.78314				2
2026.04.17	03:42:12.942	0.78315				2
2026.04.17	03:42:13.242	0.78314				2
2026.04.17	03:42:13.542	0.78315				2
2026.04.17	03:42:13.842	0.78314				2
2026.04.17	03:42:14.156	0.78315				2
2026.04.17	03:42:14.470	0.78314				2
2026.04.17	03:42:18.605	0.78313				2
2026.04.17	03:42:20.355	0.78314				2
2026.04.17	03:42:21.736	0.78313				2
2026.04.17	03:42:22.116	0.78314				2
2026.04.17	03:42:22.417	0.78315	0.78320			6
2026.04.17	03:42:23.368	0.78314	0.78319			6
2026.04.17	03:42:28.353	0.78313				2
2026.04.17	03:42:41.936	0.78314				2
2026.04.17	03:42:43.654	0.78315	0.78320			6
2026.04.17	03:42:46.979	0.78314	0.78319			6
2026.04.17	03:43:00.209	0.78314				2
2026.04.17	03:43:04.771	0.78313				2
2026.04.17	03:43:28.601	0.78312	0.78316			6
2026.04.17	03:43:33.686	0.78311				2
2026.04.17	03:43:36.759	0.78310				2
2026.04.17	03:43:38.782	0.78309				2
2026.04.17	03:43:40.180	0.78310				2
2026.04.17	03:43:43.256	0.78311				2
2026.04.17	03:43:44.353	0.78310				2
2026.04.17	03:43:48.146	0.78311				2
2026.04.17	03:43:48.748	0.78310				2
2026.04.17	03:43:49.048	0.78311				2
2026.04.17	03:43:49.754	0.78310				2
2026.04.17	03:43:59.697	0.78311				2
2026.04.17	03:44:00.847	0.78311				2
2026.04.17	03:44:18.250	0.78312				2
2026.04.17	03:44:18.550	0.78311				2
2026.04.17	03:44:18.853	0.78312				2
2026.04.17	03:44:19.153	0.78311				2
2026.04.17	03:44:29.250		0.78316			4
2026.04.17	03:44:30.307	0.78312				2
2026.04.17	03:44:43.310		0.78317			4
2026.04.17	03:44:44.227	0.78311				2
2026.04.17	03:44:44.528	0.78312				2
2026.04.17	03:44:51.935	0.78310	0.78316			6
2026.04.17	03:44:53.106	0.78311				2
2026.04.17	03:44:56.459	0.78310				2
2026.04.17	03:45:00.063	0.78310				2
2026.04.17	03:45:00.363	0.78311				2
2026.04.17	03:45:01.264	0.78312				2
2026.04.17	03:45:01.564	0.78313	0.78317			6
2026.04.17	03:45:12.420	0.78312				2
2026.04.17	03:45:17.318	0.78313				2
2026.04.17	03:45:31.778	0.78312				2
2026.04.17	03:45:36.810	0.78313				2
2026.04.17	03:45:40.872	0.78312				2
2026.04.17	03:45:51.183	0.78315	0.78319			6
2026.04.17	03:45:51.785	0.78316				2
2026.04.17	03:45:53.895	0.78317				2
2026.04.17	03:45:54.195	0.78318	0.78321			6
2026.04.17	03:45:56.257	0.78316				2
2026.04.17	03:45:56.559	0.78313	0.78318			6
2026.04.17	03:45:57.173	0.78315				2
2026.04.17	03:45:57.474	0.78314				2
2026.04.17	03:46:00.215	0.78314				2
2026.04.17	03:46:17.747	0.78313				2
2026.04.17	03:46:18.047	0.78312				2
2026.04.17	03:46:18.349	0.78313				2
2026.04.17	03:46:18.649	0.78312				2
2026.04.17	03:46:19.249	0.78311	0.78317			6
2026.04.17	03:46:20.452	0.78312				2
2026.04.17	03:46:21.053	0.78310				2
2026.04.17	03:46:21.353	0.78312				2
2026.04.17	03:46:21.654	0.78310				2
2026.04.17	03:46:22.255	0.78311				2
2026.04.17	03:46:22.556	0.78310				2
2026.04.17	03:46:23.527	0.78311				2
2026.04.17	03:46:23.830	0.78310	0.78316			6
2026.04.17	03:46:25.061	0.78309				2
2026.04.17	03:46:27.802	0.78310				2
2026.04.17	03:46:28.403	0.78311				2
2026.04.17	03:46:28.704	0.78310				2
2026.04.17	03:46:29.305	0.78309	0.78315			6
2026.04.17	03:46:43.676	0.78308				2
2026.04.17	03:46:52.204	0.78309				2
2026.04.17	03:46:52.505	0.78302	0.78307			6
2026.04.17	03:46:55.497	0.78303				2
2026.04.17	03:47:00.003	0.78303				2
2026.04.17	03:47:11.663	0.78304	0.78309			6
2026.04.17	03:47:22.954	0.78307	0.78312			6
2026.04.17	03:47:27.821	0.78306				2
