<DATE>	<TIME>	<BID>	<ASK>	<LAST>	<VOLUME>	<FLAGS>
2026.04.10	00:03:30.549	0.78799	0.79126			6
2026.04.10	00:04:15.211	0.78799				2
2026.04.10	00:04:41.984		0.79126			4
2026.04.10	00:05:00.386	0.78799	0.79138			6
2026.04.10	00:05:00.688		0.79110			4
2026.04.10	00:05:00.992	0.78838				2
2026.04.10	00:05:01.414		0.79107			4
2026.04.10	00:05:01.715		0.79114			4
2026.04.10	00:05:20.179		0.79115			4
2026.04.10	00:05:32.566	0.78793	0.79095			6
2026.04.10	00:05:36.673	0.78809				2
2026.04.10	00:05:48.603	0.78769				2
2026.04.10	00:05:57.662	0.78773				2
2026.04.10	00:06:00.156	0.78773				2
2026.04.10	00:06:02.728	0.78791				2
2026.04.10	00:06:06.736	0.78809				2
2026.04.10	00:06:27.567	0.78930				2
2026.04.10	00:06:41.112		0.79095			4
2026.04.10	00:07:09.702	0.78930				2
2026.04.10	00:07:51.985		0.79095			4
2026.04.10	00:08:00.156	0.78930				2
2026.04.10	00:08:30.115		0.79079			4
2026.04.10	00:09:00.073	0.78930				2
2026.04.10	00:09:12.570	0.78924				2
2026.04.10	00:09:26.650		0.79071			4
2026.04.10	00:09:29.817		0.79069			4
2026.04.10	00:09:58.563		0.79088			4
2026.04.10	00:10:00.071	0.78924				2
2026.04.10	00:10:01.388		0.79086			4
2026.04.10	00:10:10.334		0.79077			4
2026.04.10	00:10:10.635		0.79087			4
2026.04.10	00:10:20.652	0.78925	0.79029			6
2026.04.10	00:10:22.754	0.78910	0.79014			6
2026.04.10	00:10:34.492		0.79015			4
2026.04.10	00:10:40.504		0.79002			4
2026.04.10	00:10:54.920		0.78985			4
2026.04.10	00:10:58.823		0.78991			4
2026.04.10	00:11:00.029	0.78910	0.78985			6
2026.04.10	00:11:01.831		0.78986			4
2026.04.10	00:11:02.733		0.78995			4
2026.04.10	00:11:03.937		0.78996			4
2026.04.10	00:11:09.958		0.78986			4
2026.04.10	00:11:10.259		0.78996			4
2026.04.10	00:11:14.472	0.78874	0.79071			6
2026.04.10	00:11:14.774	0.78882				2
2026.04.10	00:11:15.429		0.79086			4
2026.04.10	00:11:15.729	0.78934				2
2026.04.10	00:11:34.214		0.79071			4
2026.04.10	00:11:57.574	0.78935				2
2026.04.10	00:12:02.638	0.78935				2
2026.04.10	00:12:14.123	0.78955				2
2026.04.10	00:14:39.174	0.78958	0.79020			6
2026.04.10	00:14:39.997	0.78948	0.79007			6
2026.04.10	00:14:40.601		0.79013			4
2026.04.10	00:14:40.904		0.79007			4
2026.04.10	00:14:55.150		0.79011			4
2026.04.10	00:15:00.133	0.78948				2
2026.04.10	00:15:11.263	0.78958	0.79019			6
2026.04.10	00:15:15.117	0.78973	0.79077			6
2026.04.10	00:16:00.537	0.78973				2
2026.04.10	00:16:02.869		0.79082			4
2026.04.10	00:16:04.109	0.78964				2
2026.04.10	00:16:07.372		0.79080			4
2026.04.10	00:16:08.449		0.79083			4
2026.04.10	00:16:39.947	0.78933				2
2026.04.10	00:16:40.247	0.78945	0.79085			6
2026.04.10	00:16:42.129		0.79084			4
2026.04.10	00:16:46.659	0.78959				2
2026.04.10	00:16:49.960	0.78985				2
2026.04.10	00:17:01.087	0.78985				2
2026.04.10	00:17:05.037	0.78986				2
2026.04.10	00:17:21.831		0.79085			4
2026.04.10	00:17:22.132	0.78987				2
2026.04.10	00:17:27.589	0.78973	0.79083			6
2026.04.10	00:17:33.831		0.79084			4
2026.04.10	00:17:37.815	0.78983				2
2026.04.10	00:17:42.520		0.79086			4
2026.04.10	00:18:00.401	0.78983				2
2026.04.10	00:18:32.617	0.78989				2
2026.04.10	00:18:42.522		0.79088			4
2026.04.10	00:19:03.237	0.78989	0.79087			6
2026.04.10	00:19:15.530		0.79084			4
2026.04.10	00:19:27.236	0.78991				2
2026.04.10	00:19:36.838	0.78992				2
2026.04.10	00:20:03.853	0.78992	0.79085			6
2026.04.10	00:20:05.209	0.78993	0.79087			6
2026.04.10	00:20:05.508		0.79085			4
2026.04.10	00:20:07.138	0.78994				2
2026.04.10	00:20:23.339	0.78995				2
2026.04.10	00:20:37.988	0.79001				2
2026.04.10	00:20:58.512		0.79097			4
2026.04.10	00:21:01.698	0.79001				2
2026.04.10	00:21:32.796	0.79008	0.79096			6
2026.04.10	00:22:01.437	0.79008				2
2026.04.10	00:22:27.797	0.79012				2
2026.04.10	00:22:36.537		0.79096			4
2026.04.10	00:22:36.838		0.79095			4
2026.04.10	00:23:01.087	0.79012				2
2026.04.10	00:23:02.637		0.79094			4
2026.04.10	00:23:11.310		0.79095			4
2026.04.10	00:23:13.651		0.79094			4
2026.04.10	00:23:20.338		0.79093			4
2026.04.10	00:23:22.799	0.79013				2
2026.04.10	00:23:44.938		0.79094			4
2026.04.10	00:24:01.089	0.79013				2
2026.04.10	00:24:33.751		0.79101			4
2026.04.10	00:25:03.458	0.79013				2
2026.04.10	00:25:41.985		0.79101			4
2026.04.10	00:26:05.038	0.79013				2
2026.04.10	00:26:43.407		0.79101			4
2026.04.10	00:26:56.076		0.79085			4
2026.04.10	00:27:00.892	0.79013				2
2026.04.10	00:27:01.193		0.79101			4
2026.04.10	00:27:02.803	0.79018	0.79106			6
2026.04.10	00:27:17.322		0.79082			4
2026.04.10	00:27:21.187	0.78986	0.79078			6
2026.04.10	00:27:33.611	0.78961	0.79077			6
2026.04.10	00:27:45.837		0.79078			4
2026.04.10	00:27:51.841	0.78923				2
2026.04.10	00:28:00.237	0.78923				2
2026.04.10	00:28:01.437		0.79079			4
2026.04.10	00:28:14.646		0.79080			4
2026.04.10	00:28:19.161		0.79081			4
2026.04.10	00:28:21.837		0.79080			4
2026.04.10	00:28:22.741		0.79081			4
2026.04.10	00:28:25.741		0.79082			4
2026.04.10	00:28:35.524		0.79081			4
2026.04.10	00:28:46.832	0.78924				2
2026.04.10	00:28:54.597		0.79082			4
2026.04.10	00:28:56.066		0.79083			4
2026.04.10	00:28:56.367		0.79082			4
2026.04.10	00:28:57.361		0.79083			4
2026.04.10	00:29:00.238	0.78924				2
2026.04.10	00:29:02.637		0.79084			4
2026.04.10	00:29:08.468		0.79082			4
2026.04.10	00:29:11.038		0.79083			4
2026.04.10	00:29:19.164		0.79084			4
2026.04.10	00:29:20.945		0.79083			4
2026.04.10	00:29:30.710		0.79084			4
2026.04.10	00:29:36.869		0.79083			4
2026.04.10	00:29:38.165		0.79085			4
2026.04.10	00:29:38.467		0.79083			4
2026.04.10	00:29:39.964		0.79085			4
2026.04.10	00:29:44.763		0.79084			4
2026.04.10	00:29:55.397		0.79085			4
2026.04.10	00:30:00.078	0.78924				2
2026.04.10	00:30:00.378		0.79084			4
2026.04.10	00:30:02.038		0.79085			4
2026.04.10	00:30:03.238		0.79084			4
2026.04.10	00:30:07.371		0.79085			4
2026.04.10	00:30:10.263		0.79084			4
2026.04.10	00:30:13.624		0.79085			4
2026.04.10	00:30:13.925		0.79086			4
2026.04.10	00:30:14.530		0.79084			4
2026.04.10	00:30:16.212		0.79086			4
2026.04.10	00:30:18.972		0.79084			4
2026.04.10	00:30:24.177		0.79085			4
2026.04.10	00:30:34.059		0.79086			4
2026.04.10	00:30:35.641		0.79085			4
2026.04.10	00:31:01.437	0.78924				2
2026.04.10	00:31:07.551		0.79086			4
2026.04.10	00:31:07.854		0.79085			4
2026.04.10	00:31:08.154		0.79086			4
2026.04.10	00:31:09.851		0.79087			4
2026.04.10	00:31:10.152		0.79085			4
2026.04.10	00:31:13.582		0.79087			4
2026.04.10	00:31:15.736		0.79086			4
2026.04.10	00:31:16.036		0.79087			4
2026.04.10	00:31:17.461		0.79086			4
2026.04.10	00:31:18.964		0.79087			4
2026.04.10	00:31:19.264		0.79086			4
2026.04.10	00:31:20.464		0.79087			4
2026.04.10	00:31:21.964		0.79086			4
2026.04.10	00:31:25.899		0.79085			4
2026.04.10	00:31:26.200		0.79080			4
2026.04.10	00:31:27.983		0.79082			4
2026.04.10	00:31:31.834	0.78933				2
2026.04.10	00:31:32.135		0.79080			4
2026.04.10	00:31:32.435		0.79082			4
2026.04.10	00:31:37.287		0.79080			4
2026.04.10	00:31:48.362		0.79083			4
2026.04.10	00:32:00.044	0.78933	0.79080			6
2026.04.10	00:32:08.607		0.79083			4
2026.04.10	00:32:08.908		0.79081			4
2026.04.10	00:32:13.623		0.79083			4
2026.04.10	00:32:13.924		0.79081			4
2026.04.10	00:32:14.931		0.79084			4
2026.04.10	00:32:15.231		0.79081			4
2026.04.10	00:32:15.533		0.79084			4
2026.04.10	00:32:19.990		0.79081			4
2026.04.10	00:32:27.436		0.79084			4
2026.04.10	00:32:31.860		0.79081			4
2026.04.10	00:32:37.570		0.79084			4
2026.04.10	00:32:37.870		0.79081			4
2026.04.10	00:32:38.170		0.79084			4
2026.04.10	00:32:41.755		0.79081			4
2026.04.10	00:32:44.030		0.79084			4
2026.04.10	00:32:48.538		0.79083			4
2026.04.10	00:32:54.944		0.79084			4
2026.04.10	00:33:00.237	0.78933				2
2026.04.10	00:33:02.638		0.79083			4
2026.04.10	00:33:15.407		0.79082			4
2026.04.10	00:33:21.837	0.78945				2
2026.04.10	00:33:24.431	0.78958				2
2026.04.10	00:33:29.146		0.79081			4
2026.04.10	00:33:32.165		0.79083			4
2026.04.10	00:33:35.337		0.79081			4
2026.04.10	00:33:43.340		0.79083			4
2026.04.10	00:33:43.641		0.79081			4
2026.04.10	00:33:43.941		0.79082			4
2026.04.10	00:33:46.353		0.79084			4
2026.04.10	00:33:47.253		0.79082			4
2026.04.10	00:33:49.882		0.79083			4
2026.04.10	00:33:50.183		0.79082			4
2026.04.10	00:33:54.065		0.79083			4
2026.04.10	00:33:55.577		0.79082			4
2026.04.10	00:33:56.903		0.79083			4
2026.04.10	00:33:59.597		0.79082			4
2026.04.10	00:34:00.551	0.78958				2
2026.04.10	00:34:02.534		0.79083			4
2026.04.10	00:34:07.991		0.79081			4
2026.04.10	00:34:10.225		0.79083			4
2026.04.10	00:34:13.702		0.79080			4
2026.04.10	00:34:19.433	0.78960				2
2026.04.10	00:34:21.948		0.79082			4
2026.04.10	00:34:25.861		0.79083			4
2026.04.10	00:34:26.461		0.79081			4
2026.04.10	00:34:28.813		0.79083			4
2026.04.10	00:34:35.037		0.79082			4
2026.04.10	00:34:38.338		0.79083			4
2026.04.10	00:34:40.862		0.79082			4
2026.04.10	00:34:43.643		0.79080			4
2026.04.10	00:34:44.458		0.79081			4
2026.04.10	00:34:46.773		0.79080			4
2026.04.10	00:34:47.723		0.79081			4
2026.04.10	00:34:49.089		0.79080			4
2026.04.10	00:34:53.037		0.79079			4
2026.04.10	00:34:53.337		0.79081			4
2026.04.10	00:34:56.337		0.79082			4
2026.04.10	00:35:00.567	0.78960				2
2026.04.10	00:35:00.872		0.79080			4
2026.04.10	00:35:10.449		0.79077			4
2026.04.10	00:35:14.056		0.79079			4
2026.04.10	00:35:14.734		0.79077			4
2026.04.10	00:35:32.467		0.79079			4
2026.04.10	00:35:36.237		0.79077			4
2026.04.10	00:35:36.537		0.79078			4
2026.04.10	00:35:39.536		0.79077			4
2026.04.10	00:35:48.166		0.79078			4
2026.04.10	00:35:49.156		0.79077			4
2026.04.10	00:35:51.510		0.79078			4
2026.04.10	00:35:55.273		0.79076			4
2026.04.10	00:35:59.637		0.79077			4
2026.04.10	00:36:00.505	0.78960				2
2026.04.10	00:36:00.806		0.79078			4
2026.04.10	00:36:03.065		0.79079			4
2026.04.10	00:36:04.177		0.79078			4
2026.04.10	00:36:08.162		0.79075			4
2026.04.10	00:36:14.339		0.79077			4
2026.04.10	00:36:16.221		0.79075			4
2026.04.10	00:36:21.366		0.79076			4
2026.04.10	00:36:24.962		0.79077			4
2026.04.10	00:36:26.371		0.79076			4
2026.04.10	00:36:29.239		0.79077			4
2026.04.10	00:36:32.253		0.79076			4
2026.04.10	00:36:33.274		0.79077			4
2026.04.10	00:36:33.575		0.79076			4
2026.04.10	00:36:36.790	0.78947				2
2026.04.10	00:36:37.098		0.79077			4
2026.04.10	00:36:40.029		0.79076			4
2026.04.10	00:36:40.811		0.79077			4
2026.04.10	00:36:42.628		0.79076			4
2026.04.10	00:36:54.096		0.79077			4
2026.04.10	00:36:58.920		0.79076			4
2026.04.10	00:36:59.681		0.79077			4
2026.04.10	00:37:01.457	0.78947				2
2026.04.10	00:37:01.760		0.79075			4
2026.04.10	00:37:03.028		0.79076			4
2026.04.10	00:37:08.991		0.79075			4
2026.04.10	00:37:12.273		0.79076			4
2026.04.10	00:37:13.423		0.79075			4
2026.04.10	00:37:15.202		0.79076			4
2026.04.10	00:37:15.503		0.79074			4
2026.04.10	00:37:20.194		0.79076			4
2026.04.10	00:37:23.465		0.79075			4
2026.04.10	00:37:29.162		0.79076			4
2026.04.10	00:37:29.463		0.79074			4
2026.04.10	00:37:31.792	0.78950				2
2026.04.10	00:37:35.161		0.79076			4
2026.04.10	00:37:36.367		0.79075			4
2026.04.10	00:37:37.066		0.79076			4
2026.04.10	00:37:40.257		0.79075			4
2026.04.10	00:37:53.466		0.79076			4
2026.04.10	00:37:54.040		0.79075			4
2026.04.10	00:37:57.119		0.79074			4
2026.04.10	00:38:02.867	0.78950				2
2026.04.10	00:38:03.170		0.79075			4
2026.04.10	00:38:08.745		0.79074			4
2026.04.10	00:38:19.060		0.79075			4
2026.04.10	00:38:22.011		0.79073			4
2026.04.10	00:38:22.311		0.79075			4
2026.04.10	00:38:23.755		0.79073			4
2026.04.10	00:38:24.055		0.79075			4
2026.04.10	00:38:24.375		0.79073			4
2026.04.10	00:38:26.025		0.79075			4
2026.04.10	00:38:29.234		0.79073			4
2026.04.10	00:38:29.536		0.79074			4
2026.04.10	00:38:31.657		0.79073			4
2026.04.10	00:38:33.033		0.79074			4
2026.04.10	00:38:33.968		0.79073			4
2026.04.10	00:38:34.573		0.79074			4
2026.04.10	00:38:36.326		0.79073			4
2026.04.10	00:38:37.975		0.79074			4
2026.04.10	00:38:38.281		0.79077			4
2026.04.10	00:38:41.466		0.79076			4
2026.04.10	00:38:42.618		0.79077			4
2026.04.10	00:38:43.624		0.79076			4
2026.04.10	00:38:49.083		0.79077			4
2026.04.10	00:38:49.384		0.79076			4
2026.04.10	00:38:53.465		0.79077			4
2026.04.10	00:38:56.411		0.79076			4
2026.04.10	00:39:00.671	0.78950				2
2026.04.10	00:39:00.972		0.79075			4
2026.04.10	00:39:03.330		0.79076			4
2026.04.10	00:39:07.865		0.79075			4
2026.04.10	00:39:09.182	0.78964				2
2026.04.10	00:39:13.102		0.79077			4
2026.04.10	00:39:16.068		0.79078			4
2026.04.10	00:39:34.795		0.79077			4
2026.04.10	00:39:36.325		0.79078			4
2026.04.10	00:39:38.051		0.79077			4
2026.04.10	00:39:41.230		0.79078			4
2026.04.10	00:39:47.849	0.78974				2
2026.04.10	00:39:50.462		0.79076			4
2026.04.10	00:39:54.512		0.79077			4
2026.04.10	00:39:56.328		0.79076			4
2026.04.10	00:39:56.630		0.79077			4
2026.04.10	00:39:57.781		0.79076			4
2026.04.10	00:40:00.766	0.78974				2
2026.04.10	00:40:01.803		0.79077			4
2026.04.10	00:40:05.161		0.79076			4
2026.04.10	00:40:12.065		0.79077			4
2026.04.10	00:40:14.523		0.79076			4
2026.04.10	00:40:34.266		0.79077			4
2026.04.10	00:40:35.010		0.79076			4
2026.04.10	00:40:36.481		0.79077			4
2026.04.10	00:40:41.145		0.79076			4
2026.04.10	00:40:42.850	0.78977				2
2026.04.10	00:40:45.536		0.79077			4
2026.04.10	00:40:51.297		0.79076			4
2026.04.10	00:40:52.862		0.79077			4
2026.04.10	00:40:53.163		0.79076			4
2026.04.10	00:40:55.023		0.79077			4
2026.04.10	00:40:56.145		0.79076			4
2026.04.10	00:40:59.462		0.79077			4
2026.04.10	00:40:59.762		0.79076			4
2026.04.10	00:41:00.450	0.78977				2
2026.04.10	00:41:17.592		0.79078			4
2026.04.10	00:41:18.196		0.79076			4
2026.04.10	00:41:18.497		0.79077			4
2026.04.10	00:41:20.155		0.79076			4
2026.04.10	00:41:23.328		0.79077			4
2026.04.10	00:41:26.192		0.79076			4
2026.04.10	00:41:28.831		0.79077			4
2026.04.10	00:41:30.522		0.79076			4
2026.04.10	00:41:33.028		0.79077			4
2026.04.10	00:41:37.851	0.78974				2
2026.04.10	00:41:39.536		0.79076			4
2026.04.10	00:41:42.063		0.79077			4
2026.04.10	00:41:42.765		0.79076			4
2026.04.10	00:41:43.065		0.79077			4
2026.04.10	00:41:50.462		0.79076			4
2026.04.10	00:41:56.328		0.79077			4
2026.04.10	00:41:59.377		0.79076			4
2026.04.10	00:42:05.160	0.78974				2
2026.04.10	00:42:12.207		0.79075			4
2026.04.10	00:42:20.194		0.79076			4
2026.04.10	00:42:20.495		0.79075			4
2026.04.10	00:42:25.387		0.79076			4
2026.04.10	00:42:29.162		0.79075			4
2026.04.10	00:42:30.378		0.79076			4
2026.04.10	00:42:50.164		0.79075			4
2026.04.10	00:42:54.764		0.79076			4
2026.04.10	00:42:55.416		0.79075			4
2026.04.10	00:42:56.028		0.79076			4
2026.04.10	00:43:00.076	0.78974				2
2026.04.10	00:43:00.378		0.79075			4
2026.04.10	00:43:01.995		0.79076			4
2026.04.10	00:43:02.296		0.79075			4
2026.04.10	00:43:02.596		0.79076			4
2026.04.10	00:43:05.728		0.79075			4
2026.04.10	00:43:10.628		0.79076			4
2026.04.10	00:43:11.465		0.79077			4
2026.04.10	00:43:11.767		0.79076			4
2026.04.10	00:43:24.275		0.79077			4
2026.04.10	00:43:24.579		0.79076			4
2026.04.10	00:43:28.148	0.78969				2
2026.04.10	00:43:34.833		0.79077			4
2026.04.10	00:43:36.838		0.79075			4
2026.04.10	00:43:43.058		0.79076			4
2026.04.10	00:43:46.326		0.79075			4
2026.04.10	00:43:48.052		0.79076			4
2026.04.10	00:43:49.067		0.79075			4
2026.04.10	00:43:50.135		0.79076			4
2026.04.10	00:43:53.333		0.79075			4
2026.04.10	00:44:02.450	0.78969	0.79076			6
2026.04.10	00:44:09.908		0.79077			4
2026.04.10	00:44:12.329		0.79076			4
2026.04.10	00:44:13.230		0.79077			4
2026.04.10	00:44:15.713		0.79075			4
2026.04.10	00:44:21.360		0.79076			4
2026.04.10	00:44:22.063		0.79077			4
2026.04.10	00:44:22.363		0.79076			4
2026.04.10	00:44:22.855	0.78970				2
2026.04.10	00:44:27.533		0.79077			4
2026.04.10	00:44:32.605		0.79076			4
2026.04.10	00:44:33.032		0.79075			4
2026.04.10	00:44:36.729		0.79074			4
2026.04.10	00:44:37.028		0.79076			4
2026.04.10	00:44:38.206		0.79074			4
2026.04.10	00:44:41.463		0.79075			4
2026.04.10	00:44:47.530		0.79076			4
2026.04.10	00:44:47.830		0.79075			4
2026.04.10	00:45:00.220	0.78970				2
2026.04.10	00:45:00.520		0.79073			4
2026.04.10	00:45:01.120		0.79072			4
2026.04.10	00:45:01.421		0.79073			4
2026.04.10	00:45:02.177	0.78905	0.79085			6
2026.04.10	00:45:02.477	0.78919	0.79062			6
2026.04.10	00:45:02.778		0.79070			4
2026.04.10	00:45:03.380		0.79072			4
2026.04.10	00:45:03.982	0.78918	0.79061			6
2026.04.10	00:45:04.589	0.78919	0.79073			6
2026.04.10	00:45:04.890	0.78968	0.79068			6
2026.04.10	00:45:06.451		0.79064			4
2026.04.10	00:45:07.052		0.79063			4
2026.04.10	00:45:07.956		0.79064			4
2026.04.10	00:45:08.858		0.79070			4
2026.04.10	00:45:21.771		0.79071			4
2026.04.10	00:45:22.072		0.79072			4
2026.04.10	00:45:22.372		0.79071			4
2026.04.10	00:45:23.910		0.79074			4
2026.04.10	00:45:34.361		0.79073			4
2026.04.10	00:45:34.963		0.79072			4
2026.04.10	00:45:37.246		0.79071			4
2026.04.10	00:45:40.439		0.79072			4
2026.04.10	00:45:40.740		0.79073			4
2026.04.10	00:45:41.039		0.79072			4
2026.04.10	00:45:45.387		0.79071			4
2026.04.10	00:45:48.538		0.79072			4
2026.04.10	00:45:51.702		0.79071			4
2026.04.10	00:45:55.580		0.79072			4
2026.04.10	00:45:57.689	0.78967				2
2026.04.10	00:46:00.372	0.78967				2
2026.04.10	00:46:00.972		0.79073			4
2026.04.10	00:46:05.637		0.79072			4
2026.04.10	00:46:07.597	0.78956	0.79073			6
2026.04.10	00:46:07.896		0.79072			4
2026.04.10	00:46:09.695		0.79073			4
2026.04.10	00:46:19.672	0.78973				2
2026.04.10	00:46:19.974		0.79076			4
2026.04.10	00:46:22.906		0.79075			4
2026.04.10	00:46:26.732		0.79073			4
2026.04.10	00:46:28.656	0.78975	0.79076			6
2026.04.10	00:46:31.023		0.79075			4
2026.04.10	00:46:31.866		0.79072			4
2026.04.10	00:46:36.635		0.79071			4
2026.04.10	00:46:38.207		0.79072			4
2026.04.10	00:46:40.111		0.79073			4
2026.04.10	00:46:40.411	0.78959	0.79072			6
2026.04.10	00:46:58.545		0.79073			4
2026.04.10	00:46:59.833		0.79071			4
2026.04.10	00:47:00.160	0.78959				2
2026.04.10	00:47:00.466		0.79072			4
2026.04.10	00:47:02.281	0.78919	0.79073			6
2026.04.10	00:47:03.184	0.78926	0.79080			6
2026.04.10	00:47:03.484	0.78920	0.79081			6
2026.04.10	00:47:04.385	0.78959	0.79072			6
2026.04.10	00:47:14.961		0.79071			4
2026.04.10	00:47:22.633		0.79072			4
2026.04.10	00:47:24.585		0.79071			4
2026.04.10	00:47:27.964	0.78938	0.79066			6
2026.04.10	00:47:28.264		0.79069			4
2026.04.10	00:47:29.547		0.79068			4
2026.04.10	00:47:32.161		0.79069			4
2026.04.10	00:47:33.662		0.79067			4
2026.04.10	00:47:36.964		0.79066			4
2026.04.10	00:47:38.135		0.79067			4
2026.04.10	00:47:39.066		0.79066			4
2026.04.10	00:47:44.362		0.79067			4
2026.04.10	00:47:49.737		0.79066			4
2026.04.10	00:47:52.232		0.79067			4
2026.04.10	00:47:57.241		0.79066			4
2026.04.10	00:47:57.541		0.79067			4
2026.04.10	00:48:00.364	0.78938				2
2026.04.10	00:48:00.664		0.79066			4
2026.04.10	00:48:02.495		0.79067			4
2026.04.10	00:48:05.038		0.79066			4
2026.04.10	00:48:06.803		0.79065			4
2026.04.10	00:48:13.737		0.79066			4
2026.04.10	00:48:17.308		0.79065			4
2026.04.10	00:48:22.737		0.79066			4
2026.04.10	00:48:23.771		0.79067			4
2026.04.10	00:48:24.438		0.79066			4
2026.04.10	00:48:31.581		0.79068			4
2026.04.10	00:48:32.385		0.79066			4
2026.04.10	00:48:32.846		0.79067			4
2026.04.10	00:48:33.147		0.79068			4
2026.04.10	00:48:36.237		0.79067			4
2026.04.10	00:48:36.538		0.79068			4
2026.04.10	00:48:36.847		0.79067			4
2026.04.10	00:48:37.737		0.79066			4
2026.04.10	00:48:46.739		0.79067			4
2026.04.10	00:48:50.039		0.79066			4
2026.04.10	00:48:52.944		0.79067			4
2026.04.10	00:48:55.745		0.79066			4
2026.04.10	00:48:57.428		0.79065			4
2026.04.10	00:48:57.730		0.79066			4
2026.04.10	00:49:00.058	0.78938				2
2026.04.10	00:49:00.357		0.79069			4
2026.04.10	00:49:00.658		0.79066			4
2026.04.10	00:49:03.029		0.79069			4
2026.04.10	00:49:03.329		0.79068			4
2026.04.10	00:49:04.983		0.79069			4
2026.04.10	00:49:06.500		0.79067			4
2026.04.10	00:49:06.800		0.79070			4
2026.04.10	00:49:08.462		0.79068			4
2026.04.10	00:49:08.763		0.79069			4
2026.04.10	00:49:10.565		0.79068			4
2026.04.10	00:49:11.840		0.79067			4
2026.04.10	00:49:12.143		0.79068			4
2026.04.10	00:49:12.765		0.79069			4
2026.04.10	00:49:13.067		0.79068			4
2026.04.10	00:49:17.956	0.78943				2
2026.04.10	00:49:18.393		0.79067			4
2026.04.10	00:49:19.893		0.79068			4
2026.04.10	00:49:20.195		0.79067			4
2026.04.10	00:49:25.258		0.79069			4
2026.04.10	00:49:26.763		0.79067			4
2026.04.10	00:49:27.064		0.79068			4
2026.04.10	00:49:29.888		0.79070			4
2026.04.10	00:49:30.188		0.79068			4
2026.04.10	00:49:33.538		0.79067			4
2026.04.10	00:49:45.484		0.79068			4
2026.04.10	00:49:48.897		0.79067			4
2026.04.10	00:49:53.289		0.79101			4
2026.04.10	00:50:01.437	0.78943				2
2026.04.10	00:50:13.145	0.78944				2
2026.04.10	00:50:53.937		0.79101			4
2026.04.10	00:51:00.837	0.78944				2
2026.04.10	00:51:07.959	0.78943				2
2026.04.10	00:51:33.237		0.79100			4
2026.04.10	00:51:42.242		0.79101			4
2026.04.10	00:52:00.238	0.78943				2
2026.04.10	00:52:02.960	0.78939				2
2026.04.10	00:52:06.238		0.79098			4
2026.04.10	00:52:06.537		0.79099			4
2026.04.10	00:52:20.937		0.79100			4
2026.04.10	00:52:31.137		0.79101			4
2026.04.10	00:52:33.609		0.79100			4
2026.04.10	00:52:36.797		0.79098			4
2026.04.10	00:52:39.897		0.79097			4
2026.04.10	00:52:52.109		0.79096			4
2026.04.10	00:52:57.961	0.78943	0.79091			6
2026.04.10	00:53:00.537	0.78943				2
2026.04.10	00:53:28.397	0.78924	0.79061			6
2026.04.10	00:54:05.170	0.78924				2
2026.04.10	00:54:06.684	0.78941				2
2026.04.10	00:54:28.543		0.79061			4
2026.04.10	00:55:00.239	0.78941				2
2026.04.10	00:55:01.732	0.78944				2
2026.04.10	00:55:09.178	0.78896	0.79095			6
2026.04.10	00:55:09.477	0.78944	0.79061			6
2026.04.10	00:55:17.023	0.78952	0.79059			6
2026.04.10	00:56:00.119	0.78952				2
2026.04.10	00:56:00.719	0.78944	0.79061			6
2026.04.10	00:56:55.446	0.78942				2
2026.04.10	00:57:00.261	0.78942				2
2026.04.10	00:57:00.862		0.79061			4
2026.04.10	00:57:50.485	0.78946	0.79059			6
2026.04.10	00:57:55.295	0.78936				2
2026.04.10	00:58:00.108	0.78936				2
2026.04.10	00:58:50.325	0.78943				2
2026.04.10	00:58:50.626		0.79059			4
2026.04.10	00:59:00.247	0.78943				2
2026.04.10	00:59:50.737		0.79059			4
2026.04.10	01:00:00.058	0.78943				2
2026.04.10	01:00:01.258	0.78892	0.79072			6
2026.04.10	01:00:01.560	0.78894	0.79071			6
2026.04.10	01:00:01.859	0.78897				2
2026.04.10	01:00:02.161	0.78950	0.79072			6
2026.04.10	01:00:02.458	0.78942	0.79051			6
2026.04.10	01:00:03.362	0.78943	0.79052			6
2026.04.10	01:00:03.963	0.78939	0.79054			6
2026.04.10	01:00:04.863	0.78960	0.79071			6
2026.04.10	01:00:05.464		0.79069			4
2026.04.10	01:00:05.765		0.79070			4
2026.04.10	01:00:06.068		0.79071			4
2026.04.10	01:00:07.568		0.79086			4
2026.04.10	01:00:07.870		0.79087			4
2026.04.10	01:00:09.072		0.79086			4
2026.04.10	01:00:12.076		0.79085			4
2026.04.10	01:00:15.378		0.79086			4
2026.04.10	01:00:16.279		0.79080			4
2026.04.10	01:00:19.583		0.79081			4
2026.04.10	01:00:19.883		0.79083			4
2026.04.10	01:00:21.382	0.78985	0.79081			6
2026.04.10	01:00:21.682		0.79079			4
2026.04.10	01:00:23.785		0.79078			4
2026.04.10	01:00:24.693		0.79080			4
2026.04.10	01:00:24.992		0.79079			4
2026.04.10	01:00:29.798	0.78987	0.79075			6
2026.04.10	01:01:00.132	0.78987	0.79047			6
2026.04.10	01:01:00.427		0.79056			4
2026.04.10	01:01:00.725		0.79057			4
2026.04.10	01:01:01.027		0.79065			4
2026.04.10	01:01:01.332		0.79061			4
2026.04.10	01:01:07.632		0.79063			4
2026.04.10	01:01:18.146	0.78994	0.79060			6
2026.04.10	01:01:19.944		0.79059			4
2026.04.10	01:01:31.963		0.79054			4
2026.04.10	01:01:32.268		0.79062			4
2026.04.10	01:01:33.169		0.79061			4
2026.04.10	01:01:41.883		0.79055			4
2026.04.10	01:01:46.995	0.79010				2
2026.04.10	01:01:47.298	0.78994				2
2026.04.10	01:01:47.599	0.79010				2
2026.04.10	01:01:47.898	0.78994				2
2026.04.10	01:01:48.200	0.79010				2
2026.04.10	01:01:48.501	0.78994				2
2026.04.10	01:01:48.800	0.79010				2
2026.04.10	01:01:49.101	0.78994				2
2026.04.10	01:01:49.703	0.79010				2
2026.04.10	01:01:50.003	0.78994				2
2026.04.10	01:01:50.306	0.79010	0.79053			6
2026.04.10	01:01:50.606	0.78994				2
2026.04.10	01:01:51.807		0.79057			4
2026.04.10	01:01:52.109		0.79060			4
2026.04.10	01:01:52.709		0.79062			4
2026.04.10	01:01:56.617	0.78995	0.79063			6
2026.04.10	01:01:56.918	0.79001	0.79062			6
2026.04.10	01:01:57.217		0.79064			4
2026.04.10	01:01:59.620		0.79062			4
2026.04.10	01:02:00.223	0.79001	0.79065			6
2026.04.10	01:02:02.322		0.79062			4
2026.04.10	01:02:03.223		0.79063			4
2026.04.10	01:02:06.826		0.79062			4
2026.04.10	01:02:07.726		0.79063			4
2026.04.10	01:02:11.928	0.79002	0.79060			6
2026.04.10	01:02:17.935		0.79056			4
2026.04.10	01:02:21.843		0.79053			4
2026.04.10	01:02:23.045	0.79001	0.79061			6
2026.04.10	01:02:23.644		0.79062			4
2026.04.10	01:02:24.241		0.79058			4
2026.04.10	01:02:34.473		0.79053			4
2026.04.10	01:02:51.894	0.78999				2
2026.04.10	01:03:00.010	0.78999				2
2026.04.10	01:03:00.306	0.78995				2
2026.04.10	01:03:00.907	0.78999				2
2026.04.10	01:03:02.109		0.79052			4
2026.04.10	01:03:06.009		0.79051			4
2026.04.10	01:03:08.416		0.79055			4
2026.04.10	01:03:08.711		0.79056			4
2026.04.10	01:03:18.027	0.78996	0.79058			6
2026.04.10	01:03:18.628		0.79059			4
2026.04.10	01:03:20.427		0.79060			4
2026.04.10	01:03:21.028		0.79059			4
2026.04.10	01:03:21.326		0.79060			4
2026.04.10	01:03:21.629		0.79059			4
2026.04.10	01:03:23.728		0.79058			4
2026.04.10	01:03:28.836	0.78999				2
2026.04.10	01:03:30.638	0.78995				2
2026.04.10	01:03:30.940	0.78996	0.79056			6
2026.04.10	01:03:33.340		0.79058			4
2026.04.10	01:03:34.245		0.79057			4
2026.04.10	01:03:43.856	0.78993	0.79046			6
2026.04.10	01:03:45.964		0.79051			4
2026.04.10	01:03:54.077	0.78999	0.79042			6
2026.04.10	01:03:56.487	0.78995	0.79043			6
2026.04.10	01:03:58.593	0.78997	0.79049			6
2026.04.10	01:03:58.890	0.78993	0.79055			6
2026.04.10	01:04:00.094	0.78993				2
2026.04.10	01:04:03.702		0.79047			4
2026.04.10	01:04:09.711		0.79048			4
2026.04.10	01:04:11.215		0.79053			4
2026.04.10	01:04:13.020	0.78994				2
2026.04.10	01:04:19.924		0.79044			4
2026.04.10	01:04:20.227		0.79054			4
2026.04.10	01:04:22.927		0.79051			4
2026.04.10	01:04:23.828	0.78997				2
2026.04.10	01:04:27.437	0.78998				2
2026.04.10	01:04:27.735	0.78999				2
2026.04.10	01:04:28.037	0.78994				2
2026.04.10	01:04:29.239	0.78995				2
2026.04.10	01:04:33.147	0.78994				2
2026.04.10	01:04:43.372	0.78996				2
2026.04.10	01:04:43.975	0.78999				2
2026.04.10	01:04:44.276	0.78996				2
2026.04.10	01:04:44.878	0.78999				2
2026.04.10	01:04:46.675	0.79008				2
2026.04.10	01:04:46.977	0.78999				2
2026.04.10	01:04:47.279	0.79002				2
2026.04.10	01:04:47.577	0.79000				2
2026.04.10	01:04:47.874	0.78999				2
2026.04.10	01:04:48.477	0.78994				2
2026.04.10	01:04:48.781	0.78999				2
2026.04.10	01:05:00.205	0.78996				2
2026.04.10	01:05:00.505	0.79000				2
2026.04.10	01:05:01.405	0.78996				2
2026.04.10	01:05:02.005	0.78999				2
2026.04.10	01:05:05.008		0.79052			4
2026.04.10	01:05:05.312		0.79051			4
2026.04.10	01:05:05.910	0.79000				2
2026.04.10	01:05:09.214	0.78998				2
2026.04.10	01:05:09.513	0.79000				2
2026.04.10	01:05:11.015	0.79001				2
2026.04.10	01:05:11.316	0.78996				2
2026.04.10	01:05:13.723	0.79000				2
2026.04.10	01:05:15.222	0.78997				2
2026.04.10	01:05:17.026		0.79050			4
2026.04.10	01:05:19.426	0.78995				2
2026.04.10	01:05:21.230	0.78997				2
2026.04.10	01:05:40.160		0.79049			4
2026.04.10	01:05:40.762		0.79050			4
2026.04.10	01:05:42.570		0.79049			4
2026.04.10	01:05:43.169		0.79050			4
2026.04.10	01:05:49.777		0.79049			4
2026.04.10	01:05:50.086	0.78996	0.79048			6
2026.04.10	01:05:50.382		0.79049			4
2026.04.10	01:05:50.977		0.79050			4
2026.04.10	01:05:53.081	0.79001				2
2026.04.10	01:05:55.487		0.79051			4
2026.04.10	01:05:56.688		0.79053			4
2026.04.10	01:05:57.588	0.78996				2
2026.04.10	01:05:58.487	0.79001	0.79051			6
2026.04.10	01:05:59.085		0.79057			4
2026.04.10	01:06:00.289	0.79001				2
2026.04.10	01:06:03.892		0.79054			4
2026.04.10	01:06:04.493	0.78997	0.79053			6
2026.04.10	01:06:06.003	0.78996				2
2026.04.10	01:06:06.601	0.79000				2
2026.04.10	01:06:07.201	0.79002				2
2026.04.10	01:06:09.606		0.79052			4
2026.04.10	01:06:25.526		0.79051			4
2026.04.10	01:06:28.530		0.79052			4
2026.04.10	01:06:30.335	0.79000				2
2026.04.10	01:06:35.453	0.79002				2
2026.04.10	01:06:51.093	0.79003				2
2026.04.10	01:06:54.104		0.79051			4
2026.04.10	01:06:55.305	0.79002				2
2026.04.10	01:06:55.604		0.79052			4
2026.04.10	01:06:57.108	0.79003				2
2026.04.10	01:06:58.915	0.79002				2
2026.04.10	01:06:59.814		0.79051			4
2026.04.10	01:07:00.126	0.79002				2
2026.04.10	01:07:00.416	0.79001				2
2026.04.10	01:07:01.016	0.79005				2
2026.04.10	01:07:01.316	0.79000				2
2026.04.10	01:07:02.215	0.79005				2
2026.04.10	01:07:02.517	0.79002				2
2026.04.10	01:07:02.817	0.79000				2
2026.04.10	01:07:03.119	0.79012				2
2026.04.10	01:07:03.418	0.79000				2
2026.04.10	01:07:04.320	0.79002				2
2026.04.10	01:07:04.618	0.78998				2
2026.04.10	01:07:04.919	0.79002				2
2026.04.10	01:07:05.221	0.79000				2
2026.04.10	01:07:05.523	0.78997				2
2026.04.10	01:07:06.123	0.79006				2
2026.04.10	01:07:06.425	0.78998				2
2026.04.10	01:07:06.727	0.79002				2
2026.04.10	01:07:07.325	0.79003				2
2026.04.10	01:07:07.626	0.79000				2
2026.04.10	01:07:07.926	0.78998				2
2026.04.10	01:07:08.223	0.79006				2
2026.04.10	01:07:08.527	0.79003				2
2026.04.10	01:07:09.126	0.78999				2
2026.04.10	01:07:09.727	0.78998				2
2026.04.10	01:07:10.024	0.79003				2
2026.04.10	01:07:10.328	0.78996				2
2026.04.10	01:07:10.627	0.79003				2
2026.04.10	01:07:11.525	0.78999				2
2026.04.10	01:07:12.127	0.78995				2
2026.04.10	01:07:12.430	0.79006				2
2026.04.10	01:07:12.728	0.78998				2
2026.04.10	01:07:13.032	0.78999				2
2026.04.10	01:07:13.329	0.79006				2
2026.04.10	01:07:13.633	0.79003				2
2026.04.10	01:07:16.642	0.78997				2
2026.04.10	01:07:17.543	0.78999				2
2026.04.10	01:07:17.845	0.78997				2
2026.04.10	01:07:18.451	0.79014				2
2026.04.10	01:07:18.747	0.78999				2
2026.04.10	01:07:19.050	0.78998				2
2026.04.10	01:07:19.651	0.79003				2
2026.04.10	01:07:19.948	0.78998				2
2026.04.10	01:07:20.253	0.79015				2
2026.04.10	01:07:20.552	0.79012				2
2026.04.10	01:07:20.855	0.79005				2
2026.04.10	01:07:21.451	0.78998				2
2026.04.10	01:07:21.754	0.78997				2
2026.04.10	01:07:22.055	0.79005				2
2026.04.10	01:07:22.659	0.78998				2
2026.04.10	01:07:22.959	0.79005				2
2026.04.10	01:07:23.261	0.78999				2
2026.04.10	01:07:23.562	0.78998				2
2026.04.10	01:07:23.861	0.78997				2
2026.04.10	01:07:24.161	0.78999				2
2026.04.10	01:07:24.462	0.78998				2
2026.04.10	01:07:25.059	0.78999				2
2026.04.10	01:07:25.362	0.78998				2
2026.04.10	01:07:25.662	0.78999				2
2026.04.10	01:07:25.963	0.79010				2
2026.04.10	01:07:26.259	0.78998				2
2026.04.10	01:07:26.564	0.79010				2
2026.04.10	01:07:26.861	0.78998				2
2026.04.10	01:07:27.161	0.79010				2
2026.04.10	01:07:27.462	0.78999				2
2026.04.10	01:07:28.066	0.78998				2
2026.04.10	01:07:28.363	0.78999				2
2026.04.10	01:07:28.665	0.78998				2
2026.04.10	01:07:28.964	0.78999				2
2026.04.10	01:07:29.267	0.79010				2
2026.04.10	01:07:29.561	0.78998				2
2026.04.10	01:07:29.863	0.79004				2
2026.04.10	01:07:30.164	0.78998				2
2026.04.10	01:07:30.461	0.79004				2
2026.04.10	01:07:30.765	0.78998				2
2026.04.10	01:07:31.071	0.78999				2
2026.04.10	01:07:32.272	0.78998				2
2026.04.10	01:07:33.171	0.79002				2
2026.04.10	01:07:33.470	0.78998				2
2026.04.10	01:07:34.070		0.79050			4
2026.04.10	01:07:37.375	0.78996	0.79051			6
2026.04.10	01:07:41.880	0.79002				2
2026.04.10	01:07:49.388		0.79050			4
2026.04.10	01:08:00.214	0.79002				2
2026.04.10	01:08:10.126		0.79049			4
2026.04.10	01:08:19.454	0.79003				2
2026.04.10	01:08:32.093		0.79048			4
2026.04.10	01:08:33.297		0.79050			4
2026.04.10	01:08:33.600		0.79049			4
2026.04.10	01:08:49.826	0.79002	0.79057			6
2026.04.10	01:08:54.029		0.79054			4
2026.04.10	01:09:00.047	0.79002				2
2026.04.10	01:09:00.646	0.79003				2
2026.04.10	01:09:02.753		0.79053			4
2026.04.10	01:09:05.455		0.79049			4
2026.04.10	01:09:06.056		0.79048			4
2026.04.10	01:09:12.070		0.79049			4
2026.04.10	01:09:12.371	0.79002				2
2026.04.10	01:09:14.778		0.79048			4
2026.04.10	01:09:49.943	0.79003				2
2026.04.10	01:10:00.167	0.79009				2
2026.04.10	01:10:00.467	0.79021	0.79049			6
2026.04.10	01:10:00.768	0.79009	0.79048			6
2026.04.10	01:10:05.877	0.79005				2
2026.04.10	01:10:09.785	0.79006				2
2026.04.10	01:10:12.493	0.79005				2
2026.04.10	01:10:13.693	0.79006				2
2026.04.10	01:10:17.603	0.79005				2
2026.04.10	01:10:17.910	0.79009				2
2026.04.10	01:10:18.206	0.79005				2
2026.04.10	01:10:18.509	0.79008				2
2026.04.10	01:10:19.108	0.79005				2
2026.04.10	01:10:19.410	0.79008				2
2026.04.10	01:10:20.910	0.79005				2
2026.04.10	01:10:21.210	0.79010	0.79050			6
2026.04.10	01:10:21.511	0.79019				2
2026.04.10	01:10:21.810	0.79010				2
2026.04.10	01:10:22.112	0.79007				2
2026.04.10	01:10:26.623	0.79024	0.79052			6
2026.04.10	01:10:26.922	0.79014	0.79050			6
2026.04.10	01:10:31.128	0.79010				2
2026.04.10	01:10:32.629	0.79006				2
2026.04.10	01:10:32.930	0.79010				2
2026.04.10	01:10:33.230	0.79006				2
2026.04.10	01:10:33.832	0.79010				2
2026.04.10	01:10:37.435	0.79007				2
2026.04.10	01:10:38.038	0.79010				2
2026.04.10	01:10:40.143	0.79011	0.79049			6
2026.04.10	01:10:40.746	0.79007				2
2026.04.10	01:10:41.051	0.79011				2
2026.04.10	01:10:41.349	0.79007				2
2026.04.10	01:10:41.950	0.79011				2
2026.04.10	01:10:46.467	0.79007				2
2026.04.10	01:10:47.073	0.79011				2
2026.04.10	01:10:47.367	0.79007				2
2026.04.10	01:10:47.970	0.79011				2
2026.04.10	01:10:53.689	0.79007				2
2026.04.10	01:10:53.990	0.79010	0.79050			6
2026.04.10	01:10:54.590	0.79007	0.79049			6
2026.04.10	01:10:54.891	0.79011				2
2026.04.10	01:10:57.301	0.79008				2
2026.04.10	01:10:57.598	0.79011				2
2026.04.10	01:10:57.901	0.79010	0.79050			6
2026.04.10	01:10:58.199	0.79008	0.79049			6
2026.04.10	01:10:58.499	0.79011				2
2026.04.10	01:10:59.407	0.79010	0.79050			6
2026.04.10	01:11:00.007	0.79010				2
2026.04.10	01:11:02.107	0.79008				2
2026.04.10	01:11:02.409	0.79010				2
2026.04.10	01:11:04.809	0.79008				2
2026.04.10	01:11:05.109	0.79010				2
2026.04.10	01:11:05.711	0.79011	0.79049			6
2026.04.10	01:11:07.814	0.79008				2
2026.04.10	01:11:08.111	0.79010	0.79050			6
2026.04.10	01:11:12.015	0.79008				2
2026.04.10	01:11:12.616	0.79011	0.79049			6
2026.04.10	01:11:12.920	0.79008	0.79050			6
2026.04.10	01:11:13.218	0.79011	0.79049			6
2026.04.10	01:11:17.728	0.79010	0.79050			6
2026.04.10	01:11:18.025	0.79008				2
2026.04.10	01:11:18.329	0.79010				2
2026.04.10	01:11:20.126	0.79011	0.79049			6
2026.04.10	01:11:23.129	0.79008	0.79050			6
2026.04.10	01:11:23.429	0.79011	0.79049			6
2026.04.10	01:11:24.030	0.79008				2
2026.04.10	01:11:24.332	0.79010	0.79050			6
2026.04.10	01:11:27.340	0.79008				2
2026.04.10	01:11:27.639	0.79009	0.79051			6
2026.04.10	01:11:27.940	0.79010	0.79050			6
2026.04.10	01:11:36.376		0.79051			4
2026.04.10	01:11:36.675		0.79050			4
2026.04.10	01:11:39.082	0.79012	0.79048			6
2026.04.10	01:11:42.696	0.79010				2
2026.04.10	01:11:43.298	0.79012				2
2026.04.10	01:11:46.903	0.79010				2
2026.04.10	01:11:47.205	0.79012				2
2026.04.10	01:11:51.417	0.79010				2
2026.04.10	01:11:52.017	0.79012				2
2026.04.10	01:11:52.319	0.79010				2
2026.04.10	01:11:52.618	0.79012				2
2026.04.10	01:11:57.726	0.79008				2
2026.04.10	01:11:58.029	0.79012				2
2026.04.10	01:11:58.330	0.79008				2
2026.04.10	01:11:58.634	0.79012				2
2026.04.10	01:12:00.139	0.79012				2
2026.04.10	01:12:01.040	0.79008				2
2026.04.10	01:12:01.340		0.79049			4
2026.04.10	01:12:01.640	0.79011				2
2026.04.10	01:12:08.562	0.79010				2
2026.04.10	01:12:09.166	0.79011				2
2026.04.10	01:12:09.467	0.79010				2
2026.04.10	01:12:10.069	0.79011				2
2026.04.10	01:12:11.271	0.79010				2
2026.04.10	01:12:11.573		0.79050			4
2026.04.10	01:12:12.780		0.79051			4
2026.04.10	01:12:13.382		0.79050			4
2026.04.10	01:12:13.983		0.79051			4
2026.04.10	01:12:16.692		0.79050			4
2026.04.10	01:12:17.596		0.79051			4
2026.04.10	01:12:17.896	0.79011				2
2026.04.10	01:12:21.207	0.79012				2
2026.04.10	01:12:22.710		0.79052			4
2026.04.10	01:12:23.309		0.79051			4
2026.04.10	01:12:27.818		0.79052			4
2026.04.10	01:12:28.721		0.79051			4
2026.04.10	01:12:31.126	0.79011				2
2026.04.10	01:12:32.324		0.79052			4
2026.04.10	01:12:35.630		0.79051			4
2026.04.10	01:12:41.339		0.79052			4
2026.04.10	01:12:41.945		0.79051			4
2026.04.10	01:12:43.149		0.79052			4
2026.04.10	01:12:43.451		0.79051			4
2026.04.10	01:12:48.265		0.79050			4
2026.04.10	01:12:48.862		0.79051			4
2026.04.10	01:12:49.162		0.79050			4
2026.04.10	01:12:51.570		0.79051			4
2026.04.10	01:12:58.789		0.79050			4
2026.04.10	01:13:00.292	0.79012				2
2026.04.10	01:13:03.903		0.79051			4
2026.04.10	01:13:04.201		0.79050			4
2026.04.10	01:13:04.801	0.79011				2
2026.04.10	01:13:07.806		0.79051			4
2026.04.10	01:13:09.313	0.79027	0.79054			6
2026.04.10	01:13:09.610		0.79051			4
2026.04.10	01:13:09.911	0.79021	0.79050			6
2026.04.10	01:13:10.207	0.79027	0.79054			6
2026.04.10	01:13:10.506		0.79051			4
2026.04.10	01:13:10.809	0.79021	0.79050			6
2026.04.10	01:13:11.111	0.79027	0.79054			6
2026.04.10	01:13:15.613	0.79021	0.79050			6
2026.04.10	01:13:15.916	0.79027	0.79054			6
2026.04.10	01:13:16.213		0.79051			4
2026.04.10	01:13:16.518	0.79021	0.79050			6
2026.04.10	01:13:16.815	0.79027	0.79054			6
2026.04.10	01:13:19.217	0.79028				2
2026.04.10	01:13:19.521	0.79027				2
2026.04.10	01:13:19.820	0.79028				2
2026.04.10	01:13:21.323	0.79027				2
2026.04.10	01:13:23.423	0.79028				2
2026.04.10	01:13:23.723	0.79027				2
2026.04.10	01:13:24.022	0.79021	0.79050			6
2026.04.10	01:13:24.322	0.79028	0.79054			6
2026.04.10	01:13:24.623	0.79027				2
2026.04.10	01:13:24.924	0.79021	0.79050			6
2026.04.10	01:13:25.223	0.79027	0.79054			6
2026.04.10	01:13:25.825		0.79055			4
2026.04.10	01:13:28.228	0.79028				2
2026.04.10	01:13:29.428	0.79027				2
2026.04.10	01:13:30.028		0.79052			4
2026.04.10	01:13:30.332		0.79055			4
2026.04.10	01:13:30.928	0.79022	0.79050			6
2026.04.10	01:13:31.229	0.79028	0.79055			6
2026.04.10	01:13:31.829	0.79027				2
2026.04.10	01:13:32.731	0.79028				2
2026.04.10	01:13:33.033	0.79027				2
2026.04.10	01:13:33.934	0.79028				2
2026.04.10	01:13:35.138	0.79027				2
2026.04.10	01:13:36.039		0.79052			4
2026.04.10	01:13:36.340		0.79055			4
2026.04.10	01:13:36.941	0.79023	0.79050			6
2026.04.10	01:13:37.240	0.79027	0.79055			6
2026.04.10	01:13:43.555		0.79052			4
2026.04.10	01:13:43.851	0.79023	0.79050			6
2026.04.10	01:13:44.156	0.79027	0.79055			6
2026.04.10	01:13:50.172		0.79052			4
2026.04.10	01:13:50.474	0.79023	0.79050			6
2026.04.10	01:13:50.775	0.79027	0.79055			6
2026.04.10	01:13:51.075		0.79052			4
2026.04.10	01:13:51.376	0.79023	0.79050			6
2026.04.10	01:13:51.677	0.79027	0.79055			6
2026.04.10	01:13:52.281	0.79028				2
2026.04.10	01:13:52.582	0.79027				2
2026.04.10	01:13:53.785	0.79028				2
2026.04.10	01:13:54.987	0.79027				2
2026.04.10	01:13:55.895	0.79028				2
2026.04.10	01:13:57.999	0.79027	0.79052			6
2026.04.10	01:13:58.305	0.79022	0.79050			6
2026.04.10	01:13:58.600	0.79027	0.79055			6
2026.04.10	01:14:00.108	0.79027				2
2026.04.10	01:14:01.006	0.79023	0.79050			6
2026.04.10	01:14:01.309	0.79028	0.79055			6
2026.04.10	01:14:01.607	0.79027	0.79052			6
2026.04.10	01:14:01.911	0.79028	0.79055			6
2026.04.10	01:14:05.214	0.79027	0.79052			6
2026.04.10	01:14:05.517	0.79022	0.79050			6
2026.04.10	01:14:05.813	0.79027	0.79055			6
2026.04.10	01:14:07.617	0.79028				2
2026.04.10	01:14:07.915	0.79027	0.79052			6
2026.04.10	01:14:08.218	0.79020	0.79050			6
2026.04.10	01:14:08.517	0.79027	0.79055			6
2026.04.10	01:14:08.818		0.79052			4
2026.04.10	01:14:09.118		0.79055			4
2026.04.10	01:14:11.822	0.79028				2
2026.04.10	01:14:12.423		0.79051			4
2026.04.10	01:14:12.726	0.79022	0.79050			6
2026.04.10	01:14:13.024	0.79027	0.79055			6
2026.04.10	01:14:13.328		0.79052			4
2026.04.10	01:14:13.624	0.79023	0.79050			6
2026.04.10	01:14:13.925	0.79027	0.79055			6
2026.04.10	01:14:17.831	0.79028				2
2026.04.10	01:14:19.937	0.79027				2
2026.04.10	01:14:22.639		0.79052			4
2026.04.10	01:14:22.942		0.79055			4
2026.04.10	01:14:23.245	0.79028				2
2026.04.10	01:14:23.547	0.79027	0.79052			6
2026.04.10	01:14:23.848	0.79028	0.79055			6
2026.04.10	01:14:24.450	0.79027				2
2026.04.10	01:14:24.750	0.79028				2
2026.04.10	01:14:38.903		0.79053			4
2026.04.10	01:14:43.108		0.79051			4
2026.04.10	01:14:43.408		0.79053			4
2026.04.10	01:14:44.009		0.79056			4
2026.04.10	01:14:50.624		0.79055			4
2026.04.10	01:14:55.725		0.79056			4
2026.04.10	01:14:56.928		0.79054			4
2026.04.10	01:15:00.239	0.79028				2
2026.04.10	01:15:22.184		0.79053			4
2026.04.10	01:15:57.339		0.79055			4
2026.04.10	01:15:59.142		0.79054			4
2026.04.10	01:16:00.053	0.79029				2
2026.04.10	01:16:00.346	0.79018	0.79052			6
2026.04.10	01:16:25.909	0.79020				2
2026.04.10	01:16:28.616	0.79019				2
2026.04.10	01:16:28.918	0.79020				2
2026.04.10	01:16:29.820	0.79019				2
2026.04.10	01:16:36.425	0.79021				2
2026.04.10	01:16:38.528		0.79053			4
2026.04.10	01:16:41.235	0.79022				2
2026.04.10	01:16:46.050	0.79020				2
2026.04.10	01:16:47.854	0.79022				2
2026.04.10	01:16:48.155	0.79020				2
2026.04.10	01:16:48.758	0.79022				2
2026.04.10	01:16:49.058	0.79020				2
2026.04.10	01:16:58.977	0.79022				2
2026.04.10	01:16:59.578		0.79054			4
2026.04.10	01:17:00.181	0.79022				2
2026.04.10	01:17:01.076	0.79023				2
2026.04.10	01:17:03.177	0.79025				2
2026.04.10	01:17:03.779		0.79053			4
2026.04.10	01:17:17.007	0.79023				2
2026.04.10	01:17:20.609	0.79022				2
2026.04.10	01:17:21.810	0.79023				2
2026.04.10	01:17:22.710	0.79022				2
2026.04.10	01:17:23.011	0.79023				2
2026.04.10	01:17:25.115	0.79022				2
2026.04.10	01:17:26.011	0.79023				2
2026.04.10	01:17:26.913	0.79025	0.79055			6
2026.04.10	01:17:27.218	0.79028				2
2026.04.10	01:17:28.115	0.79029				2
2026.04.10	01:17:29.615		0.79056			4
2026.04.10	01:17:30.215	0.79030				2
2026.04.10	01:17:32.619	0.79029				2
2026.04.10	01:17:33.821	0.79030				2
2026.04.10	01:17:35.022	0.79029				2
2026.04.10	01:17:39.226	0.79028				2
2026.04.10	01:17:39.529	0.79030				2
2026.04.10	01:17:39.827	0.79029				2
2026.04.10	01:17:40.131	0.79030	0.79053			6
2026.04.10	01:17:40.732	0.79029	0.79054			6
2026.04.10	01:17:41.334	0.79030				2
2026.04.10	01:17:42.831		0.79053			4
2026.04.10	01:17:55.145	0.79032	0.79054			6
2026.04.10	01:17:57.252	0.79033				2
2026.04.10	01:18:00.257	0.79033				2
2026.04.10	01:18:04.159	0.79032				2
2026.04.10	01:18:04.759	0.79033				2
2026.04.10	01:18:13.471	0.79032	0.79055			6
2026.04.10	01:18:14.973		0.79054			4
2026.04.10	01:18:18.278	0.79033				2
2026.04.10	01:18:21.881	0.79032				2
2026.04.10	01:18:23.684	0.79033				2
2026.04.10	01:18:25.495	0.79032				2
2026.04.10	01:18:26.996	0.79033				2
2026.04.10	01:18:53.127	0.79032				2
2026.04.10	01:19:00.031	0.79032				2
2026.04.10	01:19:00.330	0.79033				2
2026.04.10	01:19:02.133	0.79032				2
2026.04.10	01:19:07.243	0.79033				2
2026.04.10	01:19:08.744	0.79032				2
2026.04.10	01:19:15.058		0.79054			4
2026.04.10	01:19:27.085		0.79055			4
2026.04.10	01:19:29.488		0.79054			4
2026.04.10	01:19:46.313	0.79033				2
2026.04.10	01:19:48.415	0.79032				2
2026.04.10	01:19:55.024	0.79029				2
2026.04.10	01:20:00.127	0.79029				2
2026.04.10	01:20:01.932	0.79030	0.79053			6
2026.04.10	01:20:02.529	0.79020				2
2026.04.10	01:20:02.829	0.79024				2
2026.04.10	01:20:03.130	0.79029	0.79054			6
2026.04.10	01:20:08.541	0.79020				2
2026.04.10	01:20:08.838	0.79026				2
2026.04.10	01:20:16.353	0.79025				2
2026.04.10	01:20:18.156	0.79026				2
2026.04.10	01:20:26.577		0.79053			4
2026.04.10	01:20:27.775		0.79054			4
2026.04.10	01:20:31.385	0.79029				2
2026.04.10	01:20:33.180		0.79055			4
2026.04.10	01:20:40.994	0.79032				2
2026.04.10	01:20:53.610	0.79029	0.79054			6
2026.04.10	01:21:00.223	0.79029				2
2026.04.10	01:21:10.437		0.79055			4
2026.04.10	01:21:11.641		0.79054			4
2026.04.10	01:21:16.754		0.79055			4
2026.04.10	01:21:40.506	0.79022				2
2026.04.10	01:21:41.108	0.79023				2
2026.04.10	01:21:42.310		0.79054			4
2026.04.10	01:21:53.127		0.79053			4
2026.04.10	01:21:55.228	0.79030				2
2026.04.10	01:22:00.039	0.79030				2
2026.04.10	01:22:12.669	0.79029				2
2026.04.10	01:22:12.968		0.79052			4
2026.04.10	01:22:13.269	0.79031				2
2026.04.10	01:22:20.180	0.79030				2
2026.04.10	01:22:24.091	0.79029				2
2026.04.10	01:22:24.994	0.79028				2
2026.04.10	01:22:30.107		0.79053			4
2026.04.10	01:22:30.409		0.79054			4
2026.04.10	01:22:31.612	0.79029				2
2026.04.10	01:22:45.428	0.79030				2
2026.04.10	01:22:46.629	0.79029				2
2026.04.10	01:22:47.531	0.79028	0.79055			6
2026.04.10	01:22:51.438		0.79054			4
2026.04.10	01:23:00.160	0.79028				2
2026.04.10	01:23:02.860		0.79053			4
2026.04.10	01:23:11.871	0.79021	0.79048			6
2026.04.10	01:23:12.173	0.79016				2
2026.04.10	01:23:13.375		0.79047			4
2026.04.10	01:23:13.975		0.79046			4
2026.04.10	01:23:16.080		0.79045			4
2026.04.10	01:23:20.592		0.79046			4
2026.04.10	01:23:21.192		0.79049			4
2026.04.10	01:23:22.095	0.79014	0.79047			6
2026.04.10	01:23:35.025		0.79044			4
2026.04.10	01:23:35.323	0.79011				2
2026.04.10	01:23:35.628		0.79045			4
2026.04.10	01:23:39.228	0.79016	0.79046			6
2026.04.10	01:23:49.441	0.79017				2
2026.04.10	01:23:54.856	0.79018	0.79048			6
2026.04.10	01:23:55.159		0.79049			4
2026.04.10	01:23:56.055		0.79048			4
2026.04.10	01:23:56.657		0.79047			4
2026.04.10	01:23:58.467		0.79048			4
2026.04.10	01:23:59.074		0.79049			4
2026.04.10	01:24:00.271	0.79018				2
2026.04.10	01:24:03.279	0.79020				2
2026.04.10	01:24:05.982		0.79048			4
2026.04.10	01:24:11.995		0.79049			4
2026.04.10	01:24:14.099		0.79048			4
2026.04.10	01:24:16.203		0.79049			4
2026.04.10	01:24:16.504		0.79048			4
2026.04.10	01:24:17.106	0.79019				2
2026.04.10	01:24:23.414	0.79020				2
2026.04.10	01:24:33.627	0.79021				2
2026.04.10	01:24:35.128		0.79049			4
2026.04.10	01:24:44.138	0.79019	0.79048			6
2026.04.10	01:24:46.248	0.79021	0.79049			6
2026.04.10	01:24:55.883		0.79048			4
2026.04.10	01:25:00.100	0.79021				2
2026.04.10	01:25:01.299	0.79018	0.79047			6
2026.04.10	01:25:01.600	0.79017				2
2026.04.10	01:25:12.123		0.79046			4
2026.04.10	01:25:23.838	0.79016	0.79045			6
2026.04.10	01:25:25.639	0.79019	0.79048			6
2026.04.10	01:25:33.155	0.79023	0.79049			6
2026.04.10	01:25:37.367		0.79050			4
2026.04.10	01:26:00.217	0.79023				2
2026.04.10	01:26:02.921	0.79021	0.79048			6
2026.04.10	01:26:17.942	0.79022	0.79049			6
2026.04.10	01:26:20.954	0.79024				2
2026.04.10	01:26:22.757	0.79021	0.79048			6
2026.04.10	01:26:23.054	0.79024	0.79049			6
2026.04.10	01:26:32.969	0.79025				2
2026.04.10	01:26:43.794	0.79023				2
2026.04.10	01:26:44.095	0.79021	0.79048			6
2026.04.10	01:27:00.017	0.79021				2
2026.04.10	01:27:07.824	0.79023				2
2026.04.10	01:27:38.800	0.79024				2
2026.04.10	01:27:44.211		0.79048			4
2026.04.10	01:27:48.416	0.79022	0.79047			6
2026.04.10	01:28:00.128	0.79022				2
2026.04.10	01:28:20.878	0.79020				2
2026.04.10	01:28:28.091	0.79024	0.79049			6
2026.04.10	01:28:28.395	0.79023	0.79050			6
2026.04.10	01:28:33.505		0.79049			4
2026.04.10	01:28:35.309		0.79050			4
2026.04.10	01:28:44.623		0.79049			4
2026.04.10	01:28:52.136		0.79048			4
2026.04.10	01:28:53.335		0.79049			4
2026.04.10	01:28:59.951	0.79020	0.79046			6
2026.04.10	01:29:00.250	0.79020				2
2026.04.10	01:29:03.258	0.79023	0.79049			6
2026.04.10	01:29:03.554	0.79022				2
2026.04.10	01:29:07.767		0.79048			4
2026.04.10	01:29:09.871	0.79021	0.79047			6
2026.04.10	01:29:10.170		0.79046			4
2026.04.10	01:29:14.979		0.79047			4
2026.04.10	01:29:20.385	0.79023				2
2026.04.10	01:29:22.796		0.79048			4
2026.04.10	01:29:23.994		0.79047			4
2026.04.10	01:29:26.403		0.79048			4
2026.04.10	01:29:27.614	0.79029	0.79056			6
2026.04.10	01:29:27.908		0.79059			4
2026.04.10	01:29:28.212	0.79032	0.79058			6
2026.04.10	01:29:28.516	0.79030	0.79059			6
2026.04.10	01:29:28.810		0.79060			4
2026.04.10	01:29:29.409	0.79032	0.79059			6
2026.04.10	01:29:29.710	0.79035				2
2026.04.10	01:29:30.910	0.79034	0.79060			6
2026.04.10	01:29:31.211	0.79035	0.79059			6
2026.04.10	01:29:31.514	0.79034	0.79060			6
2026.04.10	01:29:32.419		0.79065			4
2026.04.10	01:29:32.713	0.79035				2
2026.04.10	01:29:33.014		0.79067			4
2026.04.10	01:29:33.316	0.79037	0.79065			6
2026.04.10	01:29:33.616		0.79064			4
2026.04.10	01:29:34.524	0.79042	0.79069			6
2026.04.10	01:29:36.020		0.79068			4
2026.04.10	01:29:36.623	0.79038				2
2026.04.10	01:29:39.323		0.79067			4
2026.04.10	01:29:40.525		0.79066			4
2026.04.10	01:29:41.728		0.79065			4
2026.04.10	01:29:42.630	0.79044	0.79070			6
2026.04.10	01:29:42.934	0.79042				2
2026.04.10	01:29:44.127	0.79044	0.79071			6
2026.04.10	01:29:44.431	0.79045	0.79070			6
2026.04.10	01:29:45.334	0.79046				2
2026.04.10	01:29:46.840	0.79049	0.79072			6
2026.04.10	01:29:47.134	0.79044	0.79071			6
2026.04.10	01:29:51.642	0.79045				2
2026.04.10	01:29:51.940		0.79070			4
2026.04.10	01:29:53.443	0.79047	0.79068			6
2026.04.10	01:29:53.744	0.79048				2
2026.04.10	01:29:55.551	0.79046	0.79069			6
2026.04.10	01:29:55.847	0.79036	0.79076			6
2026.04.10	01:29:56.148		0.79073			4
2026.04.10	01:29:56.449		0.79076			4
2026.04.10	01:29:58.855	0.79037				2
2026.04.10	01:30:00.054	0.79037				2
2026.04.10	01:30:00.349	0.79036	0.79080			6
2026.04.10	01:30:00.654	0.79041				2
2026.04.10	01:30:02.457	0.79043	0.79078			6
2026.04.10	01:30:03.053	0.79038	0.79073			6
2026.04.10	01:30:03.949	0.79056	0.79059			6
2026.04.10	01:30:04.550	0.79055	0.79058			6
2026.04.10	01:30:04.851	0.79041	0.79080			6
2026.04.10	01:30:05.151	0.79046	0.79075			6
2026.04.10	01:30:13.263	0.79040	0.79073			6
2026.04.10	01:30:13.871	0.79030	0.79071			6
2026.04.10	01:30:14.165		0.79067			4
2026.04.10	01:30:14.470		0.79064			4
2026.04.10	01:30:15.667	0.79037	0.79070			6
2026.04.10	01:30:15.966	0.79036	0.79066			6
2026.04.10	01:30:18.370	0.79034				2
2026.04.10	01:30:20.182	0.79031	0.79065			6
2026.04.10	01:30:20.482		0.79064			4
2026.04.10	01:30:22.277	0.79034	0.79065			6
2026.04.10	01:30:23.489	0.79032				2
2026.04.10	01:30:28.296	0.79029	0.79061			6
2026.04.10	01:30:28.899	0.79025	0.79059			6
2026.04.10	01:30:29.199	0.79019	0.79058			6
2026.04.10	01:30:30.400	0.79027				2
2026.04.10	01:30:36.712	0.79028	0.79060			6
2026.04.10	01:30:38.813	0.79024				2
2026.04.10	01:30:40.015		0.79057			4
2026.04.10	01:30:41.213	0.79020	0.79054			6
2026.04.10	01:30:44.217		0.79057			4
2026.04.10	01:30:50.522	0.79021				2
2026.04.10	01:30:51.422	0.79022				2
2026.04.10	01:30:51.720	0.79023				2
2026.04.10	01:30:52.320	0.79022	0.79053			6
2026.04.10	01:30:52.625	0.79021				2
2026.04.10	01:30:53.522	0.79022				2
2026.04.10	01:30:54.724	0.79023				2
2026.04.10	01:30:55.327	0.79024				2
2026.04.10	01:30:57.725	0.79025				2
2026.04.10	01:30:58.931	0.79024				2
2026.04.10	01:30:59.829	0.79029	0.79057			6
2026.04.10	01:31:00.125	0.79029				2
2026.04.10	01:31:01.033	0.79028				2
2026.04.10	01:31:02.231	0.79029				2
2026.04.10	01:31:09.737	0.79028	0.79056			6
2026.04.10	01:31:10.336	0.79029				2
2026.04.10	01:31:12.740		0.79057			4
2026.04.10	01:31:13.942	0.79030				2
2026.04.10	01:31:14.241	0.79024	0.79059			6
2026.04.10	01:31:14.546	0.79025				2
2026.04.10	01:31:15.444	0.79027				2
2026.04.10	01:31:16.046	0.79028				2
2026.04.10	01:31:16.643	0.79027				2
2026.04.10	01:31:17.844	0.79030	0.79060			6
2026.04.10	01:31:19.344	0.79031				2
2026.04.10	01:31:20.546	0.79030				2
2026.04.10	01:31:23.848	0.79029	0.79062			6
2026.04.10	01:31:28.662		0.79064			4
2026.04.10	01:31:31.963	0.79030				2
2026.04.10	01:31:33.164	0.79034				2
2026.04.10	01:31:41.280		0.79066			4
2026.04.10	01:31:42.782		0.79067			4
2026.04.10	01:31:43.689		0.79061			4
2026.04.10	01:31:43.987		0.79059			4
2026.04.10	01:31:46.389	0.79030	0.79058			6
2026.04.10	01:31:49.092		0.79055			4
2026.04.10	01:31:58.100	0.79031				2
2026.04.10	01:32:00.207	0.79031				2
2026.04.10	01:32:01.106		0.79054			4
2026.04.10	01:32:02.307	0.79030				2
2026.04.10	01:32:07.116	0.79029				2
2026.04.10	01:32:08.918	0.79030				2
2026.04.10	01:32:11.622	0.79025				2
2026.04.10	01:32:14.627		0.79051			4
2026.04.10	01:32:15.220	0.79026				2
2026.04.10	01:32:15.526	0.79025				2
2026.04.10	01:32:15.820	0.79026				2
2026.04.10	01:32:16.726	0.79025				2
2026.04.10	01:32:17.922	0.79026				2
2026.04.10	01:32:20.025	0.79027	0.79052			6
2026.04.10	01:32:20.626		0.79051			4
2026.04.10	01:32:23.026	0.79025	0.79052			6
2026.04.10	01:32:24.822		0.79053			4
2026.04.10	01:32:25.729		0.79054			4
2026.04.10	01:32:27.827		0.79053			4
2026.04.10	01:32:28.733		0.79054			4
2026.04.10	01:32:31.132		0.79053			4
2026.04.10	01:32:33.239		0.79052			4
2026.04.10	01:32:33.538		0.79051			4
2026.04.10	01:32:37.447		0.79052			4
2026.04.10	01:32:38.954		0.79051			4
2026.04.10	01:32:39.552		0.79048			4
2026.04.10	01:32:42.860		0.79053			4
2026.04.10	01:32:43.159		0.79052			4
2026.04.10	01:32:43.459		0.79054			4
2026.04.10	01:32:44.363		0.79055			4
2026.04.10	01:32:46.461		0.79056			4
2026.04.10	01:32:50.369		0.79057			4
2026.04.10	01:32:52.468		0.79056			4
2026.04.10	01:32:53.669		0.79057			4
2026.04.10	01:32:55.472		0.79056			4
2026.04.10	01:32:58.475		0.79057			4
2026.04.10	01:33:00.280	0.79025	0.79056			6
2026.04.10	01:33:01.784	0.79031	0.79057			6
2026.04.10	01:33:02.089	0.79027				2
2026.04.10	01:33:04.486		0.79056			4
2026.04.10	01:33:12.313		0.79057			4
2026.04.10	01:33:14.709		0.79056			4
2026.04.10	01:33:15.312		0.79057			4
2026.04.10	01:33:21.018		0.79056			4
2026.04.10	01:33:23.424		0.79055			4
2026.04.10	01:33:26.127		0.79054			4
2026.04.10	01:33:37.542		0.79055			4
2026.04.10	01:33:38.443		0.79054			4
2026.04.10	01:33:42.361		0.79055			4
2026.04.10	01:33:42.657	0.79023	0.79053			6
2026.04.10	01:33:43.559		0.79052			4
2026.04.10	01:33:44.456		0.79053			4
2026.04.10	01:33:45.059		0.79052			4
2026.04.10	01:33:45.657		0.79053			4
2026.04.10	01:33:49.564		0.79052			4
2026.04.10	01:33:49.873	0.79024	0.79048			6
2026.04.10	01:33:52.269	0.79025				2
2026.04.10	01:33:52.868		0.79050			4
2026.04.10	01:33:53.173		0.79049			4
2026.04.10	01:33:54.671		0.79050			4
2026.04.10	01:33:54.971		0.79049			4
2026.04.10	01:34:00.081	0.79025				2
2026.04.10	01:34:00.979	0.79022	0.79053			6
2026.04.10	01:34:01.583		0.79052			4
2026.04.10	01:34:02.484		0.79053			4
2026.04.10	01:34:03.082		0.79054			4
2026.04.10	01:34:03.382		0.79053			4
2026.04.10	01:34:04.586		0.79054			4
2026.04.10	01:34:05.491		0.79053			4
2026.04.10	01:34:05.788		0.79054			4
2026.04.10	01:34:06.689		0.79053			4
2026.04.10	01:34:07.890		0.79054			4
2026.04.10	01:34:09.395		0.79053			4
2026.04.10	01:34:09.694		0.79054			4
2026.04.10	01:34:09.999		0.79053			4
2026.04.10	01:34:10.296		0.79054			4
2026.04.10	01:34:13.303		0.79053			4
2026.04.10	01:34:15.402		0.79052			4
2026.04.10	01:34:16.604	0.79023				2
2026.04.10	01:34:18.107	0.79022				2
2026.04.10	01:34:24.116	0.79025	0.79053			6
2026.04.10	01:34:30.423		0.79055			4
2026.04.10	01:34:32.521	0.79039				2
2026.04.10	01:34:32.822	0.79025				2
2026.04.10	01:34:33.124	0.79039				2
2026.04.10	01:34:33.425	0.79025				2
2026.04.10	01:34:34.025	0.79039				2
2026.04.10	01:34:34.320	0.79025				2
2026.04.10	01:34:34.621	0.79039				2
2026.04.10	01:34:34.921	0.79025				2
2026.04.10	01:34:35.222	0.79039				2
2026.04.10	01:34:35.524	0.79025	0.79052			6
2026.04.10	01:34:35.824	0.79038				2
2026.04.10	01:34:36.125	0.79025				2
2026.04.10	01:34:51.148	0.79030	0.79056			6
2026.04.10	01:34:51.448		0.79055			4
2026.04.10	01:34:54.748		0.79054			4
2026.04.10	01:34:59.863	0.79033				2
2026.04.10	01:35:00.160	0.79033	0.79058			6
2026.04.10	01:35:01.064	0.79032				2
2026.04.10	01:35:07.973	0.79035				2
2026.04.10	01:35:21.502		0.79056			4
2026.04.10	01:35:24.205	0.79037	0.79059			6
2026.04.10	01:35:24.508		0.79060			4
2026.04.10	01:35:25.108		0.79061			4
2026.04.10	01:35:25.406		0.79065			4
2026.04.10	01:35:28.710		0.79066			4
2026.04.10	01:35:35.317	0.79040	0.79067			6
2026.04.10	01:35:35.613		0.79066			4
2026.04.10	01:35:36.214	0.79038				2
2026.04.10	01:35:44.327		0.79061			4
2026.04.10	01:35:52.131		0.79065			4
2026.04.10	01:35:57.839	0.79041				2
2026.04.10	01:36:00.239	0.79041				2
2026.04.10	01:36:21.264		0.79064			4
2026.04.10	01:36:26.970		0.79066			4
2026.04.10	01:36:37.198		0.79065			4
2026.04.10	01:36:38.098		0.79059			4
2026.04.10	01:36:54.618		0.79058			4
2026.04.10	01:36:57.327	0.79038				2
2026.04.10	01:37:00.027	0.79038				2
2026.04.10	01:37:03.028		0.79063			4
2026.04.10	01:37:03.327		0.79062			4
2026.04.10	01:37:03.627		0.79064			4
2026.04.10	01:37:15.943		0.79066			4
2026.04.10	01:37:17.449		0.79065			4
2026.04.10	01:37:19.860	0.79041				2
2026.04.10	01:37:25.574		0.79066			4
2026.04.10	01:37:27.378		0.79065			4
2026.04.10	01:37:32.789	0.79038	0.79062			6
2026.04.10	01:37:33.089		0.79063			4
2026.04.10	01:37:33.693		0.79065			4
2026.04.10	01:37:33.991		0.79064			4
2026.04.10	01:37:46.008		0.79065			4
2026.04.10	01:37:51.118	0.79037				2
2026.04.10	01:37:57.123		0.79064			4
2026.04.10	01:38:00.131	0.79037				2
2026.04.10	01:38:01.923		0.79065			4
2026.04.10	01:38:04.030		0.79064			4
2026.04.10	01:38:09.437	0.79039				2
2026.04.10	01:38:13.339		0.79063			4
2026.04.10	01:38:16.044		0.79065			4
2026.04.10	01:38:19.945		0.79064			4
2026.04.10	01:38:22.955		0.79063			4
2026.04.10	01:38:25.358		0.79066			4
2026.04.10	01:38:34.068		0.79064			4
2026.04.10	01:38:34.670		0.79062			4
2026.04.10	01:38:43.382		0.79061			4
2026.04.10	01:38:58.708		0.79065			4
2026.04.10	01:38:59.308		0.79066			4
2026.04.10	01:39:00.217	0.79039				2
2026.04.10	01:39:01.716	0.79038	0.79062			6
2026.04.10	01:39:03.218		0.79066			4
2026.04.10	01:39:03.518		0.79064			4
2026.04.10	01:39:11.030		0.79063			4
2026.04.10	01:39:13.135	0.79045	0.79064			6
2026.04.10	01:39:14.935	0.79041	0.79063			6
2026.04.10	01:39:21.538		0.79065			4
2026.04.10	01:39:22.141		0.79066			4
2026.04.10	01:39:22.439		0.79064			4
2026.04.10	01:39:33.565		0.79065			4
2026.04.10	01:39:38.071	0.79045	0.79066			6
2026.04.10	01:39:45.882		0.79068			4
2026.04.10	01:39:46.485	0.79044				2
2026.04.10	01:39:46.787		0.79069			4
2026.04.10	01:40:00.013	0.79044				2
2026.04.10	01:40:03.018	0.79047				2
2026.04.10	01:40:33.072	0.79048	0.79077			6
2026.04.10	01:40:33.376		0.79076			4
2026.04.10	01:40:37.282		0.79068			4
2026.04.10	01:40:47.206		0.79069			4
2026.04.10	01:40:56.816		0.79068			4
2026.04.10	01:41:00.121	0.79048				2
2026.04.10	01:41:07.925	0.79046				2
2026.04.10	01:41:18.430		0.79069			4
2026.04.10	01:41:19.030		0.79071			4
2026.04.10	01:41:20.533		0.79069			4
2026.04.10	01:41:22.637		0.79067			4
2026.04.10	01:41:23.539	0.79044	0.79070			6
2026.04.10	01:41:23.838		0.79067			4
2026.04.10	01:41:24.736		0.79066			4
2026.04.10	01:41:28.942	0.79045	0.79071			6
2026.04.10	01:41:31.647		0.79068			4
2026.04.10	01:41:36.152		0.79071			4
2026.04.10	01:41:49.985	0.79046				2
2026.04.10	01:41:51.489		0.79068			4
2026.04.10	01:42:00.202	0.79046				2
2026.04.10	01:42:02.008		0.79070			4
2026.04.10	01:42:03.210	0.79048	0.79072			6
2026.04.10	01:42:03.510		0.79073			4
2026.04.10	01:42:03.807		0.79071			4
2026.04.10	01:42:04.108		0.79074			4
2026.04.10	01:42:12.817		0.79069			4
2026.04.10	01:42:22.732		0.79070			4
2026.04.10	01:42:48.578		0.79072			4
2026.04.10	01:43:00.005	0.79048				2
2026.04.10	01:43:16.516		0.79070			4
2026.04.10	01:43:18.630		0.79072			4
2026.04.10	01:43:36.659		0.79069			4
2026.04.10	01:43:39.067		0.79068			4
2026.04.10	01:44:00.109	0.79048				2
2026.04.10	01:44:00.409		0.79070			4
2026.04.10	01:44:34.071		0.79071			4
2026.04.10	01:44:41.594	0.79050	0.79073			6
2026.04.10	01:44:46.706		0.79069			4
2026.04.10	01:44:48.512		0.79075			4
2026.04.10	01:44:52.122		0.79077			4
2026.04.10	01:44:56.028		0.79073			4
2026.04.10	01:44:59.029	0.79055				2
2026.04.10	01:45:00.231	0.79055	0.79074			6
2026.04.10	01:45:01.134	0.79056	0.79075			6
2026.04.10	01:45:15.374	0.79057				2
2026.04.10	01:45:47.163	0.79058	0.79076			6
2026.04.10	01:45:54.850	0.79062	0.79079			6
2026.04.10	01:45:56.672		0.79080			4
2026.04.10	01:46:00.237	0.79062				2
2026.04.10	01:46:07.646	0.79068	0.79084			6
2026.04.10	01:46:08.247		0.79085			4
2026.04.10	01:46:29.639	0.79069				2
2026.04.10	01:46:31.737	0.79068				2
2026.04.10	01:46:32.037	0.79067				2
2026.04.10	01:46:32.639		0.79084			4
2026.04.10	01:46:32.940	0.79068				2
2026.04.10	01:46:33.271		0.79083			4
2026.04.10	01:46:33.570	0.79067				2
2026.04.10	01:46:35.275		0.79082			4
2026.04.10	01:46:35.575	0.79068				2
2026.04.10	01:46:37.737	0.79067				2
2026.04.10	01:46:39.537	0.79068				2
2026.04.10	01:46:40.584	0.79067				2
2026.04.10	01:46:44.036	0.79068				2
2026.04.10	01:46:47.337	0.79067				2
2026.04.10	01:46:50.037	0.79068				2
2026.04.10	01:46:50.668	0.79067				2
2026.04.10	01:46:51.962	0.79064	0.79078			6
2026.04.10	01:46:54.230	0.79066	0.79079			6
2026.04.10	01:46:54.530	0.79065				2
2026.04.10	01:46:55.705	0.79066				2
2026.04.10	01:46:56.006	0.79067	0.79080			6
2026.04.10	01:47:00.473	0.79067				2
2026.04.10	01:47:00.774	0.79066				2
2026.04.10	01:47:01.078		0.79079			4
2026.04.10	01:47:13.141	0.79067				2
2026.04.10	01:47:16.883		0.79080			4
2026.04.10	01:47:17.357	0.79066				2
2026.04.10	01:47:17.658	0.79067				2
2026.04.10	01:47:20.883		0.79081			4
2026.04.10	01:47:24.111	0.79066				2
2026.04.10	01:47:26.673	0.79068	0.79082			6
2026.04.10	01:47:37.073		0.79080			4
2026.04.10	01:47:38.466	0.79070	0.79082			6
2026.04.10	01:47:41.650	0.79071				2
2026.04.10	01:47:42.738	0.79070				2
2026.04.10	01:47:43.357	0.79071				2
2026.04.10	01:47:48.760	0.79070				2
2026.04.10	01:47:53.461	0.79071	0.79083			6
2026.04.10	01:47:57.210	0.79072				2
2026.04.10	01:47:58.799	0.79071				2
2026.04.10	01:48:00.411	0.79071				2
2026.04.10	01:48:02.311	0.79072				2
2026.04.10	01:48:06.076	0.79073	0.79086			6
2026.04.10	01:48:09.332	0.79074	0.79089			6
2026.04.10	01:48:09.763	0.79075				2
2026.04.10	01:48:10.063		0.79090			4
2026.04.10	01:48:12.837	0.79076				2
2026.04.10	01:48:13.139	0.79075	0.79089			6
2026.04.10	01:48:14.123	0.79076	0.79090			6
2026.04.10	01:48:15.335	0.79075				2
2026.04.10	01:48:16.008	0.79076				2
2026.04.10	01:48:22.936	0.79075	0.79089			6
2026.04.10	01:48:23.236	0.79076				2
2026.04.10	01:48:26.038	0.79075				2
2026.04.10	01:48:26.338	0.79072	0.79083			6
2026.04.10	01:48:28.171	0.79070	0.79082			6
2026.04.10	01:48:30.553	0.79069	0.79081			6
2026.04.10	01:48:31.579	0.79068	0.79080			6
2026.04.10	01:48:33.185	0.79070	0.79082			6
2026.04.10	01:48:41.138	0.79069				2
2026.04.10	01:48:41.745	0.79070				2
2026.04.10	01:48:43.176		0.79083			4
2026.04.10	01:48:51.005	0.79067	0.79081			6
2026.04.10	01:48:52.437	0.79068				2
2026.04.10	01:48:59.375		0.79082			4
2026.04.10	01:48:59.936	0.79067				2
2026.04.10	01:49:00.236	0.79067				2
2026.04.10	01:49:01.071	0.79068				2
2026.04.10	01:49:06.629	0.79067				2
2026.04.10	01:49:06.928	0.79068				2
2026.04.10	01:49:08.058		0.79081			4
2026.04.10	01:49:08.361		0.79082			4
2026.04.10	01:49:09.838	0.79070	0.79084			6
2026.04.10	01:49:13.804		0.79083			4
2026.04.10	01:49:14.107	0.79071	0.79085			6
2026.04.10	01:49:14.404	0.79070				2
2026.04.10	01:49:16.311		0.79083			4
2026.04.10	01:49:19.724	0.79073	0.79087			6
2026.04.10	01:49:20.024	0.79072				2
2026.04.10	01:49:21.539	0.79073				2
2026.04.10	01:49:23.937	0.79072				2
2026.04.10	01:49:27.237	0.79073				2
2026.04.10	01:49:29.293	0.79072				2
2026.04.10	01:49:32.124		0.79085			4
2026.04.10	01:49:32.998		0.79087			4
2026.04.10	01:49:35.280		0.79086			4
2026.04.10	01:49:37.906	0.79073				2
2026.04.10	01:49:38.295	0.79072				2
2026.04.10	01:49:41.227	0.79073				2
2026.04.10	01:49:41.831	0.79072				2
2026.04.10	01:49:42.131	0.79073				2
2026.04.10	01:49:43.496	0.79072				2
2026.04.10	01:49:47.096	0.79073				2
2026.04.10	01:49:47.906	0.79072				2
2026.04.10	01:49:48.206	0.79073				2
2026.04.10	01:50:00.251	0.79073				2
2026.04.10	01:50:00.852	0.79075	0.79089			6
2026.04.10	01:50:02.140	0.79076				2
2026.04.10	01:50:05.719		0.79090			4
2026.04.10	01:50:12.191	0.79077				2
2026.04.10	01:50:13.437	0.79076				2
2026.04.10	01:50:24.880	0.79077				2
2026.04.10	01:50:33.538	0.79076				2
2026.04.10	01:50:34.559	0.79077				2
2026.04.10	01:51:00.670	0.79077				2
2026.04.10	01:51:06.068	0.79078	0.79090			6
2026.04.10	01:51:06.668	0.79079	0.79089			6
2026.04.10	01:51:06.969	0.79078	0.79090			6
2026.04.10	01:51:09.837	0.79077				2
2026.04.10	01:51:10.529	0.79078				2
2026.04.10	01:51:12.753	0.79077				2
2026.04.10	01:51:14.552		0.79089			4
2026.04.10	01:51:16.548		0.79088			4
2026.04.10	01:51:16.849		0.79090			4
2026.04.10	01:51:18.036		0.79088			4
2026.04.10	01:51:18.338		0.79090			4
2026.04.10	01:51:21.277		0.79087			4
2026.04.10	01:51:23.937	0.79076				2
2026.04.10	01:51:29.083	0.79073	0.79084			6
2026.04.10	01:51:30.552		0.79083			4
2026.04.10	01:51:32.637		0.79084			4
2026.04.10	01:51:42.007	0.79074				2
2026.04.10	01:51:45.036	0.79075				2
2026.04.10	01:51:45.873	0.79074				2
2026.04.10	01:51:49.137	0.79075	0.79085			6
2026.04.10	01:51:52.137		0.79086			4
2026.04.10	01:51:52.913	0.79076	0.79085			6
2026.04.10	01:51:55.438	0.79075	0.79086			6
2026.04.10	01:51:57.454		0.79085			4
2026.04.10	01:51:57.756		0.79086			4
2026.04.10	01:51:58.055		0.79085			4
2026.04.10	01:52:00.729	0.79075				2
2026.04.10	01:52:01.030	0.79076				2
2026.04.10	01:52:01.331	0.79075	0.79086			6
2026.04.10	01:52:01.633		0.79085			4
2026.04.10	01:52:03.851		0.79086			4
2026.04.10	01:52:05.638		0.79085			4
2026.04.10	01:52:06.170	0.79076	0.79086			6
2026.04.10	01:52:06.576	0.79075				2
2026.04.10	01:52:06.876	0.79076	0.79084			6
2026.04.10	01:52:07.176		0.79086			4
2026.04.10	01:52:13.399		0.79084			4
2026.04.10	01:52:14.475		0.79085			4
2026.04.10	01:52:16.711		0.79084			4
2026.04.10	01:52:18.252		0.79086			4
2026.04.10	01:52:21.237		0.79085			4
2026.04.10	01:52:24.980		0.79086			4
2026.04.10	01:52:30.709	0.79077	0.79089			6
2026.04.10	01:52:31.421		0.79088			4
2026.04.10	01:52:33.838	0.79078				2
2026.04.10	01:52:56.970	0.79079				2
2026.04.10	01:52:57.537	0.79078				2
2026.04.10	01:53:01.009	0.79078				2
2026.04.10	01:53:05.937	0.79077				2
2026.04.10	01:53:11.636	0.79078				2
2026.04.10	01:53:14.192	0.79076	0.79086			6
2026.04.10	01:53:19.585	0.79077				2
2026.04.10	01:53:22.325	0.79078	0.79089			6
2026.04.10	01:53:27.825	0.79077				2
2026.04.10	01:53:28.126	0.79076	0.79085			6
2026.04.10	01:53:28.516		0.79086			4
2026.04.10	01:53:36.696		0.79085			4
2026.04.10	01:53:36.996		0.79086			4
2026.04.10	01:53:38.838		0.79085			4
2026.04.10	01:53:39.137		0.79086			4
2026.04.10	01:53:39.437		0.79085			4
2026.04.10	01:53:40.255		0.79086			4
2026.04.10	01:53:43.558		0.79085			4
2026.04.10	01:53:43.859		0.79086			4
2026.04.10	01:53:45.947		0.79085			4
2026.04.10	01:53:48.044		0.79086			4
2026.04.10	01:53:48.344	0.79078	0.79087			6
2026.04.10	01:53:49.232	0.79076	0.79085			6
2026.04.10	01:53:49.532		0.79086			4
2026.04.10	01:54:00.370	0.79076				2
2026.04.10	01:54:00.970		0.79085			4
2026.04.10	01:54:05.431		0.79086			4
2026.04.10	01:54:06.874	0.79075	0.79085			6
2026.04.10	01:54:12.992	0.79074	0.79083			6
2026.04.10	01:54:14.922		0.79084			4
2026.04.10	01:54:22.438	0.79075				2
2026.04.10	01:54:24.536	0.79074				2
2026.04.10	01:54:27.236	0.79073				2
2026.04.10	01:54:34.770	0.79072	0.79083			6
2026.04.10	01:54:36.725	0.79073				2
2026.04.10	01:54:38.025		0.79084			4
2026.04.10	01:54:39.076	0.79074				2
2026.04.10	01:54:44.317		0.79085			4
2026.04.10	01:54:48.080	0.79075				2
2026.04.10	01:54:48.381	0.79074				2
2026.04.10	01:54:51.053	0.79073	0.79084			6
2026.04.10	01:54:52.170	0.79074				2
2026.04.10	01:55:00.237	0.79074				2
2026.04.10	01:55:02.575	0.79073				2
2026.04.10	01:55:02.875		0.79083			4
2026.04.10	01:55:03.855		0.79084			4
2026.04.10	01:55:06.046	0.79072	0.79083			6
2026.04.10	01:55:07.437	0.79073				2
2026.04.10	01:55:08.505	0.79072	0.79081			6
2026.04.10	01:55:09.335		0.79083			4
2026.04.10	01:55:11.307		0.79082			4
2026.04.10	01:55:22.099	0.79069	0.79079			6
2026.04.10	01:55:25.731	0.79071	0.79080			6
2026.04.10	01:55:26.937	0.79072				2
2026.04.10	01:55:27.663	0.79071	0.79078			6
2026.04.10	01:55:29.852		0.79079			4
2026.04.10	01:55:36.152		0.79080			4
2026.04.10	01:55:38.037	0.79072				2
2026.04.10	01:55:45.318	0.79070				2
2026.04.10	01:55:46.354	0.79069				2
2026.04.10	01:55:46.654	0.79070				2
2026.04.10	01:55:52.766		0.79079			4
2026.04.10	01:55:56.039		0.79080			4
2026.04.10	01:55:57.771	0.79071				2
2026.04.10	01:55:58.605	0.79073	0.79083			6
2026.04.10	01:56:00.349	0.79072	0.79082			6
2026.04.10	01:56:00.649		0.79081			4
2026.04.10	01:56:01.461	0.79073	0.79082			6
2026.04.10	01:56:04.865		0.79084			4
2026.04.10	01:56:08.196		0.79085			4
2026.04.10	01:56:11.160	0.79072	0.79082			6
2026.04.10	01:56:11.760		0.79081			4
2026.04.10	01:56:12.062	0.79073	0.79083			6
2026.04.10	01:56:12.362		0.79084			4
2026.04.10	01:56:13.214		0.79082			4
2026.04.10	01:56:14.049		0.79083			4
2026.04.10	01:56:15.238		0.79082			4
2026.04.10	01:56:16.691	0.79072	0.79081			6
2026.04.10	01:56:17.870	0.79074	0.79085			6
2026.04.10	01:56:18.491	0.79073				2
2026.04.10	01:56:20.637		0.79084			4
2026.04.10	01:56:20.942		0.79085			4
2026.04.10	01:56:21.540		0.79084			4
2026.04.10	01:56:24.617	0.79072				2
2026.04.10	01:56:26.605	0.79073	0.79083			6
2026.04.10	01:56:27.429	0.79067	0.79077			6
2026.04.10	01:56:27.729	0.79066	0.79074			6
2026.04.10	01:56:28.030		0.79076			4
2026.04.10	01:56:29.337		0.79075			4
2026.04.10	01:56:37.137		0.79076			4
2026.04.10	01:56:39.682		0.79075			4
2026.04.10	01:56:47.337		0.79076			4
2026.04.10	01:56:56.788	0.79069	0.79079			6
2026.04.10	01:57:00.180	0.79069				2
2026.04.10	01:57:00.480	0.79068				2
2026.04.10	01:57:01.716	0.79067	0.79077			6
2026.04.10	01:57:03.332	0.79068	0.79078			6
2026.04.10	01:57:04.252		0.79076			4
2026.04.10	01:57:04.553	0.79067				2
2026.04.10	01:57:06.914	0.79068	0.79078			6
2026.04.10	01:57:09.258	0.79069	0.79079			6
2026.04.10	01:57:33.169	0.79068				2
2026.04.10	01:57:40.107		0.79078			4
2026.04.10	01:57:40.409		0.79076			4
2026.04.10	01:57:40.712	0.79067	0.79075			6
2026.04.10	01:57:41.342	0.79068	0.79076			6
2026.04.10	01:57:52.720		0.79075			4
2026.04.10	01:57:55.817	0.79066				2
2026.04.10	01:58:02.038	0.79066				2
2026.04.10	01:58:02.338	0.79065	0.79076			6
2026.04.10	01:58:06.537	0.79066				2
2026.04.10	01:58:08.641		0.79075			4
2026.04.10	01:58:10.551	0.79068	0.79078			6
2026.04.10	01:58:27.174	0.79067	0.79076			6
2026.04.10	01:58:32.250	0.79066	0.79077			6
2026.04.10	01:58:34.737		0.79076			4
2026.04.10	01:58:37.627		0.79077			4
2026.04.10	01:58:37.927		0.79075			4
2026.04.10	01:58:39.463	0.79065				2
2026.04.10	01:58:39.765	0.79063	0.79073			6
2026.04.10	01:58:41.938	0.79062				2
2026.04.10	01:58:43.302		0.79070			4
2026.04.10	01:59:03.041	0.79062				2
2026.04.10	01:59:09.956	0.79061				2
2026.04.10	01:59:10.256	0.79060				2
2026.04.10	01:59:45.127		0.79070			4
2026.04.10	02:00:00.005	0.79060				2
2026.04.10	02:00:00.306	0.79059	0.79069			6
2026.04.10	02:00:00.605		0.79070			4
2026.04.10	02:00:03.361		0.79069			4
2026.04.10	02:00:05.637		0.79070			4
2026.04.10	02:00:05.937	0.79060	0.79073			6
2026.04.10	02:00:06.540	0.79062				2
2026.04.10	02:00:14.636	0.79061	0.79071			6
2026.04.10	02:00:22.437		0.79070			4
2026.04.10	02:00:23.038		0.79072			4
2026.04.10	02:00:28.037		0.79070			4
2026.04.10	02:00:30.274		0.79072			4
2026.04.10	02:00:31.190		0.79071			4
2026.04.10	02:00:31.490		0.79072			4
2026.04.10	02:00:58.015	0.79060				2
2026.04.10	02:01:00.300	0.79061				2
2026.04.10	02:01:00.602		0.79073			4
2026.04.10	02:01:00.977		0.79072			4
2026.04.10	02:01:01.280		0.79073			4
2026.04.10	02:01:05.433		0.79072			4
2026.04.10	02:01:07.136	0.79060				2
2026.04.10	02:01:11.937	0.79061				2
2026.04.10	02:01:20.124		0.79073			4
2026.04.10	02:01:20.572		0.79072			4
2026.04.10	02:01:21.403		0.79073			4
2026.04.10	02:01:21.706		0.79072			4
2026.04.10	02:01:23.298	0.79060				2
2026.04.10	02:01:25.363		0.79073			4
2026.04.10	02:01:25.964		0.79072			4
2026.04.10	02:01:26.911	0.79058	0.79069			6
2026.04.10	02:01:27.211		0.79070			4
2026.04.10	02:01:27.511	0.79057				2
2026.04.10	02:01:31.732	0.79058				2
2026.04.10	02:01:40.355	0.79057				2
2026.04.10	02:01:43.736	0.79058				2
2026.04.10	02:01:51.696		0.79069			4
2026.04.10	02:01:52.433		0.79070			4
2026.04.10	02:01:53.637		0.79069			4
2026.04.10	02:01:56.637	0.79056	0.79068			6
2026.04.10	02:01:57.433		0.79069			4
2026.04.10	02:01:57.733		0.79068			4
2026.04.10	02:02:02.432	0.79056				2
2026.04.10	02:02:07.437		0.79069			4
2026.04.10	02:02:10.185		0.79068			4
2026.04.10	02:02:12.960		0.79067			4
2026.04.10	02:02:15.272	0.79054	0.79068			6
2026.04.10	02:02:15.571	0.79063	0.79064			6
2026.04.10	02:02:15.871	0.79062	0.79063			6
2026.04.10	02:02:17.377		0.79064			4
2026.04.10	02:02:17.981	0.79056	0.79067			6
2026.04.10	02:02:20.663	0.79055	0.79066			6
2026.04.10	02:02:23.257	0.79054	0.79067			6
2026.04.10	02:02:23.557	0.79050	0.79062			6
2026.04.10	02:02:26.125	0.79051				2
2026.04.10	02:02:27.533		0.79061			4
2026.04.10	02:02:33.582	0.79053	0.79066			6
2026.04.10	02:02:36.495	0.79054				2
2026.04.10	02:02:36.797	0.79055				2
2026.04.10	02:02:43.320		0.79067			4
2026.04.10	02:02:47.136		0.79065			4
2026.04.10	02:03:00.141	0.79055				2
2026.04.10	02:03:04.709	0.79056	0.79064			6
2026.04.10	02:03:08.037		0.79065			4
2026.04.10	02:03:13.671		0.79064			4
2026.04.10	02:03:17.337		0.79065			4
2026.04.10	02:03:18.212	0.79054	0.79063			6
2026.04.10	02:03:22.742	0.79053				2
2026.04.10	02:03:38.036	0.79054				2
2026.04.10	02:03:38.337		0.79064			4
2026.04.10	02:03:40.244	0.79053	0.79063			6
2026.04.10	02:03:44.637	0.79054				2
2026.04.10	02:03:49.437		0.79064			4
2026.04.10	02:03:53.385	0.79055	0.79065			6
2026.04.10	02:03:56.253	0.79054	0.79063			6
2026.04.10	02:04:01.561	0.79054				2
2026.04.10	02:04:23.176	0.79055	0.79062			6
2026.04.10	02:04:31.472	0.79054				2
2026.04.10	02:04:32.072		0.79063			4
2026.04.10	02:04:35.637		0.79062			4
2026.04.10	02:04:38.037	0.79055				2
2026.04.10	02:04:51.537	0.79056	0.79063			6
2026.04.10	02:04:52.194	0.79057	0.79065			6
2026.04.10	02:04:53.222		0.79064			4
2026.04.10	02:05:11.918	0.79057				2
2026.04.10	02:05:12.916	0.79056				2
2026.04.10	02:05:18.237	0.79057				2
2026.04.10	02:05:31.785		0.79065			4
2026.04.10	02:05:32.083		0.79066			4
2026.04.10	02:05:32.384		0.79065			4
2026.04.10	02:05:40.463		0.79064			4
2026.04.10	02:05:42.900		0.79066			4
2026.04.10	02:05:51.287		0.79065			4
2026.04.10	02:05:56.037		0.79066			4
2026.04.10	02:05:57.127		0.79067			4
2026.04.10	02:06:00.238	0.79057	0.79066			6
2026.04.10	02:06:00.541	0.79059	0.79068			6
2026.04.10	02:06:02.937	0.79060	0.79067			6
2026.04.10	02:06:04.828		0.79069			4
2026.04.10	02:06:05.430		0.79067			4
2026.04.10	02:06:16.119		0.79069			4
2026.04.10	02:06:30.722	0.79061				2
2026.04.10	02:06:31.022	0.79063	0.79072			6
2026.04.10	02:06:34.437	0.79064				2
2026.04.10	02:06:38.645	0.79063				2
2026.04.10	02:06:39.385		0.79070			4
2026.04.10	02:06:39.685	0.79062	0.79069			6
2026.04.10	02:06:40.726	0.79061				2
2026.04.10	02:06:53.029	0.79066				2
2026.04.10	02:06:53.417	0.79061				2
2026.04.10	02:06:53.718	0.79066				2
2026.04.10	02:06:54.021	0.79061				2
2026.04.10	02:06:54.319	0.79066				2
2026.04.10	02:06:54.620	0.79061				2
2026.04.10	02:06:54.922	0.79066				2
2026.04.10	02:06:55.221	0.79061				2
2026.04.10	02:06:55.523	0.79066				2
2026.04.10	02:06:55.822	0.79061				2
2026.04.10	02:06:56.122	0.79066				2
2026.04.10	02:06:56.421	0.79061				2
2026.04.10	02:06:58.630	0.79063	0.79071			6
2026.04.10	02:07:01.065	0.79064				2
2026.04.10	02:07:07.437	0.79063				2
2026.04.10	02:07:18.371		0.79070			4
2026.04.10	02:07:22.190	0.79061	0.79068			6
2026.04.10	02:07:25.617		0.79069			4
2026.04.10	02:07:30.237	0.79062	0.79068			6
2026.04.10	02:07:35.535	0.79061				2
2026.04.10	02:07:48.672	0.79058	0.79066			6
2026.04.10	02:07:59.336		0.79065			4
2026.04.10	02:08:01.050	0.79058				2
2026.04.10	02:08:03.433	0.79057	0.79064			6
2026.04.10	02:08:05.596	0.79053	0.79060			6
2026.04.10	02:08:06.765	0.79054				2
2026.04.10	02:08:07.066	0.79053				2
2026.04.10	02:08:07.366	0.79054	0.79061			6
2026.04.10	02:08:13.327	0.79053				2
2026.04.10	02:08:13.627	0.79054				2
2026.04.10	02:08:15.906		0.79062			4
2026.04.10	02:08:16.423	0.79053				2
2026.04.10	02:08:16.723	0.79054				2
2026.04.10	02:08:22.210	0.79055				2
2026.04.10	02:08:32.108	0.79054				2
2026.04.10	02:08:36.237	0.79053				2
2026.04.10	02:08:36.537		0.79061			4
2026.04.10	02:08:37.437		0.79062			4
2026.04.10	02:08:41.388	0.79056	0.79065			6
2026.04.10	02:08:42.639	0.79057				2
2026.04.10	02:08:42.941		0.79064			4
2026.04.10	02:08:53.769	0.79056				2
2026.04.10	02:08:56.471	0.79057				2
2026.04.10	02:09:02.157	0.79057				2
2026.04.10	02:09:04.584	0.79056				2
2026.04.10	02:09:04.884	0.79057				2
2026.04.10	02:09:10.266	0.79055	0.79063			6
2026.04.10	02:09:10.565	0.79057	0.79064			6
2026.04.10	02:09:27.539		0.79065			4
2026.04.10	02:09:33.111	0.79056				2
2026.04.10	02:09:37.272	0.79057				2
2026.04.10	02:09:42.837	0.79056				2
2026.04.10	02:09:43.137		0.79064			4
2026.04.10	02:09:49.136	0.79057				2
2026.04.10	02:09:49.438		0.79065			4
2026.04.10	02:09:51.865	0.79056	0.79064			6
2026.04.10	02:09:53.589	0.79057				2
2026.04.10	02:09:59.337	0.79056				2
2026.04.10	02:10:00.773	0.79057				2
2026.04.10	02:10:01.978	0.79056				2
2026.04.10	02:10:02.279	0.79058	0.79065			6
2026.04.10	02:10:02.580	0.79060	0.79068			6
2026.04.10	02:10:10.547	0.79059				2
2026.04.10	02:10:10.847	0.79060				2
2026.04.10	02:10:24.706		0.79070			4
2026.04.10	02:10:26.274	0.79061	0.79069			6
2026.04.10	02:10:31.437	0.79060				2
2026.04.10	02:10:47.337	0.79061				2
2026.04.10	02:10:50.162	0.79058				2
2026.04.10	02:10:50.465		0.79072			4
2026.04.10	02:10:55.437	0.79057				2
2026.04.10	02:10:59.937	0.79058				2
2026.04.10	02:11:01.009	0.79058				2
2026.04.10	02:11:01.308	0.79061	0.79074			6
2026.04.10	02:11:02.346	0.79060				2
2026.04.10	02:11:03.537	0.79061				2
2026.04.10	02:11:07.106	0.79060				2
2026.04.10	02:11:08.094	0.79064	0.79076			6
2026.04.10	02:11:08.396	0.79063				2
2026.04.10	02:11:10.928	0.79062				2
2026.04.10	02:11:11.230	0.79063				2
2026.04.10	02:11:14.550		0.79077			4
2026.04.10	02:11:15.179	0.79065				2
2026.04.10	02:11:18.233	0.79066				2
2026.04.10	02:11:24.237	0.79065				2
2026.04.10	02:11:27.227	0.79066	0.79079			6
2026.04.10	02:11:27.527	0.79065	0.79078			6
2026.04.10	02:11:29.262		0.79077			4
2026.04.10	02:11:33.878	0.79064				2
2026.04.10	02:11:34.178		0.79076			4
2026.04.10	02:11:34.939		0.79077			4
2026.04.10	02:11:35.239		0.79076			4
2026.04.10	02:11:37.844	0.79065				2
2026.04.10	02:11:38.146	0.79064				2
2026.04.10	02:11:38.530	0.79065				2
2026.04.10	02:11:38.830	0.79064				2
2026.04.10	02:11:44.148	0.79063				2
2026.04.10	02:11:46.431	0.79064				2
2026.04.10	02:11:49.571	0.79065				2
2026.04.10	02:11:55.737	0.79064				2
2026.04.10	02:12:00.119	0.79064				2
2026.04.10	02:12:19.529	0.79063				2
2026.04.10	02:12:19.831	0.79064				2
2026.04.10	02:12:30.088	0.79063				2
2026.04.10	02:12:35.037	0.79064				2
2026.04.10	02:12:35.337		0.79076			4
2026.04.10	02:12:38.340		0.79075			4
2026.04.10	02:12:42.984		0.79076			4
2026.04.10	02:12:44.507	0.79065				2
2026.04.10	02:12:53.862	0.79066				2
2026.04.10	02:12:54.162		0.79075			4
2026.04.10	02:12:55.159	0.79065				2
2026.04.10	02:13:00.376	0.79065				2
2026.04.10	02:13:04.209	0.79066				2
2026.04.10	02:13:04.509	0.79065				2
2026.04.10	02:13:09.312	0.79066				2
2026.04.10	02:13:15.537	0.79065				2
2026.04.10	02:13:54.443		0.79075			4
2026.04.10	02:13:54.742	0.79066				2
2026.04.10	02:13:55.044	0.79064	0.79076			6
2026.04.10	02:14:00.169	0.79065				2
2026.04.10	02:14:13.981	0.79066	0.79075			6
2026.04.10	02:14:19.606	0.79065				2
2026.04.10	02:14:19.906		0.79076			4
2026.04.10	02:14:22.426	0.79064	0.79075			6
2026.04.10	02:14:22.726	0.79065				2
2026.04.10	02:14:58.027	0.79066				2
2026.04.10	02:14:59.763	0.79065				2
2026.04.10	02:15:00.063	0.79065				2
2026.04.10	02:15:05.873	0.79066				2
2026.04.10	02:15:06.469	0.79065				2
2026.04.10	02:15:07.080		0.79074			4
2026.04.10	02:15:11.038		0.79075			4
2026.04.10	02:15:22.437		0.79074			4
2026.04.10	02:15:30.761		0.79075			4
2026.04.10	02:15:37.437		0.79074			4
2026.04.10	02:15:44.037		0.79075			4
2026.04.10	02:15:50.638		0.79074			4
2026.04.10	02:15:56.497		0.79075			4
2026.04.10	02:16:01.087	0.79065				2
2026.04.10	02:16:07.029	0.79066				2
2026.04.10	02:16:10.198	0.79065				2
2026.04.10	02:16:10.498	0.79068	0.79077			6
2026.04.10	02:16:12.253	0.79069				2
2026.04.10	02:16:12.553	0.79068				2
2026.04.10	02:16:16.379	0.79069				2
2026.04.10	02:16:20.425	0.79068	0.79078			6
2026.04.10	02:16:21.857	0.79071				2
2026.04.10	02:16:24.116	0.79069				2
2026.04.10	02:16:25.150	0.79072	0.79080			6
2026.04.10	02:16:25.781	0.79069	0.79079			6
2026.04.10	02:16:29.936		0.79078			4
2026.04.10	02:16:33.357	0.79071				2
2026.04.10	02:16:33.958	0.79069				2
2026.04.10	02:16:39.013		0.79079			4
2026.04.10	02:16:41.886	0.79072	0.79080			6
2026.04.10	02:17:00.800	0.79072				2
2026.04.10	02:17:34.882	0.79073				2
2026.04.10	02:17:38.337	0.79072				2
2026.04.10	02:17:45.837	0.79073	0.79080			6
2026.04.10	02:17:55.494	0.79072				2
2026.04.10	02:18:00.237	0.79072				2
2026.04.10	02:18:00.972	0.79073				2
2026.04.10	02:18:12.311	0.79072	0.79079			6
2026.04.10	02:18:15.703	0.79071				2
2026.04.10	02:18:22.759	0.79070				2
2026.04.10	02:18:23.060		0.79078			4
2026.04.10	02:18:31.627	0.79071				2
2026.04.10	02:18:33.047	0.79069				2
2026.04.10	02:18:33.346		0.79077			4
2026.04.10	02:18:34.257	0.79071				2
2026.04.10	02:18:34.556		0.79078			4
2026.04.10	02:18:37.424	0.79070	0.79077			6
2026.04.10	02:18:40.427	0.79071	0.79078			6
2026.04.10	02:18:40.727	0.79072	0.79081			6
2026.04.10	02:18:42.537	0.79073				2
2026.04.10	02:18:42.839		0.79080			4
2026.04.10	02:18:47.854	0.79072				2
2026.04.10	02:18:58.020	0.79071	0.79078			6
2026.04.10	02:19:03.309	0.79071				2
2026.04.10	02:19:03.609	0.79072	0.79080			6
2026.04.10	02:19:10.605	0.79073	0.79081			6
2026.04.10	02:19:13.437	0.79074				2
2026.04.10	02:19:13.738		0.79080			4
2026.04.10	02:19:15.505	0.79072				2
2026.04.10	02:19:15.804	0.79073				2
2026.04.10	02:20:03.237	0.79073				2
2026.04.10	02:20:15.003		0.79080			4
2026.04.10	02:20:58.068	0.79076	0.79083			6
2026.04.10	02:21:01.005	0.79076				2
2026.04.10	02:21:02.372	0.79074	0.79081			6
2026.04.10	02:21:13.141	0.79075	0.79083			6
2026.04.10	02:21:16.501	0.79076				2
2026.04.10	02:21:48.127	0.79074	0.79081			6
2026.04.10	02:21:51.413	0.79073	0.79080			6
2026.04.10	02:22:02.938	0.79073				2
2026.04.10	02:22:17.045	0.79075	0.79083			6
2026.04.10	02:22:21.267	0.79074	0.79081			6
2026.04.10	02:22:44.937	0.79073				2
2026.04.10	02:22:51.238	0.79074				2
2026.04.10	02:23:05.961	0.79074				2
2026.04.10	02:23:06.262	0.79072				2
2026.04.10	02:23:09.237	0.79073	0.79080			6
2026.04.10	02:23:35.209	0.79071				2
2026.04.10	02:23:36.139	0.79072	0.79081			6
2026.04.10	02:23:50.464	0.79073				2
2026.04.10	02:24:00.976	0.79073				2
2026.04.10	02:24:03.236	0.79074				2
2026.04.10	02:24:13.795	0.79072	0.79080			6
2026.04.10	02:24:14.095	0.79073				2
2026.04.10	02:24:16.843	0.79071	0.79078			6
2026.04.10	02:24:27.091	0.79070	0.79076			6
2026.04.10	02:24:33.237		0.79077			4
2026.04.10	02:25:00.102	0.79070				2
2026.04.10	02:25:00.703	0.79069	0.79076			6
2026.04.10	02:25:01.004	0.79070	0.79077			6
2026.04.10	02:25:07.966	0.79071				2
2026.04.10	02:25:13.208	0.79070				2
2026.04.10	02:25:49.007	0.79071	0.79078			6
2026.04.10	02:25:49.643	0.79070				2
2026.04.10	02:26:00.347	0.79070				2
2026.04.10	02:26:10.693		0.79077			4
2026.04.10	02:26:18.432	0.79072	0.79079			6
2026.04.10	02:26:32.070	0.79070	0.79078			6
2026.04.10	02:26:53.938	0.79071				2
2026.04.10	02:26:58.753	0.79072	0.79079			6
2026.04.10	02:27:02.557	0.79072				2
2026.04.10	02:27:02.858	0.79073				2
2026.04.10	02:27:13.219	0.79072				2
2026.04.10	02:27:13.519		0.79080			4
2026.04.10	02:27:21.108		0.79081			4
2026.04.10	02:27:24.237		0.79080			4
2026.04.10	02:27:24.838	0.79071	0.79081			6
2026.04.10	02:27:43.451	0.79070				2
2026.04.10	02:27:45.108	0.79069	0.79080			6
2026.04.10	02:27:49.390	0.79068	0.79078			6
2026.04.10	02:28:02.337	0.79068				2
2026.04.10	02:28:25.013	0.79065	0.79076			6
2026.04.10	02:28:26.521	0.79063	0.79073			6
2026.04.10	02:28:35.461	0.79064	0.79074			6
2026.04.10	02:28:44.498	0.79066				2
2026.04.10	02:28:48.389	0.79065				2
2026.04.10	02:28:48.990	0.79066				2
2026.04.10	02:28:49.565	0.79065				2
2026.04.10	02:28:55.053	0.79066				2
2026.04.10	02:28:58.181	0.79065				2
2026.04.10	02:29:02.525	0.79065	0.79073			6
2026.04.10	02:29:24.205	0.79066				2
2026.04.10	02:29:24.591	0.79065				2
2026.04.10	02:29:26.365	0.79066				2
2026.04.10	02:29:26.665	0.79065				2
2026.04.10	02:29:29.194		0.79074			4
2026.04.10	02:29:34.592	0.79066				2
2026.04.10	02:29:34.893	0.79065				2
2026.04.10	02:29:45.560	0.79066				2
2026.04.10	02:29:48.847	0.79069	0.79076			6
2026.04.10	02:30:00.239	0.79069				2
2026.04.10	02:30:12.236	0.79068				2
2026.04.10	02:30:16.437	0.79069				2
2026.04.10	02:30:27.880	0.79078	0.79086			6
2026.04.10	02:30:30.125	0.79079	0.79087			6
2026.04.10	02:30:31.602	0.79078				2
2026.04.10	02:30:31.902	0.79076	0.79084			6
2026.04.10	02:30:41.896	0.79069	0.79077			6
2026.04.10	02:30:42.496		0.79078			4
2026.04.10	02:30:42.797		0.79079			4
2026.04.10	02:30:47.644	0.79070				2
2026.04.10	02:30:48.463	0.79069				2
2026.04.10	02:30:50.171	0.79070	0.79078			6
2026.04.10	02:30:50.474	0.79069				2
2026.04.10	02:31:01.852	0.79069				2
2026.04.10	02:31:02.154	0.79070				2
2026.04.10	02:31:22.643	0.79069	0.79077			6
2026.04.10	02:31:24.244	0.79070				2
2026.04.10	02:31:24.545		0.79078			4
2026.04.10	02:31:25.861	0.79072	0.79081			6
2026.04.10	02:31:29.853	0.79071	0.79079			6
2026.04.10	02:31:30.475		0.79078			4
2026.04.10	02:31:31.075		0.79079			4
2026.04.10	02:31:31.377	0.79070				2
2026.04.10	02:31:33.576	0.79071	0.79077			6
2026.04.10	02:31:34.663		0.79078			4
2026.04.10	02:31:46.993	0.79075				2
2026.04.10	02:31:50.151	0.79076				2
2026.04.10	02:31:50.752	0.79075				2
2026.04.10	02:31:53.015	0.79076				2
2026.04.10	02:31:55.502	0.79071				2
2026.04.10	02:31:55.802	0.79070				2
2026.04.10	02:31:56.405	0.79074	0.79082			6
2026.04.10	02:31:57.872		0.79081			4
2026.04.10	02:32:00.859	0.79074				2
2026.04.10	02:32:05.878		0.79080			4
2026.04.10	02:32:07.027	0.79076	0.79082			6
2026.04.10	02:32:10.146		0.79083			4
2026.04.10	02:32:10.445	0.79078	0.79084			6
2026.04.10	02:32:10.745	0.79076	0.79083			6
2026.04.10	02:32:12.788		0.79082			4
2026.04.10	02:32:22.793		0.79083			4
2026.04.10	02:32:25.578	0.79079	0.79085			6
2026.04.10	02:32:35.754	0.79077	0.79084			6
2026.04.10	02:32:56.022	0.79073	0.79081			6
2026.04.10	02:33:00.082	0.79073				2
2026.04.10	02:33:00.383	0.79074				2
2026.04.10	02:33:00.685	0.79073	0.79082			6
2026.04.10	02:33:00.983		0.79080			4
2026.04.10	02:33:10.564		0.79079			4
2026.04.10	02:33:15.327	0.79071	0.79077			6
2026.04.10	02:33:17.770		0.79076			4
2026.04.10	02:33:19.746		0.79077			4
2026.04.10	02:33:36.145		0.79076			4
2026.04.10	02:33:50.793		0.79077			4
2026.04.10	02:34:00.195	0.79071				2
2026.04.10	02:34:00.795		0.79076			4
2026.04.10	02:34:09.229	0.79075	0.79081			6
2026.04.10	02:34:09.532	0.79074				2
2026.04.10	02:34:18.398	0.79073				2
2026.04.10	02:34:20.432	0.79076	0.79083			6
2026.04.10	02:34:20.733	0.79075				2
2026.04.10	02:34:23.671		0.79082			4
2026.04.10	02:34:24.704		0.79083			4
2026.04.10	02:34:25.543		0.79082			4
2026.04.10	02:34:28.209	0.79073	0.79081			6
2026.04.10	02:34:34.993	0.79072	0.79078			6
2026.04.10	02:34:36.508	0.79071				2
2026.04.10	02:34:37.986	0.79072				2
2026.04.10	02:34:39.129	0.79073				2
2026.04.10	02:34:41.977	0.79072				2
2026.04.10	02:34:43.819		0.79079			4
2026.04.10	02:34:46.702		0.79078			4
2026.04.10	02:34:48.429	0.79073	0.79079			6
2026.04.10	02:34:50.599	0.79072	0.79078			6
2026.04.10	02:34:51.198	0.79073				2
2026.04.10	02:34:51.507	0.79072				2
2026.04.10	02:34:51.808	0.79073	0.79079			6
2026.04.10	02:34:57.852		0.79078			4
2026.04.10	02:35:00.011	0.79073				2
2026.04.10	02:35:00.311	0.79072				2
2026.04.10	02:35:11.874		0.79079			4
2026.04.10	02:35:20.284	0.79071	0.79078			6
2026.04.10	02:35:21.297	0.79070				2
2026.04.10	02:35:44.430	0.79071				2
2026.04.10	02:35:47.532	0.79070	0.79077			6
2026.04.10	02:35:56.433		0.79078			4
2026.04.10	02:35:56.735		0.79077			4
2026.04.10	02:36:01.669	0.79070	0.79078			6
2026.04.10	02:36:06.973	0.79071	0.79079			6
2026.04.10	02:36:07.273		0.79078			4
2026.04.10	02:36:08.086		0.79079			4
2026.04.10	02:36:17.224		0.79078			4
2026.04.10	02:36:19.779	0.79070	0.79077			6
2026.04.10	02:36:20.379		0.79078			4
2026.04.10	02:36:23.846	0.79071	0.79077			6
2026.04.10	02:36:24.274	0.79070				2
2026.04.10	02:36:24.577	0.79071				2
2026.04.10	02:36:32.432		0.79078			4
2026.04.10	02:36:32.732	0.79070				2
2026.04.10	02:36:36.389	0.79071	0.79079			6
2026.04.10	02:36:37.589	0.79073	0.79081			6
2026.04.10	02:36:41.074	0.79075	0.79083			6
2026.04.10	02:36:42.104	0.79076				2
2026.04.10	02:36:44.865	0.79075				2
2026.04.10	02:37:00.173	0.79075				2
2026.04.10	02:37:00.772		0.79082			4
2026.04.10	02:37:03.455	0.79076	0.79084			6
2026.04.10	02:37:19.182		0.79083			4
2026.04.10	02:37:25.817	0.79075				2
2026.04.10	02:37:37.608	0.79074	0.79081			6
2026.04.10	02:37:37.909	0.79076	0.79084			6
2026.04.10	02:37:40.364	0.79079	0.79086			6
2026.04.10	02:37:54.000	0.79078	0.79084			6
2026.04.10	02:37:55.769	0.79077				2
2026.04.10	02:37:56.661	0.79079	0.79085			6
2026.04.10	02:37:57.631		0.79086			4
2026.04.10	02:37:59.684	0.79080				2
2026.04.10	02:38:01.350	0.79080				2
2026.04.10	02:38:04.079	0.79082	0.79089			6
2026.04.10	02:38:13.913		0.79088			4
2026.04.10	02:38:27.238	0.79081				2
2026.04.10	02:38:29.098	0.79082				2
2026.04.10	02:38:59.499	0.79085	0.79090			6
2026.04.10	02:39:01.343	0.79085				2
2026.04.10	02:39:03.282	0.79084				2
2026.04.10	02:39:04.391		0.79089			4
2026.04.10	02:39:07.065	0.79087				2
2026.04.10	02:39:07.408	0.79084				2
2026.04.10	02:39:07.738	0.79087				2
2026.04.10	02:39:08.038	0.79088				2
2026.04.10	02:39:08.339	0.79085				2
2026.04.10	02:39:08.640	0.79088				2
2026.04.10	02:39:08.941	0.79085				2
2026.04.10	02:39:09.241	0.79088				2
2026.04.10	02:39:09.541	0.79085				2
2026.04.10	02:39:09.842	0.79086				2
2026.04.10	02:39:10.143	0.79085				2
2026.04.10	02:39:10.444	0.79086				2
2026.04.10	02:39:10.801	0.79085				2
2026.04.10	02:39:11.453		0.79090			4
2026.04.10	02:39:17.037	0.79084				2
2026.04.10	02:39:30.169	0.79085				2
2026.04.10	02:39:34.493		0.79092			4
2026.04.10	02:39:37.513		0.79091			4
2026.04.10	02:39:39.623		0.79090			4
2026.04.10	02:39:44.529	0.79088	0.79093			6
2026.04.10	02:39:49.880	0.79085	0.79091			6
2026.04.10	02:39:51.303	0.79083	0.79089			6
2026.04.10	02:39:55.936		0.79088			4
2026.04.10	02:40:02.449	0.79083				2
2026.04.10	02:40:14.073	0.79080	0.79087			6
2026.04.10	02:40:14.676	0.79082	0.79088			6
2026.04.10	02:40:15.670	0.79083				2
2026.04.10	02:40:20.431		0.79089			4
2026.04.10	02:40:21.369		0.79088			4
2026.04.10	02:41:00.707	0.79083				2
2026.04.10	02:41:02.753	0.79082	0.79087			6
2026.04.10	02:41:07.900	0.79080				2
2026.04.10	02:41:37.185	0.79081				2
2026.04.10	02:41:40.704	0.79082				2
2026.04.10	02:41:41.005	0.79083	0.79088			6
2026.04.10	02:41:45.537	0.79082				2
2026.04.10	02:42:00.893	0.79082				2
2026.04.10	02:42:45.111		0.79088			4
2026.04.10	02:42:53.673	0.79083				2
2026.04.10	02:43:02.637	0.79083				2
2026.04.10	02:43:38.621	0.79085	0.79090			6
2026.04.10	02:43:38.919	0.79086				2
2026.04.10	02:43:40.905		0.79091			4
2026.04.10	02:43:41.205	0.79083	0.79088			6
2026.04.10	02:44:00.064	0.79083				2
2026.04.10	02:44:00.364	0.79085	0.79091			6
2026.04.10	02:44:07.143	0.79086				2
2026.04.10	02:44:12.236	0.79085				2
2026.04.10	02:44:16.362	0.79086				2
2026.04.10	02:44:32.038	0.79085				2
2026.04.10	02:44:38.381	0.79089	0.79095			6
2026.04.10	02:44:38.681	0.79088				2
2026.04.10	02:44:41.398		0.79094			4
2026.04.10	02:44:42.000	0.79087				2
2026.04.10	02:44:42.783	0.79088				2
2026.04.10	02:45:00.246	0.79088				2
2026.04.10	02:45:40.249		0.79093			4
2026.04.10	02:45:49.645	0.79092	0.79098			6
2026.04.10	02:45:51.741		0.79099			4
2026.04.10	02:45:55.040		0.79098			4
2026.04.10	02:46:00.218	0.79091	0.79097			6
2026.04.10	02:46:29.603	0.79089	0.79094			6
2026.04.10	02:46:35.145		0.79095			4
2026.04.10	02:46:41.943		0.79094			4
2026.04.10	02:47:00.082	0.79089				2
2026.04.10	02:47:19.184	0.79088				2
2026.04.10	02:47:43.083		0.79094			4
2026.04.10	02:48:01.022	0.79088				2
2026.04.10	02:48:15.632	0.79085	0.79091			6
2026.04.10	02:48:18.501	0.79086				2
2026.04.10	02:48:21.054	0.79085				2
2026.04.10	02:48:25.832	0.79086				2
2026.04.10	02:48:26.909	0.79087	0.79093			6
2026.04.10	02:48:28.507	0.79088				2
2026.04.10	02:48:29.401	0.79089				2
2026.04.10	02:48:30.835	0.79088				2
2026.04.10	02:48:37.683	0.79086	0.79091			6
2026.04.10	02:48:42.383	0.79085				2
2026.04.10	02:49:00.099	0.79085				2
2026.04.10	02:49:03.981	0.79083	0.79090			6
2026.04.10	02:49:18.834	0.79081	0.79088			6
2026.04.10	02:49:20.294	0.79082				2
2026.04.10	02:49:35.094	0.79084	0.79091			6
2026.04.10	02:49:45.631	0.79085				2
2026.04.10	02:50:00.253	0.79087	0.79093			6
2026.04.10	02:50:11.606	0.79086				2
2026.04.10	02:50:11.908		0.79092			4
2026.04.10	02:50:12.207	0.79087	0.79093			6
2026.04.10	02:50:21.501		0.79094			4
2026.04.10	02:50:37.433		0.79093			4
2026.04.10	02:50:43.433		0.79094			4
2026.04.10	02:50:46.433		0.79093			4
2026.04.10	02:50:57.439		0.79094			4
2026.04.10	02:51:00.212	0.79086				2
2026.04.10	02:51:00.512	0.79084	0.79091			6
2026.04.10	02:51:11.475	0.79083	0.79089			6
2026.04.10	02:51:13.094	0.79084	0.79091			6
2026.04.10	02:51:22.733	0.79083	0.79089			6
2026.04.10	02:51:45.733	0.79082	0.79088			6
2026.04.10	02:51:46.333	0.79084	0.79090			6
2026.04.10	02:51:57.127	0.79085				2
2026.04.10	02:52:00.890	0.79085				2
2026.04.10	02:52:18.433		0.79091			4
2026.04.10	02:52:20.434		0.79090			4
2026.04.10	02:52:42.424	0.79088	0.79094			6
2026.04.10	02:52:46.808	0.79089	0.79095			6
2026.04.10	02:52:47.711	0.79090	0.79096			6
2026.04.10	02:52:48.011	0.79091	0.79097			6
2026.04.10	02:52:51.519	0.79092				2
2026.04.10	02:52:57.961	0.79093	0.79099			6
2026.04.10	02:53:03.537	0.79093				2
2026.04.10	02:53:09.884		0.79098			4
2026.04.10	02:53:18.420	0.79094				2
2026.04.10	02:53:19.897		0.79100			4
2026.04.10	02:53:20.202	0.79096	0.79101			6
2026.04.10	02:53:20.798	0.79094	0.79100			6
2026.04.10	02:53:24.238	0.79093				2
2026.04.10	02:53:26.571	0.79094				2
2026.04.10	02:53:34.964	0.79092	0.79098			6
2026.04.10	02:53:36.092	0.79094	0.79099			6
2026.04.10	02:53:36.393	0.79095	0.79101			6
2026.04.10	02:53:36.694	0.79094				2
2026.04.10	02:53:50.485	0.79093	0.79099			6
2026.04.10	02:53:51.525	0.79091	0.79097			6
2026.04.10	02:53:51.825	0.79094	0.79100			6
2026.04.10	02:54:00.646	0.79094				2
2026.04.10	02:54:01.245		0.79101			4
2026.04.10	02:54:04.063		0.79100			4
2026.04.10	02:54:06.382		0.79101			4
2026.04.10	02:54:07.593		0.79100			4
2026.04.10	02:54:13.592		0.79101			4
2026.04.10	02:54:15.593		0.79100			4
2026.04.10	02:54:16.593		0.79101			4
2026.04.10	02:54:17.592		0.79100			4
2026.04.10	02:54:48.593		0.79101			4
2026.04.10	02:54:54.680	0.79095				2
2026.04.10	02:54:55.592		0.79100			4
2026.04.10	02:54:59.592		0.79101			4
2026.04.10	02:54:59.893	0.79097	0.79103			6
2026.04.10	02:55:00.194	0.79097				2
2026.04.10	02:55:00.494	0.79096				2
2026.04.10	02:55:00.795		0.79102			4
2026.04.10	02:55:01.593		0.79103			4
2026.04.10	02:55:21.259		0.79104			4
2026.04.10	02:55:31.545	0.79097				2
2026.04.10	02:55:41.546		0.79105			4
2026.04.10	02:55:51.975	0.79098	0.79104			6
2026.04.10	02:55:52.875		0.79105			4
2026.04.10	02:55:56.818		0.79104			4
2026.04.10	02:55:58.706	0.79097				2
2026.04.10	02:56:00.573	0.79096				2
2026.04.10	02:56:00.874	0.79091	0.79099			6
2026.04.10	02:56:02.033		0.79098			4
2026.04.10	02:56:06.235	0.79090				2
2026.04.10	02:56:07.136	0.79091				2
2026.04.10	02:56:25.620	0.79093				2
2026.04.10	02:56:31.531	0.79092	0.79097			6
2026.04.10	02:56:46.089	0.79091				2
2026.04.10	02:56:47.174	0.79092				2
2026.04.10	02:56:49.431	0.79091				2
2026.04.10	02:56:50.366	0.79090				2
2026.04.10	02:56:50.668	0.79092				2
2026.04.10	02:57:00.033	0.79092				2
2026.04.10	02:57:01.535	0.79091				2
2026.04.10	02:57:04.606	0.79092				2
2026.04.10	02:57:08.044	0.79091				2
2026.04.10	02:57:08.343	0.79092				2
2026.04.10	02:57:08.943	0.79091				2
2026.04.10	02:57:18.713	0.79092				2
2026.04.10	02:57:31.985		0.79097			4
2026.04.10	02:57:35.609	0.79091				2
2026.04.10	02:57:36.675	0.79090				2
2026.04.10	02:57:36.973	0.79089	0.79095			6
2026.04.10	02:57:39.246	0.79088	0.79093			6
2026.04.10	02:57:59.420	0.79089				2
2026.04.10	02:58:00.074	0.79089				2
2026.04.10	02:58:00.675	0.79088				2
2026.04.10	02:58:00.976	0.79089				2
2026.04.10	02:58:05.380		0.79096			4
2026.04.10	02:58:06.971	0.79092	0.79099			6
2026.04.10	02:58:09.177		0.79100			4
2026.04.10	02:58:11.146	0.79093	0.79101			6
2026.04.10	02:58:19.821	0.79094				2
2026.04.10	02:58:29.247	0.79093				2
2026.04.10	02:58:36.690	0.79092	0.79100			6
2026.04.10	02:58:45.126	0.79093	0.79102			6
2026.04.10	02:59:00.192	0.79093				2
2026.04.10	02:59:03.719	0.79094				2
2026.04.10	02:59:05.325	0.79093				2
2026.04.10	02:59:14.616		0.79101			4
2026.04.10	02:59:17.301	0.79092				2
2026.04.10	02:59:24.184	0.79093				2
2026.04.10	02:59:26.121	0.79088	0.79097			6
2026.04.10	03:00:00.009	0.79088				2
2026.04.10	03:00:00.909	0.79094	0.79103			6
2026.04.10	03:00:01.210	0.79093	0.79102			6
2026.04.10	03:00:01.510	0.79092	0.79101			6
2026.04.10	03:00:02.110	0.79094	0.79103			6
2026.04.10	03:00:02.710	0.79095				2
