<DATE>	<TIME>	<BID>	<ASK>	<LAST>	<VOLUME>	<FLAGS>
2026.03.16	00:03:30.622	0.78979	0.79176			6
2026.03.16	00:04:14.214	0.78979				2
2026.03.16	00:04:40.668		0.79176			4
2026.03.16	00:05:00.668	0.78979				2
2026.03.16	00:05:50.562		0.79176			4
2026.03.16	00:05:59.473		0.79164			4
2026.03.16	00:06:04.217	0.78979				2
2026.03.16	00:07:09.473	0.78979	0.79164			6
2026.03.16	00:08:07.828	0.78979	0.79165			6
2026.03.16	00:08:49.219	0.78974				2
2026.03.16	00:08:59.481		0.79158			4
2026.03.16	00:09:20.657	0.78974				2
2026.03.16	00:09:44.222	0.78979				2
2026.03.16	00:10:00.295	0.78979	0.79158			6
2026.03.16	00:10:07.308		0.79160			4
2026.03.16	00:10:39.223	0.78980				2
2026.03.16	00:11:00.558	0.78980				2
2026.03.16	00:11:07.454		0.79160			4
2026.03.16	00:11:40.454	0.78979				2
2026.03.16	00:11:51.259		0.79162			4
2026.03.16	00:12:00.554	0.78979				2
2026.03.16	00:12:30.700		0.79150			4
2026.03.16	00:12:41.342		0.79152			4
2026.03.16	00:13:00.254	0.78979				2
2026.03.16	00:13:25.160		0.79154			4
2026.03.16	00:13:54.554	0.78758	0.79155			6
2026.03.16	00:13:54.855	0.78733	0.79156			6
2026.03.16	00:13:55.859	0.78768	0.79148			6
2026.03.16	00:13:56.625	0.78770				2
2026.03.16	00:13:59.359	0.78768	0.79149			6
2026.03.16	00:14:01.154	0.78768				2
2026.03.16	00:14:05.122	0.78767	0.79150			6
2026.03.16	00:14:12.122	0.78766	0.79151			6
2026.03.16	00:14:22.127	0.78765				2
2026.03.16	00:14:25.162	0.78754	0.79145			6
2026.03.16	00:14:25.462	0.78674	0.79133			6
2026.03.16	00:14:25.762		0.79134			4
2026.03.16	00:14:28.155	0.78677	0.79135			6
2026.03.16	00:14:30.556		0.79136			4
2026.03.16	00:14:30.855		0.79135			4
2026.03.16	00:14:32.955		0.79136			4
2026.03.16	00:14:35.054		0.79137			4
2026.03.16	00:14:36.255	0.78679				2
2026.03.16	00:14:37.155		0.79138			4
2026.03.16	00:14:40.155		0.79139			4
2026.03.16	00:14:42.554		0.79140			4
2026.03.16	00:14:45.262	0.78680				2
2026.03.16	00:14:46.455		0.79141			4
2026.03.16	00:14:48.855		0.79142			4
2026.03.16	00:14:49.616		0.79139			4
2026.03.16	00:14:50.654		0.79140			4
2026.03.16	00:14:53.655		0.79141			4
2026.03.16	00:14:53.956	0.78830				2
2026.03.16	00:14:54.255		0.79139			4
2026.03.16	00:14:54.556		0.79133			4
2026.03.16	00:14:55.155		0.79134			4
2026.03.16	00:14:57.254		0.79135			4
2026.03.16	00:14:58.522		0.79130			4
2026.03.16	00:15:00.156	0.78830				2
2026.03.16	00:15:00.458		0.79136			4
2026.03.16	00:15:00.758		0.79149			4
2026.03.16	00:15:01.059		0.79151			4
2026.03.16	00:15:01.361		0.79150			4
2026.03.16	00:15:01.660		0.79153			4
2026.03.16	00:15:02.562		0.79148			4
2026.03.16	00:15:15.128		0.79151			4
2026.03.16	00:15:31.156		0.79152			4
2026.03.16	00:16:00.554	0.78830				2
2026.03.16	00:16:02.660		0.79147			4
2026.03.16	00:16:07.756		0.79152			4
2026.03.16	00:16:09.117		0.79147			4
2026.03.16	00:16:11.957		0.79148			4
2026.03.16	00:16:22.155		0.79147			4
2026.03.16	00:16:23.355		0.79146			4
2026.03.16	00:16:27.254		0.79148			4
2026.03.16	00:16:30.555		0.79146			4
2026.03.16	00:16:32.396		0.79140			4
2026.03.16	00:16:32.700		0.79138			4
2026.03.16	00:16:35.362		0.79137			4
2026.03.16	00:16:41.655		0.79136			4
2026.03.16	00:16:46.630		0.79131			4
2026.03.16	00:16:50.655		0.79130			4
2026.03.16	00:16:57.857		0.79129			4
2026.03.16	00:17:00.555	0.78830				2
2026.03.16	00:17:04.460		0.79128			4
2026.03.16	00:17:13.154		0.79127			4
2026.03.16	00:17:20.355		0.79128			4
2026.03.16	00:17:21.555		0.79126			4
2026.03.16	00:17:27.255		0.79127			4
2026.03.16	00:17:31.755		0.79125			4
2026.03.16	00:17:33.856		0.79127			4
2026.03.16	00:17:36.255		0.79126			4
2026.03.16	00:17:46.155		0.79125			4
2026.03.16	00:17:56.358		0.79124			4
2026.03.16	00:18:00.255	0.78830				2
2026.03.16	00:18:10.426		0.79121			4
2026.03.16	00:18:11.481		0.79120			4
2026.03.16	00:18:20.354		0.79119			4
2026.03.16	00:18:34.755		0.79118			4
2026.03.16	00:18:35.361		0.79116			4
2026.03.16	00:18:38.055		0.79115			4
2026.03.16	00:18:52.755		0.79114			4
2026.03.16	00:19:00.562	0.78830				2
2026.03.16	00:19:06.255		0.79113			4
2026.03.16	00:19:16.071		0.79114			4
2026.03.16	00:19:32.655		0.79112			4
2026.03.16	00:19:39.558		0.79111			4
2026.03.16	00:20:00.555	0.78830				2
2026.03.16	00:20:02.054		0.79110			4
2026.03.16	00:20:24.254		0.79109			4
2026.03.16	00:20:27.557	0.78837				2
2026.03.16	00:20:38.055		0.79107			4
2026.03.16	00:20:43.459		0.79109			4
2026.03.16	00:21:00.555	0.78837	0.79108			6
2026.03.16	00:21:33.859		0.79107			4
2026.03.16	00:21:55.942		0.79102			4
2026.03.16	00:21:56.242		0.79101			4
2026.03.16	00:21:56.543		0.79100			4
2026.03.16	00:21:56.843		0.79110			4
2026.03.16	00:21:57.968		0.79108			4
2026.03.16	00:22:00.067	0.78837	0.79112			6
2026.03.16	00:22:01.156		0.79113			4
2026.03.16	00:22:02.654		0.79111			4
2026.03.16	00:22:31.754		0.79110			4
2026.03.16	00:22:34.455		0.79109			4
2026.03.16	00:22:42.262		0.79106			4
2026.03.16	00:22:43.643		0.79107			4
2026.03.16	00:22:44.955		0.79108			4
2026.03.16	00:23:00.256	0.78837	0.79109			6
2026.03.16	00:23:05.962		0.79107			4
2026.03.16	00:23:09.131		0.79108			4
2026.03.16	00:23:22.455		0.79111			4
2026.03.16	00:23:28.157		0.79110			4
2026.03.16	00:23:32.306		0.79114			4
2026.03.16	00:23:32.606		0.79115			4
2026.03.16	00:23:33.406		0.79122			4
2026.03.16	00:23:35.799		0.79125			4
2026.03.16	00:23:36.860		0.79126			4
2026.03.16	00:23:38.958		0.79127			4
2026.03.16	00:23:40.862		0.79128			4
2026.03.16	00:23:41.163		0.79120			4
2026.03.16	00:23:41.463		0.79115			4
2026.03.16	00:23:41.763		0.79121			4
2026.03.16	00:23:42.913		0.79116			4
2026.03.16	00:23:43.215		0.79123			4
2026.03.16	00:23:43.517		0.79124			4
2026.03.16	00:23:43.817		0.79126			4
2026.03.16	00:23:44.119		0.79119			4
2026.03.16	00:23:45.816		0.79120			4
2026.03.16	00:23:48.255		0.79121			4
2026.03.16	00:23:51.854		0.79122			4
2026.03.16	00:23:53.357		0.79136			4
2026.03.16	00:23:54.255		0.79131			4
2026.03.16	00:23:54.555		0.79132			4
2026.03.16	00:23:54.913		0.79123			4
2026.03.16	00:23:55.214		0.79132			4
2026.03.16	00:23:55.515		0.79134			4
2026.03.16	00:23:55.814		0.79135			4
2026.03.16	00:23:56.117		0.79138			4
2026.03.16	00:23:56.417		0.79139			4
2026.03.16	00:23:57.313		0.79128			4
2026.03.16	00:23:57.614		0.79129			4
2026.03.16	00:23:57.916		0.79132			4
2026.03.16	00:23:58.455		0.79133			4
2026.03.16	00:23:58.757		0.79132			4
2026.03.16	00:23:59.062		0.79134			4
2026.03.16	00:24:00.255	0.78837				2
2026.03.16	00:24:02.055		0.79135			4
2026.03.16	00:24:03.855		0.79142			4
2026.03.16	00:24:04.155		0.79141			4
2026.03.16	00:24:15.274		0.79142			4
2026.03.16	00:24:15.575		0.79143			4
2026.03.16	00:24:20.121		0.79144			4
2026.03.16	00:24:20.724	0.78897	0.79153			6
2026.03.16	00:24:21.025		0.79152			4
2026.03.16	00:24:21.325		0.79151			4
2026.03.16	00:24:21.926		0.79155			4
2026.03.16	00:24:22.831		0.79154			4
2026.03.16	00:24:32.958	0.78904				2
2026.03.16	00:24:35.354	0.78905				2
2026.03.16	00:24:35.959	0.78914				2
2026.03.16	00:24:36.481	0.78953				2
2026.03.16	00:25:00.256	0.78953				2
2026.03.16	00:25:05.414		0.79157			4
2026.03.16	00:25:08.008		0.79178			4
2026.03.16	00:25:08.743		0.79163			4
2026.03.16	00:25:28.455	0.78901	0.79164			6
2026.03.16	00:25:30.759	0.78883				2
2026.03.16	00:25:31.059	0.78906				2
2026.03.16	00:25:36.254	0.78928				2
2026.03.16	00:25:46.154	0.78969				2
2026.03.16	00:25:55.591		0.79152			4
2026.03.16	00:26:00.561	0.78969				2
2026.03.16	00:26:02.964		0.79158			4
2026.03.16	00:26:17.238		0.79163			4
2026.03.16	00:27:00.255	0.78969				2
2026.03.16	00:27:17.358		0.79163			4
2026.03.16	00:28:00.554	0.78969				2
2026.03.16	00:28:18.554		0.79163			4
2026.03.16	00:28:27.667		0.79147			4
2026.03.16	00:28:30.560		0.79146			4
2026.03.16	00:29:00.341	0.78969				2
2026.03.16	00:29:30.685		0.79146			4
2026.03.16	00:29:44.674	0.78970				2
2026.03.16	00:29:45.392	0.78969				2
2026.03.16	00:29:45.694	0.78970				2
2026.03.16	00:29:46.408	0.78969				2
2026.03.16	00:29:46.709	0.78970				2
2026.03.16	00:29:48.612	0.78969				2
2026.03.16	00:29:48.915	0.78970				2
2026.03.16	00:29:49.647	0.78969				2
2026.03.16	00:29:49.950	0.78971				2
2026.03.16	00:29:50.719	0.78970				2
2026.03.16	00:29:51.022	0.78971				2
2026.03.16	00:29:51.323	0.78970				2
2026.03.16	00:29:51.622	0.78971				2
2026.03.16	00:29:52.545	0.78969				2
2026.03.16	00:29:52.846	0.78971				2
2026.03.16	00:29:53.605	0.78970				2
2026.03.16	00:29:53.906	0.78971				2
2026.03.16	00:29:54.305	0.78970				2
2026.03.16	00:29:54.606	0.78971				2
2026.03.16	00:29:55.790	0.78970				2
2026.03.16	00:29:56.091	0.78971				2
2026.03.16	00:29:56.829	0.78970				2
2026.03.16	00:29:57.129	0.78971				2
2026.03.16	00:29:58.331	0.78972				2
2026.03.16	00:29:58.978	0.78971				2
2026.03.16	00:29:59.279	0.78972				2
2026.03.16	00:30:00.182	0.78969				2
2026.03.16	00:30:01.309		0.79156			4
2026.03.16	00:30:01.609	0.78976				2
2026.03.16	00:30:02.356	0.78975	0.79146			6
2026.03.16	00:30:02.661	0.78973				2
2026.03.16	00:30:02.962	0.78977				2
2026.03.16	00:30:03.264	0.78973				2
2026.03.16	00:30:03.564	0.78977				2
2026.03.16	00:30:10.157		0.79148			4
2026.03.16	00:30:15.071	0.78978				2
2026.03.16	00:30:18.130	0.78974				2
2026.03.16	00:30:18.555	0.78975				2
2026.03.16	00:30:18.861	0.78979				2
2026.03.16	00:30:19.754	0.78978				2
2026.03.16	00:30:25.155		0.79157			4
2026.03.16	00:30:26.357	0.78975				2
2026.03.16	00:30:26.658	0.78979				2
2026.03.16	00:30:26.959	0.78976				2
2026.03.16	00:30:27.262	0.78975				2
2026.03.16	00:30:27.563	0.78980				2
2026.03.16	00:30:27.863	0.78976				2
2026.03.16	00:30:28.463	0.78979				2
2026.03.16	00:30:28.837	0.78976				2
2026.03.16	00:30:29.336	0.78980				2
2026.03.16	00:30:29.636	0.78984				2
2026.03.16	00:30:29.935	0.78980				2
2026.03.16	00:30:30.536	0.78988				2
2026.03.16	00:30:30.840	0.78986				2
2026.03.16	00:30:31.140	0.78981				2
2026.03.16	00:30:31.440	0.78988				2
2026.03.16	00:30:31.740	0.78984				2
2026.03.16	00:30:32.040	0.78981				2
2026.03.16	00:30:32.341	0.78985				2
2026.03.16	00:30:32.641	0.78984				2
2026.03.16	00:30:32.941	0.78981				2
2026.03.16	00:30:33.338	0.78985				2
2026.03.16	00:30:33.640	0.78986	0.79156			6
2026.03.16	00:30:33.940	0.78981				2
2026.03.16	00:30:34.338	0.78986				2
2026.03.16	00:30:34.637	0.78984				2
2026.03.16	00:30:34.939	0.78981				2
2026.03.16	00:30:35.338	0.78986				2
2026.03.16	00:30:35.639	0.78984				2
2026.03.16	00:30:35.940	0.78981				2
2026.03.16	00:30:36.338	0.78986				2
2026.03.16	00:30:36.639	0.78987				2
2026.03.16	00:30:36.939	0.78981				2
2026.03.16	00:30:37.337	0.78986				2
2026.03.16	00:30:37.640	0.78985				2
2026.03.16	00:30:37.940	0.78981				2
2026.03.16	00:30:38.338	0.78986				2
2026.03.16	00:30:38.638	0.78985				2
2026.03.16	00:30:38.940	0.78982				2
2026.03.16	00:30:39.337	0.78986				2
2026.03.16	00:30:39.637	0.78987				2
2026.03.16	00:30:39.938	0.78982				2
2026.03.16	00:30:40.337	0.78986				2
2026.03.16	00:30:40.638	0.78985				2
2026.03.16	00:30:40.940	0.78982				2
2026.03.16	00:30:41.345	0.78986				2
2026.03.16	00:30:41.647	0.78985				2
2026.03.16	00:30:41.947	0.78982				2
2026.03.16	00:30:42.340	0.78986				2
2026.03.16	00:30:42.640	0.78985				2
2026.03.16	00:30:42.940	0.78982				2
2026.03.16	00:30:43.342	0.78987				2
2026.03.16	00:30:43.643	0.78985				2
2026.03.16	00:30:43.943	0.78982				2
2026.03.16	00:30:44.337	0.78986				2
2026.03.16	00:30:44.637	0.78985				2
2026.03.16	00:30:44.938	0.78982				2
2026.03.16	00:30:45.336	0.78986				2
2026.03.16	00:30:45.635	0.78987				2
2026.03.16	00:30:45.936	0.78982				2
2026.03.16	00:30:46.340	0.78986				2
2026.03.16	00:30:46.940	0.78982				2
2026.03.16	00:30:47.339	0.78987				2
2026.03.16	00:30:47.639	0.78986				2
2026.03.16	00:30:47.939	0.78983				2
2026.03.16	00:30:48.559	0.78989				2
2026.03.16	00:30:48.861	0.78983				2
2026.03.16	00:30:49.337	0.78987				2
2026.03.16	00:30:49.636	0.78986				2
2026.03.16	00:30:49.939	0.78983				2
2026.03.16	00:30:50.335	0.78987				2
2026.03.16	00:30:50.640	0.78988				2
2026.03.16	00:30:50.936	0.78983				2
2026.03.16	00:30:51.337	0.78987				2
2026.03.16	00:30:51.637	0.78986				2
2026.03.16	00:30:51.939	0.78983				2
2026.03.16	00:30:52.338	0.78987				2
2026.03.16	00:30:52.639	0.78986				2
2026.03.16	00:30:52.939	0.78983				2
2026.03.16	00:30:53.338	0.78987				2
2026.03.16	00:30:53.638	0.78986				2
2026.03.16	00:30:53.938	0.78983				2
2026.03.16	00:30:54.336	0.78987				2
2026.03.16	00:30:54.635	0.78988				2
2026.03.16	00:30:54.936	0.78983				2
2026.03.16	00:30:55.336	0.78987				2
2026.03.16	00:30:55.637	0.78988				2
2026.03.16	00:30:55.938	0.78983				2
2026.03.16	00:30:56.338	0.78987				2
2026.03.16	00:30:56.638	0.78986				2
2026.03.16	00:30:56.940	0.78983				2
2026.03.16	00:30:57.336	0.78987				2
2026.03.16	00:30:57.638	0.78988				2
2026.03.16	00:30:57.939	0.78983				2
2026.03.16	00:30:58.338	0.78987				2
2026.03.16	00:30:58.639	0.78986				2
2026.03.16	00:30:58.939	0.78983				2
2026.03.16	00:30:59.336	0.78987				2
2026.03.16	00:30:59.939	0.78983				2
2026.03.16	00:31:00.338	0.78987				2
2026.03.16	00:31:00.637	0.78988				2
2026.03.16	00:31:00.938	0.78983				2
2026.03.16	00:31:01.337	0.78987				2
2026.03.16	00:31:01.938	0.78984				2
2026.03.16	00:31:02.313		0.79151			4
2026.03.16	00:31:02.614	0.78990				2
2026.03.16	00:31:02.917	0.78984				2
2026.03.16	00:31:03.338	0.78988				2
2026.03.16	00:31:03.640	0.78989				2
2026.03.16	00:31:03.940	0.78984				2
2026.03.16	00:31:04.338	0.78988				2
2026.03.16	00:31:04.639	0.78987				2
2026.03.16	00:31:04.939	0.78984	0.79152			6
2026.03.16	00:31:05.337	0.78988				2
2026.03.16	00:31:05.638	0.78987				2
2026.03.16	00:31:05.939	0.78984				2
2026.03.16	00:31:06.342	0.78988				2
2026.03.16	00:31:06.643	0.78987				2
2026.03.16	00:31:06.943	0.78984				2
2026.03.16	00:31:07.338	0.78988				2
2026.03.16	00:31:07.638	0.78990				2
2026.03.16	00:31:07.939	0.78984				2
2026.03.16	00:31:08.338	0.78988				2
2026.03.16	00:31:08.639	0.78984				2
2026.03.16	00:31:09.120	0.78977				2
2026.03.16	00:31:09.424	0.78984				2
2026.03.16	00:31:09.726	0.78977				2
2026.03.16	00:31:10.112	0.78984				2
2026.03.16	00:31:10.612	0.78976				2
2026.03.16	00:31:10.913	0.78983				2
2026.03.16	00:31:11.214	0.78975				2
2026.03.16	00:31:11.613	0.78983				2
2026.03.16	00:31:12.214	0.78982				2
2026.03.16	00:31:12.641	0.78975				2
2026.03.16	00:31:13.242	0.78982				2
2026.03.16	00:31:13.612	0.78975				2
2026.03.16	00:31:13.915	0.78982				2
2026.03.16	00:31:14.217	0.78975				2
2026.03.16	00:31:14.612	0.78983				2
2026.03.16	00:31:14.913	0.78984				2
2026.03.16	00:31:15.630	0.78977				2
2026.03.16	00:31:16.308	0.78984				2
2026.03.16	00:31:16.618	0.78977				2
2026.03.16	00:31:16.917	0.78984				2
2026.03.16	00:31:17.217	0.78976				2
2026.03.16	00:31:17.612	0.78984				2
2026.03.16	00:31:17.912	0.78983				2
2026.03.16	00:31:18.630	0.78975				2
2026.03.16	00:31:19.231	0.78982				2
2026.03.16	00:31:19.612	0.78975				2
2026.03.16	00:31:19.913	0.78982				2
2026.03.16	00:31:20.215	0.78975				2
2026.03.16	00:31:20.516		0.79153			4
2026.03.16	00:31:20.818	0.78982				2
2026.03.16	00:31:21.117	0.78976				2
2026.03.16	00:31:21.421	0.78984				2
2026.03.16	00:31:21.722	0.78976				2
2026.03.16	00:31:22.118	0.78984				2
2026.03.16	00:31:22.611	0.78976				2
2026.03.16	00:31:22.915	0.78984				2
2026.03.16	00:31:23.217	0.78976				2
2026.03.16	00:31:23.612	0.78984				2
2026.03.16	00:31:24.112	0.78976				2
2026.03.16	00:31:24.415	0.78984				2
2026.03.16	00:31:24.714	0.78974				2
2026.03.16	00:31:25.115	0.78982				2
2026.03.16	00:31:25.613	0.78974				2
2026.03.16	00:31:25.914	0.78982				2
2026.03.16	00:31:26.215	0.78974				2
2026.03.16	00:31:26.613	0.78982				2
2026.03.16	00:31:27.112	0.78974				2
2026.03.16	00:31:27.421	0.78982				2
2026.03.16	00:31:27.723	0.78974				2
2026.03.16	00:31:28.112	0.78982				2
2026.03.16	00:31:29.132	0.78974				2
2026.03.16	00:31:29.733	0.78982				2
2026.03.16	00:31:30.113	0.78974				2
2026.03.16	00:31:30.417	0.78982				2
2026.03.16	00:31:30.716	0.78974				2
2026.03.16	00:31:31.112	0.78982				2
2026.03.16	00:31:31.613	0.78974				2
2026.03.16	00:31:31.915	0.78982				2
2026.03.16	00:31:32.218	0.78974				2
2026.03.16	00:31:32.611	0.78982				2
2026.03.16	00:31:33.630	0.78974				2
2026.03.16	00:31:34.113	0.78982				2
2026.03.16	00:31:35.130	0.78974				2
2026.03.16	00:31:35.730	0.78982				2
2026.03.16	00:31:36.113	0.78974				2
2026.03.16	00:31:36.414	0.78982				2
2026.03.16	00:31:36.714	0.78974				2
2026.03.16	00:31:37.112	0.78982				2
2026.03.16	00:31:37.613	0.78974				2
2026.03.16	00:31:37.913	0.78982				2
2026.03.16	00:31:38.213	0.78975				2
2026.03.16	00:31:38.612	0.78982				2
2026.03.16	00:31:39.112	0.78975				2
2026.03.16	00:31:39.414	0.78982				2
2026.03.16	00:31:39.714	0.78975				2
2026.03.16	00:31:40.111	0.78983				2
2026.03.16	00:31:40.868	0.78982				2
2026.03.16	00:31:41.170	0.78975				2
2026.03.16	00:31:41.612	0.78982				2
2026.03.16	00:31:42.113	0.78975				2
2026.03.16	00:31:42.414	0.78982				2
2026.03.16	00:31:42.715	0.78975				2
2026.03.16	00:31:43.111	0.78983				2
2026.03.16	00:31:43.611	0.78975				2
2026.03.16	00:31:43.912	0.78982				2
2026.03.16	00:31:44.213	0.78975				2
2026.03.16	00:31:44.611	0.78983				2
2026.03.16	00:31:45.110	0.78975				2
2026.03.16	00:31:45.410	0.78982				2
2026.03.16	00:31:45.712	0.78975				2
2026.03.16	00:31:46.114	0.78983				2
2026.03.16	00:31:46.611	0.78975				2
2026.03.16	00:31:46.922	0.78983				2
2026.03.16	00:31:47.223	0.78975				2
2026.03.16	00:31:47.612	0.78983				2
2026.03.16	00:31:48.112	0.78975				2
2026.03.16	00:31:48.416	0.78983				2
2026.03.16	00:31:48.717	0.78975				2
2026.03.16	00:31:49.112	0.78983				2
2026.03.16	00:31:49.612	0.78976				2
2026.03.16	00:31:49.913	0.78983				2
2026.03.16	00:31:50.213	0.78976				2
2026.03.16	00:31:50.613	0.78983				2
2026.03.16	00:31:51.117	0.78976				2
2026.03.16	00:31:51.416	0.78983				2
2026.03.16	00:31:51.721	0.78976				2
2026.03.16	00:31:52.120	0.78983				2
2026.03.16	00:31:52.613	0.78976				2
2026.03.16	00:31:52.914	0.78983				2
2026.03.16	00:31:53.215	0.78976				2
2026.03.16	00:31:53.613	0.78983				2
2026.03.16	00:31:54.112	0.78976				2
2026.03.16	00:31:54.418	0.78983				2
2026.03.16	00:31:54.721	0.78977				2
2026.03.16	00:31:55.110	0.78984				2
2026.03.16	00:31:55.612	0.78976				2
2026.03.16	00:31:55.915	0.78984				2
2026.03.16	00:31:56.215	0.78976				2
2026.03.16	00:31:56.618	0.78984				2
2026.03.16	00:31:56.919	0.78980				2
2026.03.16	00:31:57.219	0.78981				2
2026.03.16	00:31:57.634	0.78977				2
2026.03.16	00:31:58.113	0.78982				2
2026.03.16	00:31:58.612	0.78977				2
2026.03.16	00:31:58.913	0.78981				2
2026.03.16	00:31:59.214	0.78977				2
2026.03.16	00:31:59.612	0.78982				2
2026.03.16	00:32:00.112	0.78977				2
2026.03.16	00:32:00.417	0.78981				2
2026.03.16	00:32:00.719	0.78979				2
2026.03.16	00:32:01.112	0.78984				2
2026.03.16	00:32:01.619	0.78979				2
2026.03.16	00:32:01.921	0.78984				2
2026.03.16	00:32:02.220	0.78979				2
2026.03.16	00:32:02.613	0.78984				2
2026.03.16	00:32:03.112	0.78979				2
2026.03.16	00:32:03.413	0.78984				2
2026.03.16	00:32:03.714	0.78979				2
2026.03.16	00:32:04.113	0.78984				2
2026.03.16	00:32:04.613	0.78979				2
2026.03.16	00:32:04.918	0.78984				2
2026.03.16	00:32:05.218	0.78979				2
2026.03.16	00:32:05.613	0.78984				2
2026.03.16	00:32:06.113	0.78979				2
2026.03.16	00:32:06.415	0.78984				2
2026.03.16	00:32:06.720	0.78979				2
2026.03.16	00:32:07.112	0.78984				2
2026.03.16	00:32:08.133	0.78979				2
2026.03.16	00:32:08.612	0.78984				2
2026.03.16	00:32:09.113	0.78979				2
2026.03.16	00:32:09.413	0.78984				2
2026.03.16	00:32:09.714	0.78979				2
2026.03.16	00:32:10.114	0.78984				2
2026.03.16	00:32:10.612	0.78979				2
2026.03.16	00:32:10.913	0.78984				2
2026.03.16	00:32:11.213	0.78979				2
2026.03.16	00:32:11.616	0.78984				2
2026.03.16	00:32:12.130	0.78979				2
2026.03.16	00:32:12.731	0.78984				2
2026.03.16	00:32:13.112	0.78979				2
2026.03.16	00:32:13.412	0.78982				2
2026.03.16	00:32:13.719	0.78978				2
2026.03.16	00:32:14.112	0.78982				2
2026.03.16	00:32:14.503	0.78981				2
2026.03.16	00:32:14.804	0.78979				2
2026.03.16	00:32:15.104	0.78974	0.79157			6
2026.03.16	00:32:15.504	0.78975				2
2026.03.16	00:32:15.804	0.78973				2
2026.03.16	00:32:16.107	0.78974				2
2026.03.16	00:32:16.407	0.78971				2
2026.03.16	00:32:16.710	0.78976				2
2026.03.16	00:32:20.396	0.78971	0.79176			6
2026.03.16	00:32:20.696		0.79178			4
2026.03.16	00:32:50.204		0.79179			4
2026.03.16	00:33:00.854	0.78971				2
2026.03.16	00:33:09.569	0.78972				2
2026.03.16	00:33:21.255	0.78980	0.79147			6
2026.03.16	00:33:23.403		0.79148			4
2026.03.16	00:33:25.761		0.79156			4
2026.03.16	00:33:44.654	0.78981				2
2026.03.16	00:33:54.977	0.78984				2
2026.03.16	00:33:55.278	0.78980				2
2026.03.16	00:33:55.582	0.78979	0.79155			6
2026.03.16	00:33:59.899	0.78980				2
2026.03.16	00:34:00.201	0.78987				2
2026.03.16	00:34:10.174	0.78983				2
2026.03.16	00:34:10.477	0.78985				2
2026.03.16	00:34:10.778	0.78981				2
2026.03.16	00:34:13.455	0.78980				2
2026.03.16	00:34:17.055	0.78981				2
2026.03.16	00:34:21.133		0.79150			4
2026.03.16	00:34:22.155	0.78980				2
2026.03.16	00:34:32.750	0.78981				2
2026.03.16	00:34:43.457	0.78982				2
2026.03.16	00:34:58.455	0.78983				2
2026.03.16	00:35:00.563	0.78983				2
2026.03.16	00:35:13.454	0.78984				2
2026.03.16	00:35:23.655		0.79150			4
2026.03.16	00:35:27.778		0.79151			4
2026.03.16	00:35:28.760	0.78988				2
2026.03.16	00:35:29.911	0.78993				2
2026.03.16	00:35:30.210		0.79153			4
2026.03.16	00:35:42.157	0.78991				2
2026.03.16	00:35:42.856	0.78992				2
2026.03.16	00:35:43.165	0.78993				2
2026.03.16	00:35:43.805	0.78994				2
2026.03.16	00:35:44.110	0.78997				2
2026.03.16	00:35:44.955	0.78998				2
2026.03.16	00:35:49.677	0.78996				2
2026.03.16	00:35:49.977	0.79001				2
2026.03.16	00:35:52.209	0.79003				2
2026.03.16	00:35:52.509	0.79001				2
2026.03.16	00:35:56.055	0.79002				2
2026.03.16	00:35:56.657	0.79003				2
2026.03.16	00:35:57.221	0.79004				2
2026.03.16	00:35:59.220	0.79003				2
2026.03.16	00:35:59.520	0.79004				2
2026.03.16	00:36:00.255	0.79004				2
2026.03.16	00:36:13.585	0.79002				2
2026.03.16	00:36:14.294	0.79004				2
2026.03.16	00:36:17.669	0.79003				2
2026.03.16	00:36:17.970	0.79001				2
2026.03.16	00:36:21.258		0.79147			4
2026.03.16	00:36:40.756	0.79002				2
2026.03.16	00:36:42.557	0.79003	0.79150			6
2026.03.16	00:36:42.961	0.79004				2
2026.03.16	00:36:50.654	0.79003				2
2026.03.16	00:36:52.127	0.79002				2
2026.03.16	00:36:53.354	0.79001				2
2026.03.16	00:36:56.056	0.78997				2
2026.03.16	00:36:56.355	0.79001				2
2026.03.16	00:37:00.562	0.79001				2
2026.03.16	00:37:23.355	0.79002				2
2026.03.16	00:37:42.855		0.79150			4
2026.03.16	00:38:00.556	0.79002				2
2026.03.16	00:38:05.956	0.79003				2
2026.03.16	00:38:40.555	0.79002				2
2026.03.16	00:38:41.157	0.79003				2
2026.03.16	00:38:42.857		0.79150			4
2026.03.16	00:38:56.357	0.79005				2
2026.03.16	00:39:00.255	0.79005				2
2026.03.16	00:39:43.755		0.79150			4
2026.03.16	00:39:46.755	0.79006				2
2026.03.16	00:40:00.256	0.79006				2
2026.03.16	00:40:26.435		0.79153			4
2026.03.16	00:40:30.853	0.79005				2
2026.03.16	00:40:31.154	0.79006				2
2026.03.16	00:40:31.756	0.79004				2
2026.03.16	00:40:36.157		0.79155			4
2026.03.16	00:40:36.458		0.79160			4
2026.03.16	00:40:36.758	0.79002				2
2026.03.16	00:40:40.471	0.79001				2
2026.03.16	00:40:40.777	0.79000				2
2026.03.16	00:40:42.916	0.78999				2
2026.03.16	00:40:47.955	0.78998				2
2026.03.16	00:40:53.356	0.78997				2
2026.03.16	00:40:57.856	0.78996				2
2026.03.16	00:41:00.254	0.78996				2
2026.03.16	00:41:03.255	0.78995				2
2026.03.16	00:41:09.555	0.78994				2
2026.03.16	00:41:15.555	0.78993				2
2026.03.16	00:41:20.956	0.78992				2
2026.03.16	00:41:26.160	0.78991				2
2026.03.16	00:41:26.462	0.78987				2
2026.03.16	00:41:26.762	0.78983				2
2026.03.16	00:41:27.462	0.78990				2
2026.03.16	00:41:28.063	0.78988				2
2026.03.16	00:41:32.055	0.78987				2
2026.03.16	00:41:36.255	0.78984	0.79162			6
2026.03.16	00:41:37.120		0.79156			4
2026.03.16	00:41:37.422	0.78981				2
2026.03.16	00:41:39.855	0.78980				2
2026.03.16	00:41:49.458	0.78981				2
2026.03.16	00:41:50.655	0.78980				2
2026.03.16	00:41:51.255	0.78981				2
2026.03.16	00:41:52.455	0.78980				2
2026.03.16	00:41:56.355	0.78979				2
2026.03.16	00:42:00.257	0.78979				2
2026.03.16	00:42:02.955	0.78978				2
2026.03.16	00:42:09.855	0.78977				2
2026.03.16	00:42:10.738	0.78976				2
2026.03.16	00:42:15.259	0.78978				2
2026.03.16	00:42:15.559		0.79146			4
2026.03.16	00:42:19.755	0.78977				2
2026.03.16	00:42:22.469	0.78973				2
2026.03.16	00:42:22.772	0.78971	0.79148			6
2026.03.16	00:42:33.033	0.78977				2
2026.03.16	00:42:33.333	0.78975				2
2026.03.16	00:42:35.121		0.79149			4
2026.03.16	00:42:35.955	0.78974				2
2026.03.16	00:42:40.155	0.78973				2
2026.03.16	00:42:43.739	0.78972				2
2026.03.16	00:42:45.856	0.78974				2
2026.03.16	00:42:47.955	0.78973				2
2026.03.16	00:42:54.555	0.78972				2
2026.03.16	00:42:59.355	0.78971				2
2026.03.16	00:43:00.555	0.78971				2
2026.03.16	00:43:01.157		0.79150			4
2026.03.16	00:43:15.361		0.79147			4
2026.03.16	00:43:16.662	0.78965				2
2026.03.16	00:43:23.122		0.79148			4
2026.03.16	00:43:33.731	0.78955				2
2026.03.16	00:43:34.032	0.78951				2
2026.03.16	00:43:34.634	0.78954				2
2026.03.16	00:43:34.934	0.78955	0.79149			6
2026.03.16	00:43:35.320	0.78954				2
2026.03.16	00:43:35.622	0.78957				2
2026.03.16	00:43:35.925	0.78959				2
2026.03.16	00:43:36.228	0.78956				2
2026.03.16	00:43:36.529	0.78955				2
2026.03.16	00:43:36.830	0.78961				2
2026.03.16	00:43:37.130	0.78956				2
2026.03.16	00:43:37.731	0.78958				2
2026.03.16	00:43:38.331	0.78955				2
2026.03.16	00:43:38.631	0.78958				2
2026.03.16	00:43:38.931	0.78957				2
2026.03.16	00:43:39.231	0.78955				2
2026.03.16	00:43:39.531	0.78956				2
2026.03.16	00:43:39.831	0.78959				2
2026.03.16	00:43:40.131	0.78956				2
2026.03.16	00:43:41.116	0.78957				2
2026.03.16	00:43:41.416	0.78962				2
2026.03.16	00:43:41.891	0.78954				2
2026.03.16	00:43:42.191	0.78958				2
2026.03.16	00:43:43.390	0.78961				2
2026.03.16	00:43:43.891	0.78958				2
2026.03.16	00:43:44.390	0.78961				2
2026.03.16	00:43:44.891	0.78958				2
2026.03.16	00:43:45.492	0.78961				2
2026.03.16	00:43:45.892	0.78957				2
2026.03.16	00:43:46.388	0.78961				2
2026.03.16	00:43:46.991	0.78957				2
2026.03.16	00:43:47.391	0.78961				2
2026.03.16	00:43:48.723	0.78960				2
2026.03.16	00:43:49.025	0.78959				2
2026.03.16	00:43:50.788	0.78958				2
2026.03.16	00:43:52.699	0.78954				2
2026.03.16	00:43:53.300	0.78952				2
2026.03.16	00:43:55.739	0.78954				2
2026.03.16	00:43:57.080	0.78957				2
2026.03.16	00:43:58.077		0.79150			4
2026.03.16	00:43:58.882	0.78955				2
2026.03.16	00:43:59.182	0.78950				2
2026.03.16	00:43:59.579	0.78952				2
2026.03.16	00:43:59.881	0.78958				2
2026.03.16	00:44:00.182	0.78951				2
2026.03.16	00:44:00.583	0.78949				2
2026.03.16	00:44:00.882	0.78957				2
2026.03.16	00:44:01.182	0.78949				2
2026.03.16	00:44:01.483	0.78946				2
2026.03.16	00:44:02.084	0.78947				2
2026.03.16	00:44:02.689	0.78948				2
2026.03.16	00:44:02.988	0.78950				2
2026.03.16	00:44:03.290	0.78951				2
2026.03.16	00:44:03.590	0.78948				2
2026.03.16	00:44:03.890	0.78950				2
2026.03.16	00:44:04.191	0.78946				2
2026.03.16	00:44:04.491	0.78945				2
2026.03.16	00:44:04.792	0.78946				2
2026.03.16	00:44:05.182	0.78945				2
2026.03.16	00:44:05.652	0.78948				2
2026.03.16	00:44:06.561	0.78951				2
2026.03.16	00:44:06.861	0.78949				2
2026.03.16	00:44:07.161	0.78948				2
2026.03.16	00:44:07.462	0.78947				2
2026.03.16	00:44:07.763	0.78948				2
2026.03.16	00:44:08.079	0.78947				2
2026.03.16	00:44:08.379	0.78950				2
2026.03.16	00:44:08.679	0.78947				2
2026.03.16	00:44:08.980	0.78948				2
2026.03.16	00:44:09.680	0.78950				2
2026.03.16	00:44:09.981	0.78949				2
2026.03.16	00:44:10.281	0.78947				2
2026.03.16	00:44:10.581	0.78951				2
2026.03.16	00:44:10.881	0.78954				2
2026.03.16	00:44:11.182	0.78950				2
2026.03.16	00:44:11.582	0.78953				2
2026.03.16	00:44:11.883	0.78954				2
2026.03.16	00:44:12.186	0.78949				2
2026.03.16	00:44:12.790	0.78951				2
2026.03.16	00:44:13.182	0.78949				2
2026.03.16	00:44:13.783	0.78956				2
2026.03.16	00:44:14.084	0.78952				2
2026.03.16	00:44:14.386	0.78947				2
2026.03.16	00:44:14.686	0.78948				2
2026.03.16	00:44:15.287	0.78951				2
2026.03.16	00:44:15.587	0.78949	0.79145			6
2026.03.16	00:44:15.888	0.78957	0.79147			6
2026.03.16	00:44:24.255		0.79148			4
2026.03.16	00:44:30.105	0.78956				2
2026.03.16	00:44:37.889		0.79149			4
2026.03.16	00:44:38.190	0.78955				2
2026.03.16	00:44:44.955	0.78954				2
2026.03.16	00:44:47.038	0.78953				2
2026.03.16	00:44:50.125	0.78954				2
2026.03.16	00:44:52.455	0.78953				2
2026.03.16	00:45:00.562	0.78953				2
2026.03.16	00:45:03.026	0.78923				2
2026.03.16	00:45:03.328	0.78950	0.79193			6
2026.03.16	00:45:06.633	0.78953	0.79149			6
2026.03.16	00:45:09.221	0.78954				2
2026.03.16	00:45:09.522	0.78951				2
2026.03.16	00:45:10.213	0.78953				2
2026.03.16	00:45:15.555	0.78952				2
2026.03.16	00:45:23.679	0.78953				2
2026.03.16	00:45:30.707	0.78955				2
2026.03.16	00:45:40.154	0.78953				2
2026.03.16	00:46:00.254	0.78953				2
2026.03.16	00:46:07.754		0.79149			4
2026.03.16	00:46:15.582		0.79146			4
2026.03.16	00:46:18.681	0.78952				2
2026.03.16	00:46:36.573		0.79148			4
2026.03.16	00:47:00.429	0.78952				2
2026.03.16	00:47:03.022	0.78917				2
2026.03.16	00:47:03.322	0.78950	0.79192			6
2026.03.16	00:47:06.632	0.78952	0.79148			6
2026.03.16	00:47:15.583		0.79144			4
2026.03.16	00:47:15.884		0.79146			4
2026.03.16	00:47:27.074		0.79147			4
2026.03.16	00:47:40.137		0.79148			4
2026.03.16	00:47:49.661	0.78974				2
2026.03.16	00:48:05.123	0.78974	0.79149			6
2026.03.16	00:48:15.648		0.79146			4
2026.03.16	00:48:21.122		0.79147			4
2026.03.16	00:48:26.688	0.78954				2
2026.03.16	00:48:36.121		0.79148			4
2026.03.16	00:49:00.562	0.78954				2
2026.03.16	00:49:38.954		0.79148			4
2026.03.16	00:50:00.075	0.78954	0.79143			6
2026.03.16	00:51:00.854	0.78954	0.79143			6
2026.03.16	00:51:14.704		0.79141			4
2026.03.16	00:51:15.751		0.79139			4
2026.03.16	00:51:51.759		0.79141			4
2026.03.16	00:51:52.060		0.79139			4
2026.03.16	00:51:58.357		0.79140			4
2026.03.16	00:52:00.739	0.78954				2
2026.03.16	00:52:06.692	0.78963				2
2026.03.16	00:52:34.635		0.79139			4
2026.03.16	00:53:01.693	0.78963				2
2026.03.16	00:53:07.755		0.79140			4
2026.03.16	00:53:15.615		0.79139			4
2026.03.16	00:53:56.694	0.78962				2
2026.03.16	00:54:01.755	0.78962				2
2026.03.16	00:54:12.865		0.79137			4
2026.03.16	00:54:22.122		0.79139			4
2026.03.16	00:54:51.695	0.78964				2
2026.03.16	00:55:00.076	0.78964	0.79144			6
2026.03.16	00:55:08.944	0.78898				2
2026.03.16	00:55:09.243	0.78964				2
2026.03.16	00:55:19.595		0.79145			4
2026.03.16	00:55:27.713		0.79144			4
2026.03.16	00:55:33.130		0.79145			4
2026.03.16	00:55:45.147		0.79146			4
2026.03.16	00:55:45.747		0.79144			4
2026.03.16	00:55:46.947	0.78953				2
2026.03.16	00:55:58.374		0.79145			4
2026.03.16	00:56:00.182	0.78953				2
2026.03.16	00:56:11.323	0.78954				2
2026.03.16	00:56:12.832		0.79144			4
2026.03.16	00:56:13.432	0.78953				2
2026.03.16	00:56:52.842	0.78952				2
2026.03.16	00:56:54.644	0.78953				2
2026.03.16	00:56:58.865	0.78952				2
2026.03.16	00:57:00.071	0.78952				2
2026.03.16	00:57:07.605	0.78951				2
2026.03.16	00:57:13.027		0.79144			4
2026.03.16	00:57:25.344	0.78952				2
2026.03.16	00:57:25.646	0.78951				2
2026.03.16	00:57:26.563	0.78952				2
2026.03.16	00:57:56.947		0.79147			4
2026.03.16	00:58:00.274	0.78952				2
2026.03.16	00:58:01.766	0.78951				2
2026.03.16	00:58:12.908		0.79144			4
2026.03.16	00:58:13.211		0.79141			4
2026.03.16	00:58:17.422		0.79144			4
2026.03.16	00:58:33.964	0.78952				2
2026.03.16	00:58:43.893	0.78951				2
2026.03.16	00:59:00.143	0.78951				2
2026.03.16	00:59:02.542	0.78950				2
2026.03.16	00:59:02.843		0.79147			4
2026.03.16	00:59:17.269	0.78949	0.79144			6
2026.03.16	00:59:19.680	0.78945				2
2026.03.16	00:59:20.881	0.78947				2
2026.03.16	00:59:22.390	0.78941				2
2026.03.16	00:59:26.912	0.78950				2
2026.03.16	00:59:32.932		0.79141			4
2026.03.16	00:59:34.433	0.78951				2
2026.03.16	00:59:35.934	0.78950	0.79140			6
2026.03.16	00:59:41.644		0.79144			4
2026.03.16	00:59:41.941		0.79140			4
2026.03.16	00:59:42.243	0.78954				2
2026.03.16	00:59:42.544	0.78951				2
2026.03.16	00:59:43.145	0.78950				2
2026.03.16	00:59:44.044		0.79143			4
2026.03.16	00:59:44.344		0.79140			4
2026.03.16	00:59:44.643	0.78952				2
2026.03.16	00:59:45.245	0.78955	0.79143			6
2026.03.16	00:59:45.545	0.78950	0.79140			6
2026.03.16	00:59:45.849	0.78951				2
2026.03.16	00:59:46.147	0.78950				2
2026.03.16	00:59:46.447		0.79141			4
2026.03.16	00:59:47.354		0.79155			4
2026.03.16	00:59:49.158		0.79141			4
2026.03.16	00:59:53.384	0.78962				2
2026.03.16	01:00:00.006	0.78962				2
2026.03.16	01:00:00.307		0.79164			4
2026.03.16	01:00:00.605		0.79151			4
2026.03.16	01:00:00.907		0.79164			4
2026.03.16	01:00:01.209		0.79139			4
2026.03.16	01:00:01.506	0.78934	0.79130			6
2026.03.16	01:00:01.813	0.78936	0.79152			6
2026.03.16	01:00:02.110	0.78933	0.79147			6
2026.03.16	01:00:02.411	0.78927	0.79152			6
2026.03.16	01:00:02.715	0.78924	0.79149			6
2026.03.16	01:00:03.011	0.78970	0.79146			6
2026.03.16	01:00:03.614		0.79177			4
2026.03.16	01:00:03.910	0.78996	0.79161			6
2026.03.16	01:00:04.209	0.78997	0.79165			6
2026.03.16	01:00:04.510	0.78984	0.79191			6
2026.03.16	01:00:05.716	0.78978	0.79185			6
2026.03.16	01:00:06.316	0.78976	0.79183			6
2026.03.16	01:00:06.912	0.78978	0.79185			6
2026.03.16	01:00:07.216	0.78985	0.79162			6
2026.03.16	01:00:07.812		0.79164			4
2026.03.16	01:00:08.112		0.79163			4
2026.03.16	01:00:08.716	0.78986	0.79122			6
2026.03.16	01:00:09.016		0.79112			4
2026.03.16	01:00:09.318	0.78998				2
2026.03.16	01:00:09.613	0.78996				2
2026.03.16	01:00:09.921	0.78987	0.79111			6
2026.03.16	01:00:10.215	0.78999				2
2026.03.16	01:00:10.518	0.78992				2
2026.03.16	01:00:10.817	0.78994				2
2026.03.16	01:00:11.120	0.79003				2
2026.03.16	01:00:11.418	0.79002				2
2026.03.16	01:00:11.715	0.79004				2
2026.03.16	01:00:12.015	0.78998				2
2026.03.16	01:00:12.315	0.78997	0.79156			6
2026.03.16	01:00:12.616	0.78998	0.79152			6
2026.03.16	01:00:13.219	0.78994	0.79156			6
2026.03.16	01:00:14.122	0.79007	0.79143			6
2026.03.16	01:00:15.021	0.79003	0.79147			6
2026.03.16	01:00:15.319	0.79002	0.79148			6
2026.03.16	01:00:15.620	0.79003	0.79147			6
2026.03.16	01:00:15.921	0.79000	0.79150			6
2026.03.16	01:00:16.225	0.78997	0.79153			6
2026.03.16	01:00:16.528	0.79001	0.79149			6
2026.03.16	01:00:16.823	0.79002	0.79148			6
2026.03.16	01:00:17.425	0.79003	0.79147			6
2026.03.16	01:00:17.724	0.79007	0.79143			6
2026.03.16	01:00:18.026	0.79008	0.79142			6
2026.03.16	01:00:18.922	0.79007	0.79143			6
2026.03.16	01:00:20.730	0.79009	0.79141			6
2026.03.16	01:00:21.627	0.79007	0.79143			6
2026.03.16	01:00:22.227	0.79008	0.79142			6
2026.03.16	01:00:22.828	0.79006	0.79144			6
2026.03.16	01:00:23.129	0.79005	0.79145			6
2026.03.16	01:00:23.430	0.79008	0.79142			6
2026.03.16	01:00:24.628	0.79007	0.79143			6
2026.03.16	01:00:26.130	0.79008	0.79142			6
2026.03.16	01:00:26.734	0.79010	0.79140			6
2026.03.16	01:00:27.032	0.79009	0.79141			6
2026.03.16	01:00:28.835	0.79001	0.79149			6
2026.03.16	01:00:29.436	0.79003	0.79144			6
2026.03.16	01:00:29.735	0.78999	0.79138			6
2026.03.16	01:00:30.037	0.79000	0.79137			6
2026.03.16	01:00:30.635	0.78999				2
2026.03.16	01:00:30.937	0.78996	0.79140			6
2026.03.16	01:00:31.235	0.78997				2
2026.03.16	01:00:32.437	0.78996	0.79141			6
2026.03.16	01:00:33.038	0.78997	0.79140			6
2026.03.16	01:00:34.536	0.78994	0.79143			6
2026.03.16	01:00:34.838	0.78995	0.79142			6
2026.03.16	01:00:36.038	0.78992	0.79145			6
2026.03.16	01:00:36.341		0.79144			4
2026.03.16	01:00:36.642	0.78991	0.79146			6
2026.03.16	01:00:36.942	0.78992	0.79145			6
2026.03.16	01:00:38.143		0.79144			4
2026.03.16	01:00:38.746	0.78995	0.79142			6
2026.03.16	01:00:40.542		0.79141			4
2026.03.16	01:00:41.746	0.78994	0.79142			6
2026.03.16	01:00:42.050	0.78995				2
2026.03.16	01:00:43.548	0.78994	0.79143			6
2026.03.16	01:00:45.653	0.78991	0.79145			6
2026.03.16	01:00:46.249	0.78993	0.79144			6
2026.03.16	01:00:46.550	0.78996	0.79141			6
2026.03.16	01:00:46.851	0.78995				2
2026.03.16	01:00:47.450	0.78996				2
2026.03.16	01:00:49.855	0.78992	0.79144			6
2026.03.16	01:00:50.156	0.78991	0.79146			6
2026.03.16	01:00:51.061	0.78990				2
2026.03.16	01:00:51.660	0.78991				2
2026.03.16	01:00:51.960	0.78993	0.79144			6
2026.03.16	01:00:53.163	0.78994	0.79143			6
2026.03.16	01:00:53.460		0.79142			4
2026.03.16	01:00:53.761		0.79143			4
2026.03.16	01:00:54.063	0.78997	0.79140			6
2026.03.16	01:00:54.959	0.78996				2
2026.03.16	01:00:56.162	0.79000	0.79137			6
2026.03.16	01:00:56.464	0.78998	0.79139			6
2026.03.16	01:00:57.668	0.78995	0.79142			6
2026.03.16	01:01:00.073	0.78995				2
2026.03.16	01:01:00.372	0.78994				2
2026.03.16	01:01:00.675	0.78992	0.79144			6
2026.03.16	01:01:00.972	0.78996	0.79141			6
2026.03.16	01:01:02.778		0.79140			4
2026.03.16	01:01:03.379	0.78997				2
2026.03.16	01:01:03.977	0.78998	0.79139			6
2026.03.16	01:01:05.178	0.78997	0.79140			6
2026.03.16	01:01:05.480	0.78995	0.79141			6
2026.03.16	01:01:05.780	0.78998	0.79139			6
2026.03.16	01:01:06.378	0.78997	0.79140			6
2026.03.16	01:01:06.979	0.78998	0.79139			6
2026.03.16	01:01:07.581	0.78997	0.79140			6
2026.03.16	01:01:07.878	0.79001	0.79136			6
2026.03.16	01:01:08.179	0.78996	0.79140			6
2026.03.16	01:01:08.481	0.78999	0.79138			6
2026.03.16	01:01:09.083		0.79137			4
2026.03.16	01:01:10.284		0.79138			4
2026.03.16	01:01:12.086	0.78997	0.79139			6
2026.03.16	01:01:13.592	0.78999	0.79138			6
2026.03.16	01:01:13.886	0.78998				2
2026.03.16	01:01:15.385	0.78999	0.79137			6
2026.03.16	01:01:15.991		0.79138			4
2026.03.16	01:01:17.490		0.79137			4
2026.03.16	01:01:17.793	0.79000				2
2026.03.16	01:01:18.092	0.79002	0.79135			6
2026.03.16	01:01:18.392	0.78998	0.79138			6
2026.03.16	01:01:18.692	0.79002	0.79135			6
2026.03.16	01:01:19.290	0.78999	0.79137			6
2026.03.16	01:01:19.599		0.79138			4
2026.03.16	01:01:19.898	0.79002	0.79134			6
2026.03.16	01:01:20.498	0.79000	0.79137			6
2026.03.16	01:01:20.801	0.78993				2
2026.03.16	01:01:21.097	0.78987	0.79136			6
2026.03.16	01:01:22.300		0.79137			4
2026.03.16	01:01:23.195		0.79136			4
2026.03.16	01:01:23.500	0.78988	0.79135			6
2026.03.16	01:01:24.696	0.78979	0.79137			6
2026.03.16	01:01:24.997	0.78981				2
2026.03.16	01:01:25.299	0.78983				2
2026.03.16	01:01:25.899	0.78982				2
2026.03.16	01:01:26.500	0.78983				2
2026.03.16	01:01:27.402	0.78982				2
2026.03.16	01:01:27.705	0.78981				2
2026.03.16	01:01:28.004	0.78985				2
2026.03.16	01:01:28.302	0.78987				2
2026.03.16	01:01:28.604	0.78986				2
2026.03.16	01:01:29.203	0.78987	0.79136			6
2026.03.16	01:01:33.412	0.78988				2
2026.03.16	01:01:34.314	0.78987				2
2026.03.16	01:01:36.421	0.78983	0.79137			6
2026.03.16	01:01:36.722	0.78985				2
2026.03.16	01:01:37.021	0.78988	0.79135			6
2026.03.16	01:01:37.324		0.79136			4
2026.03.16	01:01:39.428		0.79135			4
2026.03.16	01:01:40.329	0.78987	0.79134			6
2026.03.16	01:01:40.630	0.78988	0.79129			6
2026.03.16	01:01:42.732	0.78989				2
2026.03.16	01:01:44.535	0.78985	0.79138			6
2026.03.16	01:01:45.135	0.78994	0.79139			6
2026.03.16	01:01:45.434	0.78998				2
2026.03.16	01:01:46.034	0.78999	0.79138			6
2026.03.16	01:01:46.336	0.78998				2
2026.03.16	01:01:47.237	0.79001	0.79131			6
2026.03.16	01:01:51.740	0.79000				2
2026.03.16	01:01:53.235	0.79001				2
2026.03.16	01:01:54.740	0.78996	0.79140			6
2026.03.16	01:01:55.040	0.79003	0.79131			6
2026.03.16	01:01:55.343	0.79002	0.79135			6
2026.03.16	01:01:55.943		0.79134			4
2026.03.16	01:01:56.544	0.78995	0.79141			6
2026.03.16	01:01:57.145	0.78988	0.79084			6
2026.03.16	01:02:00.144	0.78988				2
2026.03.16	01:02:05.250	0.78985	0.79086			6
2026.03.16	01:02:05.550	0.78976				2
2026.03.16	01:02:09.458	0.78977				2
2026.03.16	01:02:10.962	0.78979				2
2026.03.16	01:02:11.864	0.78976				2
2026.03.16	01:02:15.169	0.78977				2
2026.03.16	01:02:17.269	0.78978				2
2026.03.16	01:02:23.889	0.78977				2
2026.03.16	01:02:24.190	0.78979				2
2026.03.16	01:02:25.393	0.78978				2
2026.03.16	01:02:26.600	0.78977				2
2026.03.16	01:02:26.901	0.78979				2
2026.03.16	01:02:27.800	0.78978				2
2026.03.16	01:02:29.306	0.78977				2
2026.03.16	01:02:29.608	0.78978				2
2026.03.16	01:02:29.906	0.78977				2
2026.03.16	01:02:30.507	0.78979				2
2026.03.16	01:02:31.708	0.78980				2
2026.03.16	01:02:32.306	0.78979				2
2026.03.16	01:02:32.907	0.78978				2
2026.03.16	01:02:35.014	0.78980				2
2026.03.16	01:02:35.310	0.78982				2
2026.03.16	01:02:35.613	0.78980				2
2026.03.16	01:02:36.210	0.78981	0.79085			6
2026.03.16	01:02:37.113	0.78979				2
2026.03.16	01:02:38.614	0.78982				2
2026.03.16	01:02:39.214	0.78981				2
2026.03.16	01:02:40.714	0.78983				2
2026.03.16	01:02:41.014	0.79003				2
2026.03.16	01:02:41.315	0.78987				2
2026.03.16	01:02:43.120		0.79083			4
2026.03.16	01:02:43.421	0.78985				2
2026.03.16	01:02:46.122		0.79084			4
2026.03.16	01:02:46.721	0.78989	0.79082			6
2026.03.16	01:02:47.623		0.79086			4
2026.03.16	01:02:48.829	0.78990				2
2026.03.16	01:02:49.129	0.78994				2
2026.03.16	01:02:49.429	0.78995				2
2026.03.16	01:02:49.731	0.78993				2
2026.03.16	01:02:50.027	0.78992				2
2026.03.16	01:02:50.329	0.78993				2
2026.03.16	01:02:50.930	0.78994				2
2026.03.16	01:02:53.336	0.78991				2
2026.03.16	01:02:53.635	0.78993				2
2026.03.16	01:02:53.932	0.78997				2
2026.03.16	01:02:54.230	0.78994				2
2026.03.16	01:02:54.532	0.78993				2
2026.03.16	01:02:59.339	0.78995				2
2026.03.16	01:03:00.242	0.78977	0.79038			6
2026.03.16	01:03:00.838	0.78976				2
2026.03.16	01:03:02.641	0.78977				2
2026.03.16	01:03:06.546	0.78978				2
2026.03.16	01:03:08.643	0.78977				2
2026.03.16	01:03:09.248	0.78978				2
2026.03.16	01:03:09.850	0.78981				2
2026.03.16	01:03:10.147	0.78979				2
2026.03.16	01:03:11.046	0.78980				2
2026.03.16	01:03:11.949	0.78979				2
2026.03.16	01:03:13.748	0.78981				2
2026.03.16	01:03:16.749	0.78982				2
2026.03.16	01:03:18.553	0.78981				2
2026.03.16	01:03:23.056	0.78984				2
2026.03.16	01:03:23.357	0.78983				2
2026.03.16	01:03:33.863	0.78984				2
2026.03.16	01:03:38.369	0.78983				2
2026.03.16	01:03:47.682	0.78984				2
2026.03.16	01:03:49.787	0.78985				2
2026.03.16	01:03:54.292	0.78986				2
2026.03.16	01:03:55.495	0.78984				2
2026.03.16	01:03:55.798	0.78985				2
2026.03.16	01:03:56.396	0.78984				2
2026.03.16	01:03:59.098	0.78986				2
2026.03.16	01:04:00.000	0.78986				2
2026.03.16	01:04:00.299		0.79037			4
2026.03.16	01:04:06.912	0.78987				2
2026.03.16	01:04:07.215	0.78986				2
2026.03.16	01:04:07.813	0.78987				2
2026.03.16	01:04:08.716	0.78986				2
2026.03.16	01:04:11.119	0.78985				2
2026.03.16	01:04:14.719	0.78987				2
2026.03.16	01:04:15.319	0.78986				2
2026.03.16	01:04:15.622	0.78987				2
2026.03.16	01:04:15.922	0.78982	0.79034			6
2026.03.16	01:04:16.824	0.78986				2
2026.03.16	01:04:17.423	0.78988				2
2026.03.16	01:04:18.928	0.78985	0.79035			6
2026.03.16	01:04:19.829		0.79033			4
2026.03.16	01:04:22.837	0.78981	0.79035			6
2026.03.16	01:04:23.438		0.79036			4
2026.03.16	01:04:24.339	0.78982				2
2026.03.16	01:04:29.445		0.79037			4
2026.03.16	01:04:32.145	0.78987				2
2026.03.16	01:04:32.745		0.79035			4
2026.03.16	01:04:33.349	0.78976				2
2026.03.16	01:04:38.755		0.79037			4
2026.03.16	01:04:50.170		0.79035			4
2026.03.16	01:04:51.373		0.79036			4
2026.03.16	01:04:55.580		0.79037			4
2026.03.16	01:05:00.093	0.78976				2
2026.03.16	01:05:00.396	0.78978				2
2026.03.16	01:05:01.299	0.78991				2
2026.03.16	01:05:01.600	0.78984				2
2026.03.16	01:05:08.808	0.78992				2
2026.03.16	01:05:09.109	0.78984				2
2026.03.16	01:05:10.010	0.78994	0.79038			6
2026.03.16	01:05:10.311	0.78984	0.79036			6
2026.03.16	01:05:11.214	0.79004	0.79034			6
2026.03.16	01:05:11.512		0.79036			4
2026.03.16	01:05:20.830	0.79006				2
2026.03.16	01:05:28.940		0.79038			4
2026.03.16	01:05:31.036	0.79007	0.79037			6
2026.03.16	01:05:32.241	0.79009	0.79036			6
2026.03.16	01:05:32.542	0.79011	0.79035			6
2026.03.16	01:05:47.851		0.79038			4
2026.03.16	01:05:57.464	0.79009				2
2026.03.16	01:06:00.169	0.79009				2
2026.03.16	01:06:04.373	0.79011				2
2026.03.16	01:06:09.781	0.79009	0.79037			6
2026.03.16	01:06:12.185	0.79008	0.79033			6
2026.03.16	01:06:13.087		0.79034			4
2026.03.16	01:06:17.893	0.79009	0.79033			6
2026.03.16	01:06:20.299	0.78995	0.79039			6
2026.03.16	01:06:20.600	0.79001	0.79041			6
2026.03.16	01:06:20.898	0.79000	0.79038			6
2026.03.16	01:06:21.199	0.79009	0.79036			6
2026.03.16	01:06:21.500	0.79010				2
2026.03.16	01:06:21.799	0.79012	0.79037			6
2026.03.16	01:06:22.100	0.79013	0.79034			6
2026.03.16	01:06:22.399	0.79003	0.79038			6
2026.03.16	01:06:22.700	0.79013	0.79036			6
2026.03.16	01:06:23.001		0.79035			4
2026.03.16	01:06:23.301	0.79015	0.79036			6
2026.03.16	01:06:23.601	0.79005				2
2026.03.16	01:06:23.899	0.79006	0.79038			6
2026.03.16	01:06:24.199	0.79015	0.79037			6
2026.03.16	01:06:24.499	0.79014				2
2026.03.16	01:06:25.102	0.79013				2
2026.03.16	01:06:25.399		0.79039			4
2026.03.16	01:06:25.700	0.79016	0.79036			6
2026.03.16	01:06:26.004	0.79013	0.79041			6
2026.03.16	01:06:26.301	0.79015	0.79036			6
2026.03.16	01:06:26.601	0.79006	0.79037			6
2026.03.16	01:06:26.901	0.79016				2
2026.03.16	01:06:27.201	0.79013	0.79040			6
2026.03.16	01:06:27.504	0.79017	0.79037			6
2026.03.16	01:06:27.801	0.79015				2
2026.03.16	01:06:28.101	0.79016				2
2026.03.16	01:06:28.403	0.79015				2
2026.03.16	01:06:28.701	0.79012	0.79042			6
2026.03.16	01:06:29.002	0.79015	0.79038			6
2026.03.16	01:06:29.302		0.79035			4
2026.03.16	01:06:29.603	0.79018	0.79034			6
2026.03.16	01:06:29.906		0.79033			4
2026.03.16	01:06:30.206	0.79019				2
2026.03.16	01:06:30.508	0.79049	0.79079			6
2026.03.16	01:06:31.412		0.79080			4
2026.03.16	01:06:32.010	0.79050	0.79083			6
2026.03.16	01:06:34.413		0.79082			4
2026.03.16	01:06:35.316		0.79083			4
2026.03.16	01:06:36.518	0.79043	0.79079			6
2026.03.16	01:06:59.642	0.79042				2
2026.03.16	01:07:00.249	0.79042				2
2026.03.16	01:07:02.043	0.79043				2
2026.03.16	01:07:02.344	0.79042				2
2026.03.16	01:07:02.646	0.79040				2
2026.03.16	01:07:02.943	0.79042				2
2026.03.16	01:07:03.247	0.79041				2
2026.03.16	01:07:03.547	0.79039				2
2026.03.16	01:07:03.844	0.79041				2
2026.03.16	01:07:04.747	0.79042				2
2026.03.16	01:07:07.153	0.79039				2
2026.03.16	01:07:07.451	0.79042				2
2026.03.16	01:07:07.747	0.79039				2
2026.03.16	01:07:08.351	0.79041				2
2026.03.16	01:07:11.652	0.79042				2
2026.03.16	01:07:15.559	0.79041	0.79081			6
2026.03.16	01:07:16.468	0.79040				2
2026.03.16	01:07:17.068	0.79041	0.79080			6
2026.03.16	01:07:17.366		0.79077			4
2026.03.16	01:07:17.669		0.79078			4
2026.03.16	01:07:17.967	0.79042				2
2026.03.16	01:07:20.369		0.79079			4
2026.03.16	01:07:22.772	0.79041				2
2026.03.16	01:07:23.076	0.79030	0.79084			6
2026.03.16	01:07:23.379	0.79044	0.79086			6
2026.03.16	01:07:23.674	0.79034	0.79084			6
2026.03.16	01:07:23.975	0.79033	0.79087			6
2026.03.16	01:07:24.274	0.79042	0.79085			6
2026.03.16	01:07:24.578	0.79041	0.79087			6
2026.03.16	01:07:24.876	0.79042	0.79084			6
2026.03.16	01:07:25.176		0.79091			4
2026.03.16	01:07:25.477	0.79031	0.79086			6
2026.03.16	01:07:25.777	0.79044	0.79088			6
2026.03.16	01:07:28.484	0.79043				2
2026.03.16	01:07:29.386	0.79045				2
2026.03.16	01:07:30.288	0.79044				2
2026.03.16	01:07:30.586	0.79046				2
2026.03.16	01:07:31.489	0.79043				2
2026.03.16	01:07:32.092	0.79044				2
2026.03.16	01:07:35.091	0.79045				2
2026.03.16	01:07:35.396	0.79034	0.79091			6
2026.03.16	01:07:35.697	0.79044	0.79089			6
2026.03.16	01:07:36.295	0.79048				2
2026.03.16	01:07:36.896		0.79088			4
2026.03.16	01:07:37.194	0.79049	0.79093			6
2026.03.16	01:07:37.496		0.79087			4
2026.03.16	01:07:37.796		0.79085			4
2026.03.16	01:07:38.397		0.79093			4
2026.03.16	01:07:38.700		0.79085			4
2026.03.16	01:07:38.999		0.79087			4
2026.03.16	01:07:39.297	0.79050	0.79085			6
2026.03.16	01:07:39.600		0.79092			4
2026.03.16	01:07:40.501		0.79085			4
2026.03.16	01:07:40.800		0.79088			4
2026.03.16	01:07:41.104		0.79092			4
2026.03.16	01:07:42.299	0.79049	0.79093			6
2026.03.16	01:07:42.601	0.79054	0.79095			6
2026.03.16	01:07:43.505	0.79052	0.79090			6
2026.03.16	01:07:43.805	0.79050	0.79092			6
2026.03.16	01:07:44.703	0.79051	0.79084			6
2026.03.16	01:07:45.006		0.79091			4
2026.03.16	01:07:45.609	0.79032				2
2026.03.16	01:07:47.112	0.79031	0.79092			6
2026.03.16	01:07:47.409	0.79030	0.79093			6
2026.03.16	01:07:48.012	0.79034	0.79088			6
2026.03.16	01:07:48.312	0.79030	0.79093			6
2026.03.16	01:07:48.917		0.79091			4
2026.03.16	01:07:49.219	0.79050	0.79086			6
2026.03.16	01:07:49.517	0.79047	0.79084			6
2026.03.16	01:07:49.813	0.79028	0.79093			6
2026.03.16	01:07:50.114	0.79051	0.79084			6
2026.03.16	01:07:50.416		0.79088			4
2026.03.16	01:07:50.714		0.79094			4
2026.03.16	01:07:51.317		0.79085			4
2026.03.16	01:07:51.614	0.79050				2
2026.03.16	01:07:51.916		0.79087			4
2026.03.16	01:07:54.622	0.79051				2
2026.03.16	01:07:56.122	0.79050				2
2026.03.16	01:07:57.920	0.79047				2
2026.03.16	01:07:58.521	0.79051				2
2026.03.16	01:08:00.026	0.79053	0.79093			6
2026.03.16	01:08:00.325	0.79064	0.79081			6
2026.03.16	01:08:02.127		0.79082			4
2026.03.16	01:08:02.728	0.79065				2
2026.03.16	01:08:03.032	0.79066	0.79081			6
2026.03.16	01:08:04.829		0.79080			4
2026.03.16	01:08:07.830		0.79081			4
2026.03.16	01:08:08.136		0.79080			4
2026.03.16	01:08:08.731	0.79067				2
2026.03.16	01:08:13.536	0.79066	0.79090			6
2026.03.16	01:08:14.436		0.79088			4
2026.03.16	01:08:21.344	0.79068	0.79090			6
2026.03.16	01:08:21.643	0.79081	0.79100			6
2026.03.16	01:08:22.843		0.79106			4
2026.03.16	01:08:23.444		0.79100			4
2026.03.16	01:08:24.643	0.79080				2
2026.03.16	01:08:34.253	0.79079				2
2026.03.16	01:08:37.256		0.79101			4
2026.03.16	01:08:39.362	0.79081	0.79104			6
2026.03.16	01:08:40.262	0.79082	0.79103			6
2026.03.16	01:08:40.863	0.79080	0.79101			6
2026.03.16	01:08:43.564	0.79082	0.79104			6
2026.03.16	01:08:58.297		0.79103			4
2026.03.16	01:09:00.107	0.79082				2
2026.03.16	01:09:11.234	0.79087	0.79107			6
2026.03.16	01:09:11.529	0.79093	0.79113			6
2026.03.16	01:09:12.131	0.79102	0.79115			6
2026.03.16	01:09:13.034	0.79108	0.79124			6
2026.03.16	01:09:13.935	0.79106	0.79119			6
2026.03.16	01:09:14.235	0.79110	0.79125			6
2026.03.16	01:09:14.534	0.79111				2
2026.03.16	01:09:16.635	0.79106				2
2026.03.16	01:09:16.937	0.79097	0.79122			6
2026.03.16	01:09:18.137	0.79098				2
2026.03.16	01:09:18.436	0.79099				2
2026.03.16	01:09:19.039	0.79100				2
2026.03.16	01:09:19.337	0.79101	0.79123			6
2026.03.16	01:09:19.940		0.79124			4
2026.03.16	01:09:26.544	0.79100				2
2026.03.16	01:09:33.158		0.79123			4
2026.03.16	01:09:37.965	0.79101	0.79124			6
2026.03.16	01:09:49.683	0.79100	0.79122			6
2026.03.16	01:09:50.886		0.79120			4
2026.03.16	01:09:51.487		0.79119			4
2026.03.16	01:09:51.788	0.79097	0.79117			6
2026.03.16	01:09:52.088	0.79101	0.79123			6
2026.03.16	01:09:53.292	0.79100	0.79121			6
2026.03.16	01:09:54.196	0.79101	0.79123			6
2026.03.16	01:09:56.003	0.79098	0.79120			6
2026.03.16	01:09:56.303	0.79099	0.79119			6
2026.03.16	01:09:57.206	0.79094	0.79118			6
2026.03.16	01:09:58.108		0.79116			4
2026.03.16	01:09:59.012	0.79088	0.79112			6
2026.03.16	01:09:59.612	0.79084	0.79109			6
2026.03.16	01:10:00.213	0.79084	0.79108			6
2026.03.16	01:10:00.514		0.79107			4
2026.03.16	01:10:01.714	0.79083				2
2026.03.16	01:10:03.215	0.79082				2
2026.03.16	01:10:03.515	0.79081	0.79106			6
2026.03.16	01:10:05.020	0.79080	0.79107			6
2026.03.16	01:10:06.225	0.79077	0.79106			6
2026.03.16	01:10:06.526	0.79079				2
2026.03.16	01:10:06.831	0.79076				2
2026.03.16	01:10:07.131	0.79077				2
2026.03.16	01:10:07.431	0.79075	0.79105			6
2026.03.16	01:10:07.733	0.79074	0.79103			6
2026.03.16	01:10:08.331		0.79100			4
2026.03.16	01:10:08.632	0.79076				2
2026.03.16	01:10:08.931	0.79073	0.79102			6
2026.03.16	01:10:09.233	0.79076				2
2026.03.16	01:10:09.835	0.79074				2
2026.03.16	01:10:11.336	0.79073				2
2026.03.16	01:10:11.635	0.79074				2
2026.03.16	01:10:11.934	0.79070	0.79097			6
2026.03.16	01:10:14.035	0.79067	0.79095			6
2026.03.16	01:10:14.334	0.79068				2
2026.03.16	01:10:16.438	0.79067				2
2026.03.16	01:10:17.639	0.79062	0.79091			6
2026.03.16	01:10:19.441	0.79061				2
2026.03.16	01:10:23.046	0.79062				2
2026.03.16	01:10:27.548		0.79092			4
2026.03.16	01:10:29.353	0.79063	0.79091			6
2026.03.16	01:10:29.952	0.79062				2
2026.03.16	01:10:32.360	0.79063				2
2026.03.16	01:10:38.370		0.79088			4
2026.03.16	01:10:38.670	0.79066	0.79091			6
2026.03.16	01:10:40.476	0.79065				2
2026.03.16	01:10:45.280	0.79061	0.79087			6
2026.03.16	01:10:46.487	0.79060	0.79086			6
2026.03.16	01:10:48.893	0.79056	0.79081			6
2026.03.16	01:10:54.306		0.79082			4
2026.03.16	01:10:54.609		0.79080			4
2026.03.16	01:10:54.911	0.79058	0.79083			6
2026.03.16	01:10:55.212		0.79084			4
2026.03.16	01:10:59.418	0.79055	0.79078			6
2026.03.16	01:11:00.018	0.79055	0.79077			6
2026.03.16	01:11:01.216	0.79054	0.79078			6
2026.03.16	01:11:01.817		0.79077			4
2026.03.16	01:11:02.117	0.79055				2
2026.03.16	01:11:04.828		0.79079			4
2026.03.16	01:11:09.633	0.79056	0.79078			6
2026.03.16	01:11:12.034	0.79051	0.79074			6
2026.03.16	01:11:12.932		0.79072			4
2026.03.16	01:11:14.133		0.79074			4
2026.03.16	01:11:14.735	0.79050	0.79072			6
2026.03.16	01:11:15.938	0.79045	0.79068			6
2026.03.16	01:11:16.539		0.79069			4
2026.03.16	01:11:16.836		0.79068			4
2026.03.16	01:11:17.142	0.79046	0.79067			6
2026.03.16	01:11:17.740		0.79065			4
2026.03.16	01:11:18.042	0.79043	0.79064			6
2026.03.16	01:11:19.247		0.79063			4
2026.03.16	01:11:21.646		0.79065			4
2026.03.16	01:11:24.646	0.79038	0.79059			6
2026.03.16	01:11:25.545	0.79037	0.79057			6
2026.03.16	01:11:25.847		0.79056			4
2026.03.16	01:11:29.151	0.79040	0.79061			6
2026.03.16	01:11:30.351	0.79039	0.79060			6
2026.03.16	01:11:30.650	0.79036	0.79057			6
2026.03.16	01:11:32.154		0.79058			4
2026.03.16	01:11:33.360		0.79059			4
2026.03.16	01:11:34.562		0.79058			4
2026.03.16	01:11:37.269		0.79057			4
2026.03.16	01:11:37.573	0.79037				2
2026.03.16	01:11:44.473		0.79056			4
2026.03.16	01:11:47.478	0.79030	0.79050			6
2026.03.16	01:11:48.379		0.79051			4
2026.03.16	01:11:48.680		0.79046			4
2026.03.16	01:11:49.279	0.79029	0.79044			6
2026.03.16	01:11:49.579	0.79027	0.79040			6
2026.03.16	01:11:49.881	0.79026	0.79039			6
2026.03.16	01:11:50.181	0.79027	0.79042			6
2026.03.16	01:11:51.685	0.79026	0.79039			6
2026.03.16	01:11:52.583	0.79025				2
2026.03.16	01:11:52.881	0.79024				2
2026.03.16	01:11:54.082	0.79025				2
2026.03.16	01:11:54.982	0.79024	0.79038			6
2026.03.16	01:11:56.184	0.79025	0.79039			6
2026.03.16	01:11:57.989	0.79024	0.79038			6
2026.03.16	01:12:00.097	0.79024				2
2026.03.16	01:12:01.293	0.79027	0.79042			6
2026.03.16	01:12:01.593	0.79026	0.79040			6
2026.03.16	01:12:01.892		0.79042			4
2026.03.16	01:12:02.796	0.79023	0.79037			6
2026.03.16	01:12:03.099	0.79024	0.79040			6
2026.03.16	01:12:03.997	0.79025				2
2026.03.16	01:12:11.509	0.79027				2
2026.03.16	01:12:12.111	0.79030	0.79041			6
2026.03.16	01:12:13.011	0.79027	0.79040			6
2026.03.16	01:12:13.312	0.79029	0.79041			6
2026.03.16	01:12:13.913	0.79030	0.79042			6
2026.03.16	01:12:14.514		0.79041			4
2026.03.16	01:12:15.117	0.79026	0.79040			6
2026.03.16	01:12:15.417	0.79022	0.79035			6
2026.03.16	01:12:19.328	0.79021				2
2026.03.16	01:12:23.236	0.79019				2
2026.03.16	01:12:25.934	0.79020	0.79034			6
2026.03.16	01:12:27.738	0.79019	0.79032			6
2026.03.16	01:12:28.036	0.79014	0.79030			6
2026.03.16	01:12:28.335		0.79027			4
2026.03.16	01:12:28.639	0.79013	0.79029			6
2026.03.16	01:12:29.239	0.79014	0.79028			6
2026.03.16	01:12:30.440	0.79011	0.79027			6
2026.03.16	01:12:30.740		0.79024			4
2026.03.16	01:12:33.748	0.79010				2
2026.03.16	01:12:35.247		0.79022			4
2026.03.16	01:12:35.546	0.79008				2
2026.03.16	01:12:36.443	0.79005	0.79018			6
2026.03.16	01:12:37.046	0.79004	0.79019			6
2026.03.16	01:12:37.348		0.79018			4
2026.03.16	01:12:39.447	0.79002	0.79015			6
2026.03.16	01:12:41.847		0.79016			4
2026.03.16	01:12:43.350		0.79015			4
2026.03.16	01:12:44.253	0.79004	0.79016			6
2026.03.16	01:12:44.555	0.79012	0.79026			6
2026.03.16	01:12:44.855	0.79013				2
2026.03.16	01:12:45.151		0.79027			4
2026.03.16	01:12:45.457	0.79012	0.79028			6
2026.03.16	01:12:45.757	0.79011	0.79025			6
2026.03.16	01:12:46.955	0.79012	0.79026			6
2026.03.16	01:12:47.860	0.79018	0.79032			6
2026.03.16	01:12:49.364	0.79017				2
2026.03.16	01:12:49.661	0.79021	0.79034			6
2026.03.16	01:12:50.574	0.79026	0.79039			6
2026.03.16	01:12:53.266	0.79022	0.79034			6
2026.03.16	01:12:53.567	0.79020				2
2026.03.16	01:12:54.167		0.79036			4
2026.03.16	01:12:54.466		0.79035			4
2026.03.16	01:12:56.267		0.79034			4
2026.03.16	01:12:56.572	0.79019	0.79033			6
2026.03.16	01:12:56.871	0.79020	0.79035			6
2026.03.16	01:12:57.172	0.79023	0.79036			6
2026.03.16	01:12:57.469	0.79020	0.79034			6
2026.03.16	01:12:58.370		0.79035			4
2026.03.16	01:12:59.872	0.79021	0.79034			6
2026.03.16	01:13:00.171	0.79021				2
2026.03.16	01:13:00.472	0.79025	0.79037			6
2026.03.16	01:13:00.777	0.79022				2
2026.03.16	01:13:01.073	0.79023				2
2026.03.16	01:13:01.374	0.79024	0.79038			6
2026.03.16	01:13:01.672	0.79025	0.79039			6
2026.03.16	01:13:02.274		0.79038			4
2026.03.16	01:13:03.179		0.79039			4
2026.03.16	01:13:08.890	0.79033	0.79045			6
2026.03.16	01:13:09.192		0.79046			4
2026.03.16	01:13:10.694	0.79034	0.79049			6
2026.03.16	01:13:10.990	0.79035	0.79048			6
2026.03.16	01:13:13.699		0.79047			4
2026.03.16	01:13:13.998		0.79048			4
2026.03.16	01:13:14.302	0.79038	0.79050			6
2026.03.16	01:13:15.200	0.79039	0.79052			6
2026.03.16	01:13:17.009	0.79041	0.79055			6
2026.03.16	01:13:17.309		0.79054			4
2026.03.16	01:13:19.415	0.79042	0.79055			6
2026.03.16	01:13:19.715	0.79041				2
2026.03.16	01:13:20.611	0.79050	0.79062			6
2026.03.16	01:13:20.915		0.79063			4
2026.03.16	01:13:22.115		0.79065			4
2026.03.16	01:13:22.414	0.79053	0.79067			6
2026.03.16	01:13:23.613	0.79052	0.79066			6
2026.03.16	01:13:24.516		0.79067			4
2026.03.16	01:13:24.814	0.79053				2
2026.03.16	01:13:26.019	0.79052				2
2026.03.16	01:13:26.322	0.79053				2
2026.03.16	01:13:28.431	0.79049	0.79062			6
2026.03.16	01:13:28.726	0.79045	0.79060			6
2026.03.16	01:13:30.228	0.79048	0.79062			6
2026.03.16	01:13:30.829	0.79049				2
2026.03.16	01:13:31.733	0.79047	0.79061			6
2026.03.16	01:13:32.032	0.79049				2
2026.03.16	01:13:33.530		0.79062			4
2026.03.16	01:13:36.232		0.79065			4
2026.03.16	01:13:36.535	0.79050				2
2026.03.16	01:13:40.741	0.79052	0.79068			6
2026.03.16	01:13:41.045	0.79053	0.79069			6
2026.03.16	01:13:41.643	0.79055	0.79070			6
2026.03.16	01:13:42.241		0.79069			4
2026.03.16	01:13:48.247	0.79060	0.79073			6
2026.03.16	01:13:48.547		0.79075			4
2026.03.16	01:13:49.749	0.79061				2
2026.03.16	01:13:53.650		0.79074			4
2026.03.16	01:13:53.952	0.79062				2
2026.03.16	01:13:54.255	0.79061				2
2026.03.16	01:13:57.262	0.79054	0.79067			6
2026.03.16	01:13:57.561		0.79066			4
2026.03.16	01:13:58.158		0.79067			4
2026.03.16	01:14:00.261	0.79054				2
2026.03.16	01:14:01.169	0.79055	0.79070			6
2026.03.16	01:14:02.964	0.79059	0.79071			6
2026.03.16	01:14:03.563	0.79061	0.79073			6
2026.03.16	01:14:03.869	0.79060	0.79074			6
2026.03.16	01:14:06.272		0.79073			4
2026.03.16	01:14:06.872		0.79072			4
2026.03.16	01:14:07.471	0.79057	0.79071			6
2026.03.16	01:14:07.769	0.79060	0.79072			6
2026.03.16	01:14:08.672		0.79071			4
2026.03.16	01:14:09.574		0.79072			4
2026.03.16	01:14:11.682		0.79074			4
2026.03.16	01:14:11.981		0.79072			4
2026.03.16	01:14:12.280	0.79057	0.79070			6
2026.03.16	01:14:16.790	0.79054	0.79069			6
2026.03.16	01:14:19.191	0.79060	0.79072			6
2026.03.16	01:14:19.495		0.79073			4
2026.03.16	01:14:20.695	0.79051	0.79066			6
2026.03.16	01:14:21.296	0.79055				2
2026.03.16	01:14:22.497		0.79067			4
2026.03.16	01:14:26.112		0.79066			4
2026.03.16	01:14:30.925	0.79050	0.79065			6
2026.03.16	01:14:31.526	0.79051				2
2026.03.16	01:14:33.331		0.79066			4
2026.03.16	01:14:33.630		0.79067			4
2026.03.16	01:14:35.434	0.79052	0.79066			6
2026.03.16	01:14:36.333		0.79065			4
2026.03.16	01:14:36.634		0.79066			4
2026.03.16	01:14:36.934		0.79065			4
2026.03.16	01:14:37.234	0.79051	0.79063			6
2026.03.16	01:14:37.534	0.79047	0.79062			6
2026.03.16	01:14:39.035	0.79049				2
2026.03.16	01:14:39.937	0.79050				2
2026.03.16	01:14:45.643		0.79063			4
2026.03.16	01:14:47.145	0.79049	0.79064			6
2026.03.16	01:14:47.447	0.79051	0.79063			6
2026.03.16	01:14:47.746		0.79066			4
2026.03.16	01:14:49.545		0.79065			4
2026.03.16	01:14:49.848		0.79066			4
2026.03.16	01:14:51.046	0.79050	0.79064			6
2026.03.16	01:14:52.555	0.79051				2
2026.03.16	01:14:52.851	0.79050				2
2026.03.16	01:14:54.654	0.79051	0.79063			6
2026.03.16	01:14:54.960	0.79050	0.79064			6
2026.03.16	01:14:56.163	0.79051	0.79065			6
2026.03.16	01:14:57.058		0.79066			4
2026.03.16	01:14:57.660		0.79065			4
2026.03.16	01:14:59.172	0.79054				2
2026.03.16	01:14:59.467	0.79049	0.79068			6
2026.03.16	01:14:59.769		0.79067			4
2026.03.16	01:15:00.068	0.79049				2
2026.03.16	01:15:00.365	0.79046	0.79065			6
2026.03.16	01:15:01.868	0.79045	0.79064			6
2026.03.16	01:15:02.469	0.79044	0.79063			6
2026.03.16	01:15:03.368	0.79046	0.79065			6
2026.03.16	01:15:03.676	0.79050	0.79069			6
2026.03.16	01:15:03.975	0.79052	0.79070			6
2026.03.16	01:15:05.176	0.79051				2
2026.03.16	01:15:06.673		0.79071			4
2026.03.16	01:15:07.572	0.79054	0.79075			6
2026.03.16	01:15:07.876	0.79053	0.79073			6
2026.03.16	01:15:10.580	0.79051	0.79072			6
2026.03.16	01:15:12.082	0.79052				2
2026.03.16	01:15:13.584	0.79048	0.79071			6
2026.03.16	01:15:13.893	0.79046	0.79066			6
2026.03.16	01:15:14.189	0.79048	0.79067			6
2026.03.16	01:15:14.486	0.79047	0.79066			6
2026.03.16	01:15:17.795	0.79048	0.79069			6
2026.03.16	01:15:18.996		0.79073			4
2026.03.16	01:15:19.295		0.79070			4
2026.03.16	01:15:20.797	0.79049				2
2026.03.16	01:15:23.500	0.79050				2
2026.03.16	01:15:25.004	0.79049				2
2026.03.16	01:15:29.813	0.79059	0.79060			6
2026.03.16	01:15:31.017	0.79049	0.79070			6
2026.03.16	01:15:36.731	0.79055	0.79076			6
2026.03.16	01:15:43.335	0.79056	0.79087			6
2026.03.16	01:15:44.540		0.79086			4
2026.03.16	01:15:44.839	0.79057	0.79080			6
2026.03.16	01:15:45.138		0.79081			4
2026.03.16	01:15:45.439	0.79055	0.79087			6
2026.03.16	01:15:49.340		0.79086			4
2026.03.16	01:15:49.644		0.79085			4
2026.03.16	01:15:50.848		0.79087			4
2026.03.16	01:15:51.146		0.79089			4
2026.03.16	01:15:51.442	0.79054				2
2026.03.16	01:15:51.742		0.79086			4
2026.03.16	01:15:54.445	0.79056	0.79084			6
2026.03.16	01:15:54.748		0.79087			4
2026.03.16	01:15:55.649		0.79086			4
2026.03.16	01:15:57.446	0.79055				2
2026.03.16	01:15:57.746		0.79089			4
2026.03.16	01:15:59.249		0.79088			4
2026.03.16	01:16:00.152	0.79055	0.79086			6
2026.03.16	01:16:00.454		0.79085			4
2026.03.16	01:16:00.756	0.79057	0.79083			6
2026.03.16	01:16:01.055		0.79082			4
2026.03.16	01:16:01.956	0.79056				2
2026.03.16	01:16:04.060	0.79053				2
2026.03.16	01:16:05.563	0.79054				2
2026.03.16	01:16:05.866	0.79055				2
2026.03.16	01:16:10.672	0.79054				2
2026.03.16	01:16:11.573	0.79050				2
2026.03.16	01:16:12.774	0.79051				2
2026.03.16	01:16:14.282	0.79050	0.79067			6
2026.03.16	01:16:14.583	0.79048	0.79066			6
2026.03.16	01:16:19.095		0.79067			4
2026.03.16	01:16:19.392	0.79049				2
2026.03.16	01:16:22.702	0.79054	0.79073			6
2026.03.16	01:16:23.002		0.79072			4
2026.03.16	01:16:24.502	0.79053				2
2026.03.16	01:16:24.805	0.79054				2
2026.03.16	01:16:28.410	0.79057	0.79076			6
2026.03.16	01:16:31.118	0.79068	0.79085			6
2026.03.16	01:16:31.716		0.79084			4
2026.03.16	01:16:32.617	0.79069	0.79085			6
2026.03.16	01:16:33.818		0.79084			4
2026.03.16	01:16:36.521		0.79085			4
2026.03.16	01:16:37.422	0.79062	0.79080			6
2026.03.16	01:16:38.025	0.79063	0.79083			6
2026.03.16	01:16:38.322		0.79082			4
2026.03.16	01:16:39.525	0.79062	0.79081			6
2026.03.16	01:16:40.428		0.79080			4
2026.03.16	01:16:41.628	0.79063	0.79081			6
2026.03.16	01:16:42.830		0.79082			4
2026.03.16	01:16:45.834		0.79081			4
2026.03.16	01:16:51.837		0.79082			4
2026.03.16	01:16:53.042	0.79066	0.79087			6
2026.03.16	01:16:54.242	0.79065	0.79085			6
2026.03.16	01:16:56.943		0.79086			4
2026.03.16	01:16:57.247	0.79064	0.79083			6
2026.03.16	01:16:57.846		0.79084			4
2026.03.16	01:16:58.751	0.79068	0.79086			6
2026.03.16	01:16:59.047	0.79066	0.79087			6
2026.03.16	01:17:00.250	0.79066	0.79086			6
2026.03.16	01:17:00.551	0.79065	0.79085			6
2026.03.16	01:17:01.447	0.79064	0.79083			6
2026.03.16	01:17:05.354		0.79081			4
2026.03.16	01:17:10.463		0.79079			4
2026.03.16	01:17:11.062	0.79063				2
2026.03.16	01:17:11.369	0.79064	0.79081			6
2026.03.16	01:17:11.667		0.79080			4
2026.03.16	01:17:13.464	0.79065				2
2026.03.16	01:17:15.266		0.79079			4
2026.03.16	01:17:16.167		0.79080			4
2026.03.16	01:17:16.472		0.79079			4
2026.03.16	01:17:17.967		0.79078			4
2026.03.16	01:17:18.269	0.79062	0.79079			6
2026.03.16	01:17:18.567	0.79063				2
2026.03.16	01:17:18.871	0.79064	0.79078			6
2026.03.16	01:17:19.168	0.79062				2
2026.03.16	01:17:19.468	0.79063				2
2026.03.16	01:17:22.473		0.79077			4
2026.03.16	01:17:23.075		0.79078			4
2026.03.16	01:17:23.978	0.79054	0.79070			6
2026.03.16	01:17:24.574	0.79055				2
2026.03.16	01:17:27.582	0.79056	0.79069			6
2026.03.16	01:17:27.880	0.79055	0.79071			6
2026.03.16	01:17:28.481	0.79056	0.79070			6
2026.03.16	01:17:28.779	0.79054	0.79071			6
2026.03.16	01:17:29.081	0.79055				2
2026.03.16	01:17:30.884		0.79070			4
2026.03.16	01:17:32.684		0.79071			4
2026.03.16	01:17:34.491		0.79070			4
2026.03.16	01:17:35.388		0.79071			4
2026.03.16	01:17:38.097		0.79070			4
2026.03.16	01:17:40.801		0.79071			4
2026.03.16	01:17:42.606	0.79056	0.79070			6
2026.03.16	01:17:42.909	0.79055				2
2026.03.16	01:17:44.108		0.79071			4
2026.03.16	01:17:44.409	0.79056				2
2026.03.16	01:17:50.725		0.79072			4
2026.03.16	01:17:51.627	0.79055	0.79069			6
2026.03.16	01:17:51.927		0.79070			4
2026.03.16	01:17:52.527	0.79056	0.79072			6
2026.03.16	01:17:52.828		0.79071			4
2026.03.16	01:17:53.425		0.79070			4
2026.03.16	01:17:54.627		0.79071			4
2026.03.16	01:17:58.529		0.79070			4
2026.03.16	01:18:00.030	0.79056				2
2026.03.16	01:18:00.332		0.79071			4
2026.03.16	01:18:03.033		0.79072			4
2026.03.16	01:18:03.333		0.79073			4
2026.03.16	01:18:04.538	0.79057				2
2026.03.16	01:18:05.435		0.79072			4
2026.03.16	01:18:06.938	0.79059	0.79073			6
2026.03.16	01:18:07.836		0.79074			4
2026.03.16	01:18:08.142	0.79062	0.79079			6
2026.03.16	01:18:12.043	0.79060	0.79078			6
2026.03.16	01:18:12.946	0.79061	0.79076			6
2026.03.16	01:18:15.343		0.79078			4
2026.03.16	01:18:17.146		0.79077			4
2026.03.16	01:18:20.445		0.79078			4
2026.03.16	01:18:21.350		0.79077			4
2026.03.16	01:18:22.552		0.79078			4
2026.03.16	01:18:32.177		0.79079			4
2026.03.16	01:18:33.079		0.79078			4
2026.03.16	01:18:34.282	0.79069	0.79083			6
2026.03.16	01:18:34.879	0.79067	0.79084			6
2026.03.16	01:18:35.786		0.79081			4
2026.03.16	01:18:36.086	0.79065	0.79083			6
2026.03.16	01:18:37.584	0.79066	0.79081			6
2026.03.16	01:18:37.884	0.79065	0.79083			6
2026.03.16	01:18:40.588	0.79066				2
2026.03.16	01:18:49.912		0.79084			4
2026.03.16	01:18:51.113		0.79083			4
2026.03.16	01:18:53.516	0.79069	0.79084			6
2026.03.16	01:18:54.114	0.79067	0.79085			6
2026.03.16	01:18:57.725	0.79070	0.79084			6
2026.03.16	01:19:00.122	0.79070				2
2026.03.16	01:19:00.423	0.79068				2
2026.03.16	01:19:02.827	0.79067	0.79081			6
2026.03.16	01:19:03.125		0.79083			4
2026.03.16	01:19:04.027	0.79070				2
2026.03.16	01:19:05.224	0.79067				2
2026.03.16	01:19:06.431	0.79066				2
2026.03.16	01:19:10.933	0.79069	0.79082			6
2026.03.16	01:19:11.829	0.79071	0.79084			6
2026.03.16	01:19:13.032	0.79070	0.79086			6
2026.03.16	01:19:13.637		0.79085			4
2026.03.16	01:19:13.933	0.79071	0.79086			6
2026.03.16	01:19:14.833		0.79084			4
2026.03.16	01:19:15.733	0.79068	0.79083			6
2026.03.16	01:19:16.039	0.79067	0.79084			6
2026.03.16	01:19:16.336	0.79070	0.79083			6
2026.03.16	01:19:17.236		0.79086			4
2026.03.16	01:19:22.037	0.79071	0.79085			6
2026.03.16	01:19:25.345	0.79072	0.79082			6
2026.03.16	01:19:26.246	0.79073				2
2026.03.16	01:19:26.548	0.79074	0.79083			6
2026.03.16	01:19:26.845	0.79072				2
2026.03.16	01:19:28.944		0.79082			4
2026.03.16	01:19:30.151		0.79081			4
2026.03.16	01:19:30.448		0.79082			4
2026.03.16	01:19:32.254	0.79076	0.79086			6
2026.03.16	01:19:32.852		0.79085			4
2026.03.16	01:19:38.565		0.79086			4
2026.03.16	01:19:39.168	0.79081	0.79089			6
2026.03.16	01:19:39.771	0.79078				2
2026.03.16	01:19:41.572	0.79081				2
2026.03.16	01:19:41.871	0.79079				2
2026.03.16	01:19:42.173	0.79081				2
2026.03.16	01:19:43.373		0.79090			4
2026.03.16	01:19:45.776		0.79089			4
2026.03.16	01:19:48.184	0.79084	0.79093			6
2026.03.16	01:19:48.480	0.79086	0.79095			6
2026.03.16	01:19:49.387	0.79085	0.79094			6
2026.03.16	01:19:49.685		0.79093			4
2026.03.16	01:19:51.183	0.79083				2
2026.03.16	01:19:52.688	0.79082	0.79092			6
2026.03.16	01:19:52.987		0.79091			4
2026.03.16	01:19:55.691		0.79092			4
2026.03.16	01:19:55.988		0.79093			4
2026.03.16	01:20:00.202	0.79082				2
2026.03.16	01:20:01.709	0.79086	0.79096			6
2026.03.16	01:20:02.005	0.79084				2
2026.03.16	01:20:02.612	0.79089	0.79101			6
2026.03.16	01:20:02.910	0.79088	0.79100			6
2026.03.16	01:20:03.207		0.79099			4
2026.03.16	01:20:03.507		0.79098			4
2026.03.16	01:20:10.421	0.79085	0.79096			6
2026.03.16	01:20:13.132	0.79079	0.79092			6
2026.03.16	01:20:13.432		0.79088			4
2026.03.16	01:20:13.731		0.79089			4
2026.03.16	01:20:14.330	0.79077				2
2026.03.16	01:20:14.627		0.79091			4
2026.03.16	01:20:14.929	0.79082	0.79093			6
2026.03.16	01:20:17.936	0.79078	0.79091			6
2026.03.16	01:20:18.237		0.79092			4
2026.03.16	01:20:18.536		0.79091			4
2026.03.16	01:20:18.835		0.79092			4
2026.03.16	01:20:19.135		0.79091			4
2026.03.16	01:20:20.336		0.79092			4
2026.03.16	01:20:20.939		0.79091			4
2026.03.16	01:20:23.639		0.79092			4
2026.03.16	01:20:23.936	0.79081				2
2026.03.16	01:20:24.240	0.79079				2
2026.03.16	01:20:25.437	0.79078				2
2026.03.16	01:20:25.740		0.79091			4
2026.03.16	01:20:27.841	0.79077	0.79089			6
2026.03.16	01:20:31.146	0.79075	0.79083			6
2026.03.16	01:20:32.946		0.79084			4
2026.03.16	01:20:34.143		0.79083			4
2026.03.16	01:20:35.644		0.79084			4
2026.03.16	01:20:36.548		0.79083			4
2026.03.16	01:20:37.150	0.79073	0.79081			6
2026.03.16	01:20:39.546		0.79082			4
2026.03.16	01:20:39.849		0.79081			4
2026.03.16	01:20:40.747		0.79082			4
2026.03.16	01:20:41.954	0.79076	0.79086			6
2026.03.16	01:20:42.251	0.79075	0.79085			6
2026.03.16	01:20:43.456	0.79073	0.79084			6
2026.03.16	01:20:45.560		0.79085			4
2026.03.16	01:20:53.067		0.79086			4
2026.03.16	01:20:54.574	0.79076	0.79084			6
2026.03.16	01:20:56.077	0.79077	0.79085			6
2026.03.16	01:20:56.978	0.79074	0.79082			6
2026.03.16	01:20:58.180		0.79081			4
2026.03.16	01:21:00.286	0.79069	0.79077			6
2026.03.16	01:21:06.297		0.79076			4
2026.03.16	01:21:13.821		0.79078			4
2026.03.16	01:21:14.120	0.79068	0.79080			6
2026.03.16	01:21:17.128	0.79069				2
2026.03.16	01:21:18.028	0.79075	0.79087			6
2026.03.16	01:21:18.330		0.79086			4
2026.03.16	01:21:18.928	0.79074				2
2026.03.16	01:21:22.233		0.79081			4
2026.03.16	01:21:25.536		0.79080			4
2026.03.16	01:21:29.141		0.79081			4
2026.03.16	01:21:32.441		0.79082			4
2026.03.16	01:21:33.640		0.79083			4
2026.03.16	01:21:34.244		0.79084			4
2026.03.16	01:21:35.140		0.79083			4
2026.03.16	01:21:38.743	0.79075	0.79082			6
2026.03.16	01:21:39.346	0.79073				2
2026.03.16	01:21:41.144		0.79083			4
2026.03.16	01:21:44.146	0.79077	0.79084			6
2026.03.16	01:21:45.346		0.79085			4
2026.03.16	01:21:48.649	0.79078				2
2026.03.16	01:21:49.551		0.79084			4
2026.03.16	01:21:49.852		0.79085			4
2026.03.16	01:21:50.752		0.79087			4
2026.03.16	01:21:51.054	0.79082	0.79089			6
2026.03.16	01:21:51.657	0.79079				2
2026.03.16	01:21:57.068	0.79082				2
2026.03.16	01:21:57.372	0.79080	0.79087			6
2026.03.16	01:21:57.669	0.79079	0.79090			6
2026.03.16	01:21:58.868	0.79083				2
2026.03.16	01:21:59.469	0.79084	0.79091			6
2026.03.16	01:22:00.070	0.79084				2
2026.03.16	01:22:00.971	0.79082	0.79090			6
2026.03.16	01:22:02.472		0.79089			4
2026.03.16	01:22:02.773		0.79090			4
2026.03.16	01:22:06.080	0.79081	0.79089			6
2026.03.16	01:22:12.389	0.79082	0.79090			6
2026.03.16	01:22:12.687	0.79084				2
2026.03.16	01:22:12.988		0.79091			4
2026.03.16	01:22:22.316		0.79092			4
2026.03.16	01:22:22.913		0.79091			4
2026.03.16	01:22:24.416		0.79090			4
2026.03.16	01:22:25.019		0.79091			4
2026.03.16	01:22:31.033	0.79081	0.79089			6
2026.03.16	01:22:35.838	0.79082	0.79090			6
2026.03.16	01:22:36.138		0.79091			4
2026.03.16	01:22:37.039		0.79089			4
2026.03.16	01:22:46.053	0.79081	0.79088			6
2026.03.16	01:22:46.658	0.79079	0.79087			6
2026.03.16	01:22:48.159		0.79086			4
2026.03.16	01:23:00.192	0.79079				2
2026.03.16	01:23:02.594	0.79081	0.79090			6
2026.03.16	01:23:08.300	0.79079				2
2026.03.16	01:23:08.600	0.79080	0.79089			6
2026.03.16	01:23:08.906	0.79082	0.79090			6
2026.03.16	01:23:09.201	0.79079	0.79089			6
2026.03.16	01:23:11.003	0.79080				2
2026.03.16	01:23:11.606	0.79079				2
2026.03.16	01:23:14.617		0.79091			4
2026.03.16	01:23:15.220	0.79081				2
2026.03.16	01:23:16.124	0.79079	0.79092			6
2026.03.16	01:23:19.730	0.79081				2
2026.03.16	01:23:20.030	0.79079				2
2026.03.16	01:23:22.737		0.79091			4
2026.03.16	01:23:24.236		0.79092			4
2026.03.16	01:23:25.138	0.79080				2
2026.03.16	01:23:25.441	0.79086	0.79102			6
2026.03.16	01:23:25.737	0.79084	0.79095			6
2026.03.16	01:23:26.039	0.79086	0.79098			6
2026.03.16	01:23:27.241	0.79085				2
2026.03.16	01:23:27.542	0.79086	0.79097			6
2026.03.16	01:23:28.439	0.79078	0.79095			6
2026.03.16	01:23:31.141	0.79077				2
2026.03.16	01:23:33.243	0.79078				2
2026.03.16	01:23:35.647	0.79083				2
2026.03.16	01:23:36.848		0.79096			4
2026.03.16	01:23:38.646	0.79082				2
2026.03.16	01:23:42.853	0.79086				2
2026.03.16	01:23:43.753	0.79085	0.79095			6
2026.03.16	01:23:48.564	0.79080				2
2026.03.16	01:23:48.866	0.79079				2
2026.03.16	01:23:51.568	0.79086	0.79096			6
2026.03.16	01:23:53.377	0.79077	0.79108			6
2026.03.16	01:23:53.677	0.79078	0.79109			6
2026.03.16	01:23:59.997		0.79108			4
2026.03.16	01:24:00.297	0.79078	0.79109			6
2026.03.16	01:24:04.508	0.79077	0.79108			6
2026.03.16	01:24:05.704		0.79107			4
2026.03.16	01:24:09.613		0.79108			4
2026.03.16	01:24:14.419		0.79107			4
2026.03.16	01:24:15.320	0.79078	0.79108			6
2026.03.16	01:24:18.325	0.79075	0.79105			6
2026.03.16	01:24:25.232		0.79104			4
2026.03.16	01:24:25.837		0.79106			4
2026.03.16	01:24:26.734		0.79103			4
2026.03.16	01:24:32.138	0.79074	0.79106			6
2026.03.16	01:24:32.439	0.79075				2
2026.03.16	01:24:36.648	0.79076	0.79103			6
2026.03.16	01:24:39.345	0.79075	0.79107			6
2026.03.16	01:24:40.545	0.79074	0.79108			6
2026.03.16	01:24:41.146		0.79107			4
2026.03.16	01:24:41.446		0.79108			4
2026.03.16	01:24:42.646		0.79107			4
2026.03.16	01:24:46.861		0.79108			4
2026.03.16	01:24:50.466	0.79075	0.79107			6
2026.03.16	01:24:51.968	0.79077	0.79103			6
2026.03.16	01:24:53.170	0.79075	0.79107			6
2026.03.16	01:24:53.468		0.79108			4
2026.03.16	01:24:53.768		0.79107			4
2026.03.16	01:24:54.366	0.79074	0.79109			6
2026.03.16	01:25:00.081	0.79074				2
2026.03.16	01:25:01.276		0.79110			4
2026.03.16	01:25:01.878	0.79078	0.79107			6
2026.03.16	01:25:02.479	0.79079				2
2026.03.16	01:25:03.080	0.79076	0.79109			6
2026.03.16	01:25:03.682		0.79108			4
2026.03.16	01:25:04.587	0.79074	0.79109			6
2026.03.16	01:25:09.096		0.79113			4
2026.03.16	01:25:10.297		0.79111			4
2026.03.16	01:25:10.595		0.79113			4
2026.03.16	01:25:11.200		0.79111			4
2026.03.16	01:25:15.402		0.79113			4
2026.03.16	01:25:16.301	0.79077				2
2026.03.16	01:25:17.808	0.79076				2
2026.03.16	01:25:22.316	0.79077	0.79111			6
2026.03.16	01:25:23.217		0.79113			4
2026.03.16	01:25:24.421	0.79076	0.79110			6
2026.03.16	01:25:32.230		0.79109			4
2026.03.16	01:25:34.332	0.79075				2
2026.03.16	01:25:35.534		0.79108			4
2026.03.16	01:25:37.336	0.79078				2
2026.03.16	01:25:46.044		0.79109			4
2026.03.16	01:26:00.178	0.79078				2
2026.03.16	01:26:00.475		0.79108			4
2026.03.16	01:26:00.779	0.79077	0.79105			6
2026.03.16	01:26:01.675	0.79072	0.79100			6
2026.03.16	01:26:04.680	0.79076	0.79101			6
2026.03.16	01:26:04.978		0.79100			4
2026.03.16	01:26:05.578	0.79075				2
2026.03.16	01:26:06.780	0.79072	0.79098			6
2026.03.16	01:26:08.880	0.79071				2
2026.03.16	01:26:12.489		0.79099			4
2026.03.16	01:26:13.393	0.79072	0.79098			6
2026.03.16	01:26:13.692	0.79076	0.79099			6
2026.03.16	01:26:13.998	0.79072	0.79096			6
2026.03.16	01:26:14.296	0.79071				2
2026.03.16	01:26:14.602	0.79070				2
2026.03.16	01:26:21.214		0.79097			4
2026.03.16	01:26:21.512		0.79096			4
2026.03.16	01:26:36.537	0.79071				2
2026.03.16	01:26:37.136		0.79098			4
2026.03.16	01:26:41.046		0.79099			4
2026.03.16	01:26:41.643	0.79072				2
2026.03.16	01:26:43.149		0.79097			4
2026.03.16	01:26:43.445		0.79099			4
2026.03.16	01:26:44.346		0.79101			4
2026.03.16	01:26:44.946		0.79100			4
2026.03.16	01:26:55.157		0.79101			4
2026.03.16	01:27:00.270	0.79072				2
2026.03.16	01:27:01.765	0.79073				2
2026.03.16	01:27:09.884	0.79072	0.79102			6
2026.03.16	01:27:10.789	0.79074				2
2026.03.16	01:27:11.391	0.79073				2
2026.03.16	01:27:21.628	0.79075	0.79098			6
2026.03.16	01:27:30.937	0.79073	0.79101			6
2026.03.16	01:27:34.544		0.79102			4
2026.03.16	01:27:37.250	0.79072	0.79103			6
2026.03.16	01:27:40.848		0.79101			4
2026.03.16	01:27:48.965		0.79100			4
2026.03.16	01:27:49.264		0.79101			4
2026.03.16	01:27:50.765	0.79071				2
2026.03.16	01:27:53.473	0.79073	0.79104			6
2026.03.16	01:27:54.676		0.79103			4
2026.03.16	01:28:00.090	0.79073				2
2026.03.16	01:28:04.901	0.79074	0.79098			6
2026.03.16	01:28:08.206	0.79071	0.79097			6
2026.03.16	01:28:13.021	0.79070	0.79096			6
2026.03.16	01:28:14.825		0.79098			4
2026.03.16	01:28:17.526		0.79096			4
2026.03.16	01:28:19.629	0.79071				2
2026.03.16	01:28:23.839	0.79070	0.79097			6
2026.03.16	01:28:24.139		0.79096			4
2026.03.16	01:28:33.149	0.79069	0.79094			6
2026.03.16	01:28:33.449		0.79095			4
2026.03.16	01:28:34.047	0.79079				2
2026.03.16	01:28:34.345	0.79070				2
2026.03.16	01:28:34.645	0.79072	0.79094			6
2026.03.16	01:28:36.748	0.79059	0.79099			6
2026.03.16	01:28:38.249	0.79058	0.79098			6
2026.03.16	01:28:38.553	0.79059				2
2026.03.16	01:28:40.360	0.79080	0.79095			6
2026.03.16	01:28:40.656	0.79078				2
2026.03.16	01:28:41.861	0.79080				2
2026.03.16	01:28:42.463	0.79076				2
2026.03.16	01:28:52.093	0.79071				2
2026.03.16	01:28:53.605	0.79074				2
2026.03.16	01:28:53.900		0.79096			4
2026.03.16	01:28:56.011	0.79073				2
2026.03.16	01:29:00.226	0.79073				2
2026.03.16	01:29:05.325	0.79072	0.79094			6
2026.03.16	01:29:07.434		0.79097			4
2026.03.16	01:29:07.731	0.79071	0.79096			6
2026.03.16	01:29:08.035		0.79097			4
2026.03.16	01:29:08.634		0.79090			4
2026.03.16	01:29:09.535		0.79096			4
2026.03.16	01:29:10.437		0.79094			4
2026.03.16	01:29:11.038		0.79095			4
2026.03.16	01:29:11.635		0.79090			4
2026.03.16	01:29:12.236		0.79095			4
2026.03.16	01:29:13.138	0.79072	0.79096			6
2026.03.16	01:29:14.338		0.79095			4
2026.03.16	01:29:14.942		0.79094			4
2026.03.16	01:29:16.742		0.79095			4
2026.03.16	01:29:21.546		0.79094			4
2026.03.16	01:29:27.559	0.79079				2
2026.03.16	01:29:27.861	0.79072	0.79095			6
2026.03.16	01:29:29.660		0.79096			4
2026.03.16	01:29:40.473	0.79075	0.79098			6
2026.03.16	01:29:41.673	0.79074	0.79097			6
2026.03.16	01:29:50.083	0.79073	0.79094			6
2026.03.16	01:29:50.382		0.79095			4
2026.03.16	01:29:53.995	0.79071	0.79096			6
2026.03.16	01:29:54.290		0.79095			4
2026.03.16	01:29:55.190		0.79094			4
2026.03.16	01:30:00.011	0.79071				2
2026.03.16	01:30:01.510		0.79096			4
2026.03.16	01:30:01.812		0.79095			4
2026.03.16	01:30:02.112		0.79094			4
2026.03.16	01:30:03.315	0.79053	0.79098			6
2026.03.16	01:30:03.616	0.79054	0.79097			6
2026.03.16	01:30:04.518	0.79052				2
2026.03.16	01:30:05.119	0.79050	0.79094			6
2026.03.16	01:30:05.418		0.79095			4
2026.03.16	01:30:06.922	0.79070	0.79090			6
2026.03.16	01:30:07.820		0.79091			4
2026.03.16	01:30:10.218	0.79066	0.79081			6
2026.03.16	01:30:10.520	0.79065	0.79080			6
2026.03.16	01:30:10.822	0.79066	0.79081			6
2026.03.16	01:30:12.018	0.79065	0.79080			6
2026.03.16	01:30:13.822	0.79061				2
2026.03.16	01:30:14.421		0.79079			4
2026.03.16	01:30:16.528	0.79056	0.79077			6
2026.03.16	01:30:16.828	0.79057				2
2026.03.16	01:30:18.027	0.79062	0.79083			6
2026.03.16	01:30:20.427		0.79082			4
2026.03.16	01:30:20.728	0.79060	0.79080			6
2026.03.16	01:30:23.135	0.79062	0.79082			6
2026.03.16	01:30:30.636	0.79060	0.79081			6
2026.03.16	01:30:30.938		0.79080			4
2026.03.16	01:30:31.537	0.79058	0.79077			6
2026.03.16	01:30:31.838	0.79060	0.79079			6
2026.03.16	01:30:34.242		0.79080			4
2026.03.16	01:30:41.747	0.79068	0.79086			6
2026.03.16	01:30:44.760	0.79069	0.79088			6
2026.03.16	01:30:45.049		0.79087			4
2026.03.16	01:30:49.259	0.79067				2
2026.03.16	01:30:49.559	0.79065	0.79085			6
2026.03.16	01:30:50.155	0.79064	0.79083			6
2026.03.16	01:30:50.459	0.79061	0.79081			6
2026.03.16	01:30:52.260		0.79082			4
2026.03.16	01:30:54.668		0.79081			4
2026.03.16	01:30:56.169		0.79082			4
2026.03.16	01:31:00.080	0.79061				2
2026.03.16	01:31:01.887		0.79081			4
2026.03.16	01:31:02.186	0.79058	0.79077			6
2026.03.16	01:31:04.294	0.79055	0.79070			6
2026.03.16	01:31:04.597	0.79052	0.79071			6
2026.03.16	01:31:05.492		0.79072			4
2026.03.16	01:31:08.195		0.79071			4
2026.03.16	01:31:10.001		0.79072			4
2026.03.16	01:31:13.610		0.79071			4
2026.03.16	01:31:13.914	0.79044	0.79062			6
2026.03.16	01:31:17.508	0.79046				2
2026.03.16	01:31:19.609	0.79051	0.79069			6
2026.03.16	01:31:19.913	0.79052	0.79066			6
2026.03.16	01:31:20.211	0.79054				2
2026.03.16	01:31:20.513	0.79056	0.79068			6
2026.03.16	01:31:20.810	0.79054	0.79070			6
2026.03.16	01:31:23.213	0.79057				2
2026.03.16	01:31:25.320	0.79054				2
2026.03.16	01:31:28.921		0.79069			4
2026.03.16	01:31:30.126	0.79053	0.79068			6
2026.03.16	01:31:30.425	0.79052				2
2026.03.16	01:31:38.229		0.79070			4
2026.03.16	01:31:41.232	0.79053	0.79068			6
2026.03.16	01:31:41.835	0.79054	0.79069			6
2026.03.16	01:31:48.441	0.79053	0.79068			6
2026.03.16	01:31:48.740	0.79052	0.79069			6
2026.03.16	01:31:51.739	0.79053				2
2026.03.16	01:31:53.243	0.79058	0.79072			6
2026.03.16	01:31:53.545	0.79057				2
2026.03.16	01:31:54.444		0.79071			4
2026.03.16	01:31:56.849	0.79054	0.79070			6
2026.03.16	01:31:59.547	0.79063	0.79076			6
2026.03.16	01:32:00.150	0.79063				2
2026.03.16	01:32:02.248	0.79058	0.79074			6
2026.03.16	01:32:04.651	0.79059				2
2026.03.16	01:32:06.156	0.79061				2
2026.03.16	01:32:07.658	0.79062	0.79078			6
2026.03.16	01:32:07.958	0.79059	0.79075			6
2026.03.16	01:32:09.456		0.79073			4
2026.03.16	01:32:15.756		0.79070			4
2026.03.16	01:32:16.359		0.79073			4
2026.03.16	01:32:16.657		0.79070			4
2026.03.16	01:32:18.160		0.79073			4
2026.03.16	01:32:30.478	0.79057	0.79072			6
2026.03.16	01:32:31.972	0.79058				2
2026.03.16	01:32:44.889		0.79073			4
2026.03.16	01:32:45.493	0.79054	0.79068			6
2026.03.16	01:32:45.793	0.79052	0.79071			6
2026.03.16	01:32:46.098	0.79056	0.79070			6
2026.03.16	01:32:46.396	0.79055	0.79071			6
2026.03.16	01:32:46.997		0.79070			4
2026.03.16	01:32:50.301	0.79058	0.79075			6
2026.03.16	01:32:53.006	0.79061	0.79076			6
2026.03.16	01:32:55.414	0.79065	0.79081			6
2026.03.16	01:33:00.214	0.79065				2
2026.03.16	01:33:02.018	0.79067	0.79080			6
2026.03.16	01:33:10.129		0.79081			4
2026.03.16	01:33:17.936		0.79080			4
2026.03.16	01:33:20.641		0.79079			4
2026.03.16	01:33:26.351	0.79069	0.79080			6
2026.03.16	01:33:26.648	0.79068				2
2026.03.16	01:33:27.849	0.79067	0.79079			6
2026.03.16	01:33:32.048	0.79064	0.79078			6
2026.03.16	01:33:32.649	0.79062	0.79074			6
2026.03.16	01:33:33.248	0.79056	0.79070			6
2026.03.16	01:33:33.550		0.79069			4
2026.03.16	01:33:33.850		0.79071			4
2026.03.16	01:33:34.451	0.79058				2
2026.03.16	01:33:35.950		0.79073			4
2026.03.16	01:33:42.563		0.79074			4
2026.03.16	01:33:44.060	0.79061	0.79076			6
2026.03.16	01:33:44.359		0.79077			4
2026.03.16	01:33:47.663		0.79076			4
2026.03.16	01:33:49.771		0.79075			4
2026.03.16	01:33:50.077	0.79060	0.79074			6
2026.03.16	01:33:50.368		0.79075			4
2026.03.16	01:33:51.869		0.79074			4
2026.03.16	01:33:52.172		0.79075			4
2026.03.16	01:33:53.371	0.79059	0.79072			6
2026.03.16	01:33:53.671		0.79071			4
2026.03.16	01:33:54.873	0.79054	0.79069			6
2026.03.16	01:33:55.174		0.79068			4
2026.03.16	01:33:56.079	0.79053				2
2026.03.16	01:33:57.277		0.79069			4
2026.03.16	01:33:58.180		0.79068			4
2026.03.16	01:33:58.783	0.79052	0.79066			6
2026.03.16	01:34:00.280	0.79052				2
2026.03.16	01:34:00.882		0.79067			4
2026.03.16	01:34:03.585	0.79050				2
2026.03.16	01:34:05.687	0.79053				2
2026.03.16	01:34:06.588	0.79055	0.79068			6
2026.03.16	01:34:07.488	0.79053	0.79069			6
2026.03.16	01:34:07.794		0.79067			4
2026.03.16	01:34:08.088	0.79052				2
2026.03.16	01:34:08.394		0.79066			4
2026.03.16	01:34:11.094	0.79050				2
2026.03.16	01:34:11.393		0.79065			4
2026.03.16	01:34:11.699		0.79066			4
2026.03.16	01:34:12.894	0.79051	0.79067			6
2026.03.16	01:34:13.494	0.79053				2
2026.03.16	01:34:23.719	0.79054	0.79070			6
2026.03.16	01:34:24.922		0.79069			4
2026.03.16	01:34:25.821		0.79070			4
2026.03.16	01:34:29.123		0.79071			4
2026.03.16	01:34:33.932	0.79053				2
2026.03.16	01:34:34.235	0.79059	0.79072			6
2026.03.16	01:34:34.533	0.79061	0.79074			6
2026.03.16	01:34:35.434	0.79060				2
2026.03.16	01:34:36.638	0.79062	0.79076			6
2026.03.16	01:34:40.237	0.79061				2
2026.03.16	01:34:45.643	0.79059				2
2026.03.16	01:34:46.545		0.79074			4
2026.03.16	01:34:47.145	0.79060				2
2026.03.16	01:34:50.145	0.79059				2
2026.03.16	01:34:50.448	0.79060				2
2026.03.16	01:34:53.452	0.79061				2
2026.03.16	01:34:53.754		0.79075			4
2026.03.16	01:34:57.048	0.79066	0.79077			6
2026.03.16	01:34:58.551	0.79065				2
2026.03.16	01:34:59.152	0.79066				2
2026.03.16	01:35:00.055	0.79066				2
2026.03.16	01:35:00.655		0.79078			4
2026.03.16	01:35:02.159	0.79068	0.79083			6
2026.03.16	01:35:02.763	0.79067	0.79080			6
2026.03.16	01:35:16.895	0.79063	0.79078			6
2026.03.16	01:35:17.192	0.79061	0.79076			6
2026.03.16	01:35:17.489	0.79060	0.79075			6
2026.03.16	01:35:18.097	0.79063	0.79077			6
2026.03.16	01:35:26.509		0.79076			4
2026.03.16	01:35:26.812		0.79077			4
2026.03.16	01:35:28.617	0.79064	0.79080			6
2026.03.16	01:35:32.216		0.79078			4
2026.03.16	01:35:33.418	0.79065	0.79077			6
2026.03.16	01:35:34.619	0.79063	0.79074			6
2026.03.16	01:35:35.220	0.79059	0.79073			6
2026.03.16	01:35:37.922	0.79062	0.79075			6
2026.03.16	01:35:44.230		0.79076			4
2026.03.16	01:35:48.137		0.79075			4
2026.03.16	01:35:48.733		0.79076			4
2026.03.16	01:35:50.836	0.79063				2
2026.03.16	01:35:51.137		0.79075			4
2026.03.16	01:35:53.540	0.79060	0.79073			6
2026.03.16	01:35:53.841	0.79059	0.79071			6
2026.03.16	01:35:54.440		0.79070			4
2026.03.16	01:35:56.243		0.79071			4
2026.03.16	01:35:59.548	0.79064	0.79079			6
2026.03.16	01:35:59.850	0.79065				2
2026.03.16	01:36:00.145	0.79065				2
2026.03.16	01:36:00.445	0.79064	0.79078			6
2026.03.16	01:36:03.449		0.79079			4
2026.03.16	01:36:04.050		0.79077			4
2026.03.16	01:36:04.951		0.79079			4
2026.03.16	01:36:05.554		0.79078			4
2026.03.16	01:36:06.451	0.79065	0.79077			6
2026.03.16	01:36:06.751	0.79064				2
2026.03.16	01:36:07.051	0.79065				2
2026.03.16	01:36:07.956	0.79064	0.79078			6
2026.03.16	01:36:09.458	0.79065				2
2026.03.16	01:36:09.759		0.79077			4
2026.03.16	01:36:14.873	0.79059	0.79073			6
2026.03.16	01:36:15.175	0.79058	0.79072			6
2026.03.16	01:36:15.475	0.79059				2
2026.03.16	01:36:16.675	0.79058	0.79071			6
2026.03.16	01:36:16.978		0.79072			4
2026.03.16	01:36:20.576		0.79071			4
2026.03.16	01:36:21.176		0.79072			4
2026.03.16	01:36:23.582		0.79070			4
2026.03.16	01:36:23.883		0.79071			4
2026.03.16	01:36:24.186	0.79055	0.79068			6
2026.03.16	01:36:25.086	0.79056	0.79071			6
2026.03.16	01:36:25.393	0.79059	0.79072			6
2026.03.16	01:36:25.984	0.79058				2
2026.03.16	01:36:27.490	0.79057	0.79070			6
2026.03.16	01:36:27.788		0.79071			4
2026.03.16	01:36:31.095		0.79070			4
2026.03.16	01:36:33.198		0.79071			4
2026.03.16	01:36:34.096		0.79069			4
2026.03.16	01:36:35.300		0.79070			4
2026.03.16	01:36:37.710	0.79055	0.79066			6
2026.03.16	01:36:38.310	0.79054				2
2026.03.16	01:36:39.212		0.79065			4
2026.03.16	01:36:39.514		0.79066			4
2026.03.16	01:36:44.616		0.79067			4
2026.03.16	01:36:47.022		0.79071			4
2026.03.16	01:36:48.524		0.79072			4
2026.03.16	01:36:49.130	0.79057	0.79073			6
2026.03.16	01:36:49.426	0.79055	0.79072			6
2026.03.16	01:36:51.831	0.79056				2
2026.03.16	01:36:56.039	0.79058	0.79074			6
2026.03.16	01:36:56.639	0.79057	0.79072			6
2026.03.16	01:36:57.236	0.79059	0.79076			6
2026.03.16	01:36:58.137	0.79063				2
2026.03.16	01:36:58.441	0.79060				2
2026.03.16	01:36:59.339	0.79064	0.79077			6
2026.03.16	01:37:00.239	0.79064				2
2026.03.16	01:37:01.442	0.79063	0.79075			6
2026.03.16	01:37:04.146	0.79060	0.79071			6
2026.03.16	01:37:04.448	0.79055	0.79068			6
2026.03.16	01:37:04.749		0.79067			4
2026.03.16	01:37:05.653	0.79058	0.79071			6
2026.03.16	01:37:05.946	0.79059				2
2026.03.16	01:37:06.848		0.79070			4
2026.03.16	01:37:07.748	0.79058				2
2026.03.16	01:37:08.949	0.79055	0.79068			6
2026.03.16	01:37:11.053		0.79069			4
2026.03.16	01:37:11.952		0.79068			4
2026.03.16	01:37:14.661		0.79069			4
2026.03.16	01:37:15.860		0.79067			4
2026.03.16	01:37:17.664	0.79053	0.79066			6
2026.03.16	01:37:20.366	0.79052	0.79064			6
2026.03.16	01:37:22.774		0.79063			4
2026.03.16	01:37:23.080	0.79059	0.79070			6
2026.03.16	01:37:26.980	0.79055	0.79067			6
2026.03.16	01:37:27.283	0.79057	0.79068			6
2026.03.16	01:37:31.787	0.79056				2
2026.03.16	01:37:33.292	0.79057				2
2026.03.16	01:37:33.589	0.79055	0.79067			6
2026.03.16	01:37:34.190	0.79054				2
2026.03.16	01:37:34.490	0.79055				2
2026.03.16	01:37:35.393		0.79068			4
2026.03.16	01:37:36.297		0.79067			4
2026.03.16	01:37:36.898		0.79068			4
2026.03.16	01:37:37.799		0.79067			4
2026.03.16	01:37:40.203		0.79068			4
2026.03.16	01:37:43.210		0.79067			4
2026.03.16	01:37:43.511	0.79057	0.79068			6
2026.03.16	01:37:44.110	0.79054				2
2026.03.16	01:37:45.614		0.79067			4
2026.03.16	01:37:49.818	0.79055	0.79066			6
2026.03.16	01:37:50.118	0.79053				2
2026.03.16	01:37:52.520		0.79067			4
2026.03.16	01:37:57.338	0.79058	0.79071			6
2026.03.16	01:38:00.041	0.79058				2
2026.03.16	01:38:00.336	0.79061	0.79074			6
2026.03.16	01:38:01.239	0.79059	0.79073			6
2026.03.16	01:38:01.541		0.79071			4
2026.03.16	01:38:04.840	0.79058				2
2026.03.16	01:38:05.140		0.79072			4
2026.03.16	01:38:05.442	0.79059				2
2026.03.16	01:38:06.342	0.79058				2
2026.03.16	01:38:07.250	0.79063	0.79074			6
2026.03.16	01:38:08.746	0.79060	0.79071			6
2026.03.16	01:38:09.346	0.79058				2
2026.03.16	01:38:09.949	0.79059	0.79072			6
2026.03.16	01:38:10.547	0.79058				2
2026.03.16	01:38:12.054		0.79071			4
2026.03.16	01:38:13.556		0.79072			4
2026.03.16	01:38:19.568	0.79059	0.79071			6
2026.03.16	01:38:19.869	0.79058	0.79072			6
2026.03.16	01:38:22.879	0.79060				2
2026.03.16	01:38:23.178	0.79059				2
2026.03.16	01:38:25.581		0.79071			4
2026.03.16	01:38:27.085	0.79058	0.79070			6
2026.03.16	01:38:29.785		0.79071			4
2026.03.16	01:38:34.300		0.79070			4
2026.03.16	01:38:34.900		0.79069			4
2026.03.16	01:38:35.501		0.79070			4
2026.03.16	01:38:35.802		0.79069			4
2026.03.16	01:38:37.308	0.79054	0.79064			6
2026.03.16	01:38:40.318	0.79053	0.79065			6
2026.03.16	01:38:41.218	0.79054				2
2026.03.16	01:38:42.421	0.79053				2
2026.03.16	01:38:44.522		0.79064			4
2026.03.16	01:38:45.428	0.79052	0.79063			6
2026.03.16	01:38:45.727	0.79051	0.79062			6
2026.03.16	01:38:46.328	0.79052				2
2026.03.16	01:38:48.130		0.79064			4
2026.03.16	01:38:48.427	0.79053				2
2026.03.16	01:38:49.334	0.79052				2
2026.03.16	01:38:49.934	0.79053				2
2026.03.16	01:38:51.135		0.79063			4
2026.03.16	01:38:53.837		0.79064			4
2026.03.16	01:38:55.036	0.79050	0.79062			6
2026.03.16	01:38:57.136	0.79052				2
2026.03.16	01:38:57.436	0.79050				2
2026.03.16	01:38:58.337	0.79052				2
2026.03.16	01:38:58.640		0.79063			4
2026.03.16	01:38:58.938	0.79050				2
2026.03.16	01:38:59.239		0.79062			4
2026.03.16	01:38:59.539	0.79051				2
2026.03.16	01:38:59.840		0.79063			4
2026.03.16	01:39:00.141	0.79051				2
2026.03.16	01:39:00.741	0.79053	0.79064			6
2026.03.16	01:39:04.646		0.79063			4
2026.03.16	01:39:06.748		0.79064			4
2026.03.16	01:39:08.853		0.79063			4
2026.03.16	01:39:09.150		0.79064			4
2026.03.16	01:39:11.853	0.79054	0.79065			6
2026.03.16	01:39:13.651		0.79064			4
2026.03.16	01:39:26.272		0.79066			4
2026.03.16	01:39:28.974		0.79065			4
2026.03.16	01:39:34.686	0.79061	0.79072			6
2026.03.16	01:39:36.483	0.79062				2
2026.03.16	01:39:37.088	0.79059	0.79069			6
2026.03.16	01:39:37.988		0.79068			4
2026.03.16	01:39:45.497	0.79055	0.79066			6
2026.03.16	01:39:47.610	0.79057	0.79067			6
2026.03.16	01:39:52.117	0.79058	0.79070			6
2026.03.16	01:39:52.420	0.79060				2
2026.03.16	01:39:57.221	0.79062	0.79073			6
2026.03.16	01:39:57.821		0.79072			4
2026.03.16	01:39:58.121		0.79073			4
2026.03.16	01:39:59.620	0.79061	0.79072			6
2026.03.16	01:40:00.225	0.79061				2
2026.03.16	01:40:00.825	0.79059	0.79071			6
2026.03.16	01:40:01.124	0.79062	0.79072			6
2026.03.16	01:40:01.422	0.79061				2
2026.03.16	01:40:02.027	0.79059				2
2026.03.16	01:40:05.334	0.79062	0.79074			6
2026.03.16	01:40:05.632	0.79061	0.79073			6
2026.03.16	01:40:05.931	0.79059				2
2026.03.16	01:40:08.335		0.79070			4
2026.03.16	01:40:11.034		0.79071			4
2026.03.16	01:40:11.640	0.79063	0.79074			6
2026.03.16	01:40:11.937		0.79073			4
2026.03.16	01:40:12.841	0.79062				2
2026.03.16	01:40:14.641	0.79059				2
2026.03.16	01:40:15.838		0.79072			4
2026.03.16	01:40:17.344	0.79064	0.79078			6
2026.03.16	01:40:17.644	0.79066	0.79076			6
2026.03.16	01:40:18.542	0.79068	0.79077			6
2026.03.16	01:40:18.845	0.79070	0.79082			6
2026.03.16	01:40:19.749	0.79067	0.79078			6
2026.03.16	01:40:20.046	0.79068	0.79077			6
2026.03.16	01:40:20.644	0.79065				2
2026.03.16	01:40:21.245	0.79068				2
2026.03.16	01:40:21.548	0.79056	0.79071			6
2026.03.16	01:40:21.845	0.79059				2
2026.03.16	01:40:22.145	0.79058	0.79072			6
2026.03.16	01:40:22.446	0.79059				2
2026.03.16	01:40:22.744	0.79064	0.79074			6
2026.03.16	01:40:23.045		0.79077			4
2026.03.16	01:40:23.652	0.79062	0.79073			6
2026.03.16	01:40:26.050	0.79063	0.79072			6
2026.03.16	01:40:27.552	0.79055				2
2026.03.16	01:40:27.853	0.79063				2
2026.03.16	01:40:28.455	0.79056				2
2026.03.16	01:40:28.756	0.79063				2
2026.03.16	01:40:29.362	0.79062	0.79073			6
2026.03.16	01:40:29.662	0.79058	0.79077			6
2026.03.16	01:40:29.957		0.79078			4
2026.03.16	01:40:31.464	0.79067				2
2026.03.16	01:40:32.366	0.79066	0.79077			6
2026.03.16	01:40:32.660	0.79065	0.79078			6
2026.03.16	01:40:38.667	0.79066				2
2026.03.16	01:40:39.569	0.79069	0.79083			6
2026.03.16	01:40:40.176		0.79082			4
2026.03.16	01:40:42.878	0.79073	0.79085			6
2026.03.16	01:40:43.182	0.79070	0.79084			6
2026.03.16	01:40:43.479		0.79085			4
2026.03.16	01:40:49.181	0.79069	0.79084			6
2026.03.16	01:40:50.989		0.79081			4
2026.03.16	01:40:51.283		0.79082			4
2026.03.16	01:40:53.089	0.79065	0.79078			6
2026.03.16	01:40:53.388	0.79063	0.79077			6
2026.03.16	01:40:56.396	0.79064				2
2026.03.16	01:41:00.003	0.79064				2
2026.03.16	01:41:01.206	0.79063				2
2026.03.16	01:41:08.110		0.79078			4
2026.03.16	01:41:09.612		0.79077			4
2026.03.16	01:41:13.224	0.79069	0.79082			6
2026.03.16	01:41:13.524	0.79068				2
2026.03.16	01:41:14.124	0.79069	0.79081			6
2026.03.16	01:41:15.328	0.79066	0.79079			6
2026.03.16	01:41:15.627	0.79067	0.79080			6
2026.03.16	01:41:16.222	0.79065				2
2026.03.16	01:41:17.728	0.79064				2
2026.03.16	01:41:18.028	0.79065	0.79079			6
2026.03.16	01:41:20.731	0.79069	0.79082			6
2026.03.16	01:41:21.032	0.79067	0.79083			6
2026.03.16	01:41:21.332	0.79070	0.79084			6
2026.03.16	01:41:21.938	0.79069	0.79083			6
2026.03.16	01:41:22.231	0.79067	0.79081			6
2026.03.16	01:41:26.734		0.79082			4
2026.03.16	01:41:31.241	0.79068	0.79080			6
2026.03.16	01:41:31.539		0.79081			4
2026.03.16	01:41:35.147		0.79080			4
2026.03.16	01:41:36.950	0.79067				2
2026.03.16	01:41:37.250	0.79065				2
2026.03.16	01:41:38.146	0.79068	0.79081			6
2026.03.16	01:41:40.852		0.79080			4
2026.03.16	01:41:41.152		0.79081			4
2026.03.16	01:41:51.965	0.79065	0.79080			6
2026.03.16	01:41:56.176	0.79069	0.79082			6
2026.03.16	01:41:56.477	0.79070	0.79083			6
2026.03.16	01:41:57.375		0.79084			4
2026.03.16	01:41:58.578	0.79068	0.79083			6
2026.03.16	01:41:59.480	0.79069	0.79084			6
2026.03.16	01:42:00.077	0.79069				2
2026.03.16	01:42:02.178	0.79070				2
2026.03.16	01:42:08.493	0.79073	0.79085			6
2026.03.16	01:42:08.794	0.79071	0.79084			6
2026.03.16	01:42:10.293	0.79069				2
2026.03.16	01:42:10.594	0.79072	0.79085			6
2026.03.16	01:42:14.801	0.79076	0.79087			6
2026.03.16	01:42:15.102	0.79074				2
2026.03.16	01:42:15.400	0.79075				2
2026.03.16	01:42:16.001	0.79074				2
2026.03.16	01:42:16.303	0.79075				2
2026.03.16	01:42:16.601	0.79074				2
2026.03.16	01:42:19.611	0.79075				2
2026.03.16	01:42:23.515	0.79074				2
2026.03.16	01:42:23.818	0.79075				2
2026.03.16	01:42:24.417	0.79074				2
2026.03.16	01:42:26.219	0.79075				2
2026.03.16	01:42:28.325	0.79077	0.79089			6
2026.03.16	01:42:31.321	0.79078	0.79090			6
2026.03.16	01:42:34.925	0.79080				2
2026.03.16	01:42:35.226	0.79081	0.79093			6
2026.03.16	01:42:36.127		0.79092			4
2026.03.16	01:42:37.024	0.79078	0.79091			6
