<DATE>	<TIME>	<BID>	<ASK>	<LAST>	<VOLUME>	<FLAGS>
2026.05.13	00:03:30.281	0.78053	0.78144			6
2026.05.13	00:03:48.395	0.78066	0.78167			6
2026.05.13	00:03:48.695		0.78178			4
2026.05.13	00:03:48.996		0.78185			4
2026.05.13	00:03:49.297		0.78208			4
2026.05.13	00:03:49.597	0.78064	0.78193			6
2026.05.13	00:03:50.197	0.78066	0.78208			6
2026.05.13	00:03:50.498	0.78061	0.78168			6
2026.05.13	00:03:51.098	0.78063	0.78185			6
2026.05.13	00:03:51.398	0.78061	0.78162			6
2026.05.13	00:03:51.698	0.78066	0.78177			6
2026.05.13	00:03:51.998	0.78063	0.78185			6
2026.05.13	00:03:52.298	0.78066				2
2026.05.13	00:03:52.899	0.78062	0.78178			6
2026.05.13	00:03:53.199	0.78066	0.78185			6
2026.05.13	00:03:53.499	0.78063	0.78188			6
2026.05.13	00:03:53.800	0.78066	0.78175			6
2026.05.13	00:03:54.099	0.78063	0.78182			6
2026.05.13	00:03:54.401	0.78066	0.78177			6
2026.05.13	00:03:54.703	0.78064	0.78193			6
2026.05.13	00:03:55.003	0.78066	0.78178			6
2026.05.13	00:03:55.303		0.78201			4
2026.05.13	00:03:55.603	0.78063	0.78193			6
2026.05.13	00:03:55.904	0.78062	0.78178			6
2026.05.13	00:03:56.204	0.78063	0.78185			6
2026.05.13	00:03:56.505	0.78066	0.78201			6
2026.05.13	00:03:56.805	0.78063	0.78185			6
2026.05.13	00:03:57.105		0.78193			4
2026.05.13	00:03:57.405	0.78062	0.78168			6
2026.05.13	00:03:57.706	0.78066	0.78201			6
2026.05.13	00:03:58.006		0.78185			4
2026.05.13	00:03:58.306	0.78061	0.78167			6
2026.05.13	00:03:58.607	0.78066	0.78201			6
2026.05.13	00:03:58.909	0.78062	0.78178			6
2026.05.13	00:03:59.209	0.78066	0.78177			6
2026.05.13	00:03:59.511	0.78062	0.78178			6
2026.05.13	00:03:59.812	0.78063	0.78185			6
2026.05.13	00:04:00.118	0.78063	0.78193			6
2026.05.13	00:04:00.419	0.78066	0.78185			6
2026.05.13	00:04:00.719		0.78177			4
2026.05.13	00:04:01.020	0.78061	0.78167			6
2026.05.13	00:04:01.320	0.78063	0.78183			6
2026.05.13	00:04:01.621	0.78066	0.78185			6
2026.05.13	00:04:02.221	0.78063	0.78194			6
2026.05.13	00:04:02.521	0.78066	0.78201			6
2026.05.13	00:04:02.823	0.78063	0.78183			6
2026.05.13	00:04:03.124	0.78066	0.78201			6
2026.05.13	00:04:03.424		0.78185			4
2026.05.13	00:04:03.725		0.78178			4
2026.05.13	00:04:04.026		0.78201			4
2026.05.13	00:04:04.627		0.78175			4
2026.05.13	00:04:04.926	0.78063	0.78193			6
2026.05.13	00:04:05.227	0.78066	0.78175			6
2026.05.13	00:04:05.528		0.78201			4
2026.05.13	00:04:05.829	0.78062	0.78178			6
2026.05.13	00:04:06.128	0.78061	0.78163			6
2026.05.13	00:04:06.428	0.78063	0.78185			6
2026.05.13	00:04:06.728	0.78066	0.78201			6
2026.05.13	00:04:07.029		0.78185			4
2026.05.13	00:04:07.330	0.78062	0.78177			6
2026.05.13	00:04:07.630	0.78066	0.78201			6
2026.05.13	00:04:08.232	0.78063	0.78185			6
2026.05.13	00:04:08.532		0.78183			4
2026.05.13	00:04:08.832		0.78185			4
2026.05.13	00:04:09.132		0.78188			4
2026.05.13	00:04:09.433	0.78066	0.78182			6
2026.05.13	00:04:09.734		0.78170			4
2026.05.13	00:04:10.035		0.78185			4
2026.05.13	00:04:10.336		0.78201			4
2026.05.13	00:04:10.637	0.78061	0.78168			6
2026.05.13	00:04:11.239	0.78063	0.78185			6
2026.05.13	00:04:11.540	0.78066	0.78201			6
2026.05.13	00:04:11.841		0.78185			4
2026.05.13	00:04:12.143	0.78073	0.78181			6
2026.05.13	00:04:12.443	0.78075	0.78204			6
2026.05.13	00:04:12.744	0.78076	0.78172			6
2026.05.13	00:04:13.044	0.78072	0.78183			6
2026.05.13	00:04:13.347	0.78076	0.78170			6
2026.05.13	00:04:13.950	0.78071	0.78166			6
2026.05.13	00:04:14.251	0.78076	0.78204			6
2026.05.13	00:04:14.552	0.78073	0.78186			6
2026.05.13	00:04:14.855	0.78075	0.78204			6
2026.05.13	00:04:15.157		0.78184			4
2026.05.13	00:04:15.458		0.78199			4
2026.05.13	00:04:15.757		0.78207			4
2026.05.13	00:04:16.658	0.78071	0.78172			6
2026.05.13	00:04:16.960	0.78076	0.78201			6
2026.05.13	00:04:17.260		0.78186			4
2026.05.13	00:04:17.561	0.78075	0.78203			6
2026.05.13	00:04:17.862	0.78076	0.78175			6
2026.05.13	00:04:18.162	0.78075	0.78207			6
2026.05.13	00:04:18.463		0.78203			4
2026.05.13	00:04:19.063	0.78076	0.78178			6
2026.05.13	00:04:19.365		0.78202			4
2026.05.13	00:04:19.665	0.78073	0.78186			6
2026.05.13	00:04:19.965	0.78072	0.78181			6
2026.05.13	00:04:20.266	0.78060	0.78172			6
2026.05.13	00:04:20.567	0.78063	0.78175			6
2026.05.13	00:04:20.868	0.78060				2
2026.05.13	00:04:21.169		0.78178			4
2026.05.13	00:04:21.475	0.78064	0.78203			6
2026.05.13	00:04:21.775	0.78063	0.78160			6
2026.05.13	00:04:22.076	0.78060	0.78184			6
2026.05.13	00:04:22.377	0.78063	0.78170			6
2026.05.13	00:04:22.676	0.78064	0.78203			6
2026.05.13	00:04:22.977	0.78060	0.78170			6
2026.05.13	00:04:23.278		0.78178			4
2026.05.13	00:04:23.579	0.78064	0.78175			6
2026.05.13	00:04:23.883	0.78060	0.78178			6
2026.05.13	00:04:24.184		0.78186			4
2026.05.13	00:04:24.484		0.78170			4
2026.05.13	00:04:24.784		0.78175			4
2026.05.13	00:04:25.085	0.78063	0.78155			6
2026.05.13	00:04:25.384	0.78064	0.78203			6
2026.05.13	00:04:25.684	0.78063	0.78160			6
2026.05.13	00:04:25.984	0.78064	0.78175			6
2026.05.13	00:04:26.288		0.78202			4
2026.05.13	00:04:26.590	0.78060	0.78178			6
2026.05.13	00:04:26.889		0.78186			4
2026.05.13	00:04:27.190		0.78184			4
2026.05.13	00:04:27.490	0.78064				2
2026.05.13	00:04:27.792		0.78203			4
2026.05.13	00:04:28.096	0.78060	0.78186			6
2026.05.13	00:04:28.395	0.78064	0.78175			6
2026.05.13	00:04:28.697		0.78202			4
2026.05.13	00:04:28.997	0.78060	0.78189			6
2026.05.13	00:04:29.297		0.78184			4
2026.05.13	00:04:29.598		0.78207			4
2026.05.13	00:04:29.898	0.78064	0.78185			6
2026.05.13	00:04:30.199		0.78202			4
2026.05.13	00:04:30.499		0.78178			4
2026.05.13	00:04:30.799		0.78181			4
2026.05.13	00:04:31.100	0.78060	0.78170			6
2026.05.13	00:04:31.400	0.78064	0.78184			6
2026.05.13	00:04:31.699		0.78185			4
2026.05.13	00:04:32.003		0.78201			4
2026.05.13	00:04:32.303		0.78181			4
2026.05.13	00:04:32.603	0.78060	0.78201			6
2026.05.13	00:04:32.903	0.78054	0.78182			6
2026.05.13	00:04:33.204		0.78197			4
2026.05.13	00:04:33.503		0.78195			4
2026.05.13	00:04:33.805		0.78186			4
2026.05.13	00:04:34.105		0.78176			4
2026.05.13	00:04:34.405		0.78186			4
2026.05.13	00:04:35.009	0.78053	0.78171			6
2026.05.13	00:04:35.309	0.78054	0.78183			6
2026.05.13	00:04:35.609		0.78186			4
2026.05.13	00:04:35.909		0.78183			4
2026.05.13	00:04:36.215		0.78178			4
2026.05.13	00:04:36.520	0.78039	0.78199			6
2026.05.13	00:04:48.379		0.78196			4
2026.05.13	00:04:51.651	0.78027	0.78180			6
2026.05.13	00:04:55.524	0.78042	0.78184			6
2026.05.13	00:05:00.283	0.78042				2
2026.05.13	00:05:00.620	0.78032	0.78161			6
2026.05.13	00:05:32.844	0.78042	0.78152			6
2026.05.13	00:06:00.247	0.78042				2
2026.05.13	00:06:27.848	0.78037	0.78146			6
2026.05.13	00:07:00.084	0.78037				2
2026.05.13	00:07:29.308		0.78146			4
2026.05.13	00:08:00.089	0.78037				2
2026.05.13	00:08:33.570		0.78146			4
2026.05.13	00:09:09.386	0.78037				2
2026.05.13	00:09:50.129		0.78146			4
2026.05.13	00:10:00.073	0.78037				2
2026.05.13	00:10:00.374		0.78127			4
2026.05.13	00:10:03.498		0.78126			4
2026.05.13	00:10:03.798	0.78029				2
2026.05.13	00:10:22.153	0.78016	0.78153			6
2026.05.13	00:10:26.668	0.78014				2
2026.05.13	00:10:26.969	0.78011	0.78154			6
2026.05.13	00:10:28.181	0.78010	0.78153			6
2026.05.13	00:10:33.001	0.78009				2
2026.05.13	00:10:36.004	0.78008				2
2026.05.13	00:10:37.510		0.78113			4
2026.05.13	00:10:43.524		0.78114			4
2026.05.13	00:10:55.572		0.78113			4
2026.05.13	00:11:00.087	0.78008				2
2026.05.13	00:11:01.293		0.78114			4
2026.05.13	00:11:06.403		0.78113			4
2026.05.13	00:11:13.927		0.78114			4
2026.05.13	00:11:15.734		0.78113			4
2026.05.13	00:11:16.034	0.77996	0.78143			6
2026.05.13	00:11:17.135	0.78030	0.78126			6
2026.05.13	00:11:22.705	0.78038				2
2026.05.13	00:11:23.846	0.78034	0.78118			6
2026.05.13	00:11:31.383		0.78117			4
2026.05.13	00:11:45.560		0.78116			4
2026.05.13	00:12:03.289	0.78034				2
2026.05.13	00:12:07.998	0.78037				2
2026.05.13	00:12:16.979		0.78115			4
2026.05.13	00:12:38.964		0.78114			4
2026.05.13	00:13:02.999	0.78037				2
2026.05.13	00:13:13.081		0.78113			4
2026.05.13	00:13:14.538		0.78114			4
2026.05.13	00:13:16.257		0.78126			4
2026.05.13	00:14:01.523	0.78037				2
2026.05.13	00:14:23.154		0.78126			4
2026.05.13	00:15:00.005	0.78037				2
2026.05.13	00:15:05.860	0.78027	0.78116			6
2026.05.13	00:16:00.560	0.78029	0.78117			6
2026.05.13	00:16:29.579		0.78116			4
2026.05.13	00:16:44.279		0.78117			4
2026.05.13	00:16:55.080		0.78116			4
2026.05.13	00:17:01.932	0.78029				2
2026.05.13	00:17:04.805		0.78113			4
2026.05.13	00:17:44.512		0.78115			4
2026.05.13	00:18:02.879	0.78029				2
2026.05.13	00:18:04.874		0.78112			4
2026.05.13	00:18:46.029		0.78108			4
2026.05.13	00:18:46.330		0.78106			4
2026.05.13	00:19:00.780	0.78029	0.78105			6
2026.05.13	00:19:37.112		0.78100			4
2026.05.13	00:19:40.565	0.78024				2
2026.05.13	00:19:44.515		0.78103			4
2026.05.13	00:19:50.862		0.78102			4
2026.05.13	00:19:57.770		0.78101			4
2026.05.13	00:19:59.299		0.78102			4
2026.05.13	00:20:00.580	0.78024				2
2026.05.13	00:20:04.281		0.78101			4
2026.05.13	00:20:05.882		0.78100			4
2026.05.13	00:20:12.370		0.78101			4
2026.05.13	00:20:13.259		0.78099			4
2026.05.13	00:20:19.832		0.78097			4
2026.05.13	00:20:26.640		0.78099			4
2026.05.13	00:20:28.419		0.78102			4
2026.05.13	00:20:35.565	0.78022				2
2026.05.13	00:20:39.212		0.78100			4
2026.05.13	00:20:57.941		0.78099			4
2026.05.13	00:21:00.718	0.78022				2
2026.05.13	00:21:01.019		0.78100			4
2026.05.13	00:21:03.484		0.78097			4
2026.05.13	00:21:29.562		0.78098			4
2026.05.13	00:21:30.567	0.78019				2
2026.05.13	00:21:35.313		0.78097			4
2026.05.13	00:21:41.098		0.78091			4
2026.05.13	00:21:45.886		0.78087			4
2026.05.13	00:21:46.187		0.78089			4
2026.05.13	00:21:57.641		0.78087			4
2026.05.13	00:21:58.420		0.78088			4
2026.05.13	00:22:00.775	0.78019				2
2026.05.13	00:22:25.567	0.78015				2
2026.05.13	00:22:42.155		0.78083			4
2026.05.13	00:22:49.211	0.78009				2
2026.05.13	00:22:49.512		0.78082			4
2026.05.13	00:22:51.646		0.78081			4
2026.05.13	00:23:00.831	0.78009				2
2026.05.13	00:23:07.080		0.78082			4
2026.05.13	00:23:16.528		0.78081			4
2026.05.13	00:23:18.434		0.78078			4
2026.05.13	00:23:21.615		0.78075			4
2026.05.13	00:23:28.420		0.78078			4
2026.05.13	00:23:44.212	0.78007				2
2026.05.13	00:23:45.974		0.78079			4
2026.05.13	00:23:50.300		0.78080			4
2026.05.13	00:24:00.232	0.78007				2
2026.05.13	00:24:00.532		0.78079			4
2026.05.13	00:24:03.689		0.78077			4
2026.05.13	00:24:19.380		0.78076			4
2026.05.13	00:24:23.308		0.78075			4
2026.05.13	00:24:27.785	0.78000	0.78070			6
2026.05.13	00:24:28.420		0.78072			4
2026.05.13	00:24:45.183		0.78071			4
2026.05.13	00:24:50.837		0.78070			4
2026.05.13	00:24:55.968		0.78069			4
2026.05.13	00:25:00.297	0.78000				2
2026.05.13	00:25:02.587		0.78070			4
2026.05.13	00:25:18.424		0.78071			4
2026.05.13	00:25:51.646		0.78070			4
2026.05.13	00:26:01.523	0.78000				2
2026.05.13	00:26:03.430		0.78068			4
2026.05.13	00:26:13.955		0.78069			4
2026.05.13	00:26:28.419		0.78072			4
2026.05.13	00:26:33.463		0.78074			4
2026.05.13	00:26:45.454	0.78005	0.78077			6
2026.05.13	00:26:46.058		0.78079			4
2026.05.13	00:26:48.510		0.78078			4
2026.05.13	00:26:50.599		0.78077			4
2026.05.13	00:26:50.899		0.78078			4
2026.05.13	00:26:51.645		0.78079			4
2026.05.13	00:27:00.655	0.78005				2
2026.05.13	00:27:00.957		0.78078			4
2026.05.13	00:27:18.027		0.78074			4
2026.05.13	00:27:20.882		0.78076			4
2026.05.13	00:27:26.544	0.78012	0.78078			6
2026.05.13	00:27:46.198		0.78079			4
2026.05.13	00:27:50.654		0.78077			4
2026.05.13	00:28:00.115	0.78012				2
2026.05.13	00:28:29.572		0.78079			4
2026.05.13	00:28:30.713		0.78082			4
2026.05.13	00:28:31.819		0.78079			4
2026.05.13	00:28:35.863		0.78081			4
2026.05.13	00:28:50.864		0.78080			4
2026.05.13	00:29:00.767	0.78012				2
2026.05.13	00:29:05.883		0.78081			4
2026.05.13	00:29:16.281		0.78082			4
2026.05.13	00:29:16.583	0.78015				2
2026.05.13	00:29:22.080		0.78081			4
2026.05.13	00:29:23.880		0.78082			4
2026.05.13	00:29:28.680		0.78081			4
2026.05.13	00:29:47.265		0.78082			4
2026.05.13	00:29:50.344		0.78083			4
2026.05.13	00:29:53.002		0.78085			4
2026.05.13	00:29:56.103		0.78084			4
2026.05.13	00:30:00.080	0.78015				2
2026.05.13	00:30:11.283		0.78085			4
2026.05.13	00:30:11.584	0.78019				2
2026.05.13	00:30:21.179		0.78084			4
2026.05.13	00:30:29.575		0.78085			4
2026.05.13	00:30:31.081		0.78084			4
2026.05.13	00:30:44.065		0.78085			4
2026.05.13	00:30:55.346		0.78086			4
2026.05.13	00:30:56.956		0.78083			4
2026.05.13	00:31:01.093	0.78019	0.78081			6
2026.05.13	00:31:01.398		0.78063			4
2026.05.13	00:31:01.698		0.78075			4
2026.05.13	00:31:01.998		0.78077			4
2026.05.13	00:31:02.298	0.78011				2
2026.05.13	00:31:04.056		0.78082			4
2026.05.13	00:31:13.990		0.78083			4
2026.05.13	00:31:15.780		0.78082			4
2026.05.13	00:31:18.467	0.78010	0.78080			6
2026.05.13	00:31:18.768	0.78011	0.78077			6
2026.05.13	00:31:24.371		0.78078			4
2026.05.13	00:31:25.681		0.78077			4
2026.05.13	00:31:28.634	0.78040				2
2026.05.13	00:31:29.237	0.78011	0.78064			6
2026.05.13	00:31:29.538	0.78040	0.78077			6
2026.05.13	00:31:29.841	0.78011	0.78064			6
2026.05.13	00:31:30.144	0.78040	0.78077			6
2026.05.13	00:31:30.447	0.78011	0.78064			6
2026.05.13	00:31:30.748	0.78040	0.78077			6
2026.05.13	00:31:31.051	0.78011	0.78064			6
2026.05.13	00:31:31.353	0.78040	0.78078			6
2026.05.13	00:31:31.655	0.78011	0.78064			6
2026.05.13	00:31:31.957	0.78040	0.78077			6
2026.05.13	00:31:32.260	0.78011	0.78064			6
2026.05.13	00:31:32.561		0.78077			4
2026.05.13	00:31:33.998		0.78078			4
2026.05.13	00:31:35.746		0.78079			4
2026.05.13	00:31:36.997	0.78010				2
2026.05.13	00:31:37.304		0.78060			4
2026.05.13	00:31:39.180		0.78061			4
2026.05.13	00:31:40.433		0.78060			4
2026.05.13	00:31:47.279		0.78061			4
2026.05.13	00:31:48.480		0.78060			4
2026.05.13	00:31:49.317		0.78061			4
2026.05.13	00:31:52.299		0.78060			4
2026.05.13	00:31:54.181	0.78025	0.78076			6
2026.05.13	00:31:57.457	0.78026				2
2026.05.13	00:31:57.759	0.78035				2
2026.05.13	00:32:00.298	0.78035				2
2026.05.13	00:32:17.547	0.78033				2
2026.05.13	00:32:27.780	0.78035				2
2026.05.13	00:32:32.580	0.78034				2
2026.05.13	00:32:33.480	0.78035				2
2026.05.13	00:32:33.780	0.78034				2
2026.05.13	00:32:43.767	0.78036				2
2026.05.13	00:32:45.773	0.78032	0.78083			6
2026.05.13	00:32:49.954	0.78024	0.78098			6
2026.05.13	00:32:52.074	0.78027	0.78095			6
2026.05.13	00:32:52.374	0.78025	0.78097			6
2026.05.13	00:32:55.193		0.78096			4
2026.05.13	00:32:55.493	0.78046	0.78121			6
2026.05.13	00:32:55.794	0.78022	0.78146			6
2026.05.13	00:32:56.096	0.78040				2
2026.05.13	00:32:56.998	0.78045				2
2026.05.13	00:32:58.259	0.78047				2
2026.05.13	00:33:01.080	0.78047				2
2026.05.13	00:33:02.282	0.78046				2
2026.05.13	00:33:07.384	0.78041	0.78110			6
2026.05.13	00:33:10.694	0.78040	0.78105			6
2026.05.13	00:33:10.993	0.78037	0.78102			6
2026.05.13	00:33:17.550	0.78036	0.78101			6
2026.05.13	00:33:27.807	0.78037	0.78102			6
2026.05.13	00:33:29.853	0.78036	0.78101			6
2026.05.13	00:33:39.817	0.78037	0.78102			6
2026.05.13	00:33:44.550	0.78036	0.78101			6
2026.05.13	00:33:54.782	0.78037	0.78102			6
2026.05.13	00:33:59.551	0.78036	0.78101			6
2026.05.13	00:34:00.155	0.78036				2
2026.05.13	00:34:09.846	0.78037	0.78102			6
2026.05.13	00:34:14.726	0.78036	0.78101			6
2026.05.13	00:34:24.959	0.78037	0.78102			6
2026.05.13	00:35:00.181	0.78037				2
2026.05.13	00:35:27.179		0.78102			4
2026.05.13	00:36:00.370	0.78037				2
2026.05.13	00:36:19.775	0.78033	0.78098			6
2026.05.13	00:36:20.075	0.78024	0.78129			6
2026.05.13	00:36:21.032	0.78021				2
2026.05.13	00:36:21.334	0.78024				2
2026.05.13	00:36:24.493	0.78027				2
2026.05.13	00:36:25.232	0.78037	0.78101			6
2026.05.13	00:36:35.178		0.78102			4
2026.05.13	00:36:55.050		0.78101			4
2026.05.13	00:36:55.351		0.78102			4
2026.05.13	00:37:00.298	0.78037				2
2026.05.13	00:37:09.983	0.78036	0.78101			6
2026.05.13	00:37:11.585	0.78037	0.78102			6
2026.05.13	00:37:15.068	0.78036	0.78101			6
2026.05.13	00:37:15.368	0.78037				2
2026.05.13	00:37:15.670	0.78036				2
2026.05.13	00:37:15.970	0.78037				2
2026.05.13	00:37:16.269	0.78036				2
2026.05.13	00:37:20.020	0.78037	0.78102			6
2026.05.13	00:37:25.041		0.78101			4
2026.05.13	00:37:35.233		0.78102			4
2026.05.13	00:38:01.680	0.78037				2
2026.05.13	00:38:13.530	0.78023	0.78136			6
2026.05.13	00:38:14.281	0.78033	0.78102			6
2026.05.13	00:38:14.583	0.78021	0.78136			6
2026.05.13	00:38:14.883	0.78024				2
2026.05.13	00:38:17.750	0.78023				2
2026.05.13	00:38:18.793	0.78024				2
2026.05.13	00:38:19.393	0.78027	0.78122			6
2026.05.13	00:38:19.694	0.78034	0.78103			6
2026.05.13	00:38:22.844	0.78024	0.78135			6
2026.05.13	00:38:25.985	0.78023				2
2026.05.13	00:38:26.887	0.78024				2
2026.05.13	00:38:28.081	0.78023				2
2026.05.13	00:38:29.232	0.78024				2
2026.05.13	00:38:30.298	0.78023	0.78130			6
2026.05.13	00:38:33.473	0.78024				2
2026.05.13	00:38:34.533	0.78025				2
2026.05.13	00:38:35.587	0.78026				2
2026.05.13	00:38:40.145		0.78136			4
2026.05.13	00:38:45.132	0.78027	0.78135			6
2026.05.13	00:38:46.035	0.78026				2
2026.05.13	00:38:46.335	0.78027				2
2026.05.13	00:38:47.254	0.78026				2
2026.05.13	00:38:49.374	0.78027				2
2026.05.13	00:38:50.433	0.78026				2
2026.05.13	00:38:53.616	0.78027				2
2026.05.13	00:38:55.607		0.78136			4
2026.05.13	00:38:56.528	0.78040	0.78109			6
2026.05.13	00:38:56.828	0.78027	0.78136			6
2026.05.13	00:38:57.858	0.78026				2
2026.05.13	00:38:58.914	0.78027				2
2026.05.13	00:39:00.733	0.78027				2
2026.05.13	00:39:10.573	0.78028				2
2026.05.13	00:39:12.693	0.78027				2
2026.05.13	00:39:14.812	0.78028				2
2026.05.13	00:39:15.113		0.78134			4
2026.05.13	00:39:15.714	0.78027				2
2026.05.13	00:39:16.315	0.78028				2
2026.05.13	00:39:21.982	0.78036	0.78097			6
2026.05.13	00:39:22.281	0.78028	0.78134			6
2026.05.13	00:39:25.416		0.78136			4
2026.05.13	00:39:30.556	0.78029	0.78135			6
2026.05.13	00:39:33.735	0.78028				2
2026.05.13	00:39:36.018	0.78029				2
2026.05.13	00:39:37.075	0.78028	0.78127			6
2026.05.13	00:39:40.256	0.78029				2
2026.05.13	00:39:47.064		0.78136			4
2026.05.13	00:39:52.974		0.78135			4
2026.05.13	00:40:00.093	0.78029				2
2026.05.13	00:40:02.470		0.78136			4
2026.05.13	00:40:06.756	0.78030				2
2026.05.13	00:40:07.819	0.78029				2
2026.05.13	00:40:09.933	0.78030				2
2026.05.13	00:40:10.993	0.78029				2
2026.05.13	00:40:11.294	0.78026				2
2026.05.13	00:40:12.054	0.78027				2
2026.05.13	00:40:12.954	0.78026				2
2026.05.13	00:40:22.956	0.78027				2
2026.05.13	00:40:23.711	0.78026				2
2026.05.13	00:40:24.772	0.78027				2
2026.05.13	00:40:25.834	0.78026				2
2026.05.13	00:40:27.874	0.78027				2
2026.05.13	00:40:30.935	0.78026				2
2026.05.13	00:40:31.954	0.78027				2
2026.05.13	00:40:34.777	0.78026				2
2026.05.13	00:40:35.079	0.78027				2
2026.05.13	00:40:41.133	0.78028				2
2026.05.13	00:40:42.160	0.78027				2
2026.05.13	00:40:45.215	0.78028				2
2026.05.13	00:40:46.232	0.78027				2
2026.05.13	00:40:56.433	0.78028				2
2026.05.13	00:40:57.454	0.78027				2
2026.05.13	00:40:59.388	0.78026				2
2026.05.13	00:41:00.214	0.78026				2
2026.05.13	00:41:00.515	0.78027				2
2026.05.13	00:41:02.556		0.78136			4
2026.05.13	00:41:03.944	0.78028				2
2026.05.13	00:41:04.245	0.78027				2
2026.05.13	00:41:05.581	0.78026				2
2026.05.13	00:41:05.883	0.78027				2
2026.05.13	00:41:06.633	0.78028				2
2026.05.13	00:41:08.380	0.78037	0.78114			6
2026.05.13	00:41:08.683	0.78028	0.78136			6
2026.05.13	00:41:21.932		0.78135			4
2026.05.13	00:41:22.657		0.78113			4
2026.05.13	00:41:22.960		0.78135			4
2026.05.13	00:41:28.054		0.78134			4
2026.05.13	00:41:30.094	0.78026				2
2026.05.13	00:41:30.393	0.78027				2
2026.05.13	00:41:32.134		0.78136			4
2026.05.13	00:41:34.177	0.78028				2
2026.05.13	00:41:35.193	0.78029				2
2026.05.13	00:41:49.485	0.78030				2
2026.05.13	00:41:50.493	0.78029				2
2026.05.13	00:41:51.813	0.78030				2
2026.05.13	00:41:52.535	0.78032				2
2026.05.13	00:41:54.782	0.78033				2
2026.05.13	00:41:58.654	0.78032				2
2026.05.13	00:42:00.393	0.78032				2
2026.05.13	00:42:07.011		0.78135			4
2026.05.13	00:42:08.857	0.78033	0.78134			6
2026.05.13	00:42:14.857	0.78032				2
2026.05.13	00:42:15.157	0.78033				2
2026.05.13	00:42:17.267	0.78032	0.78136			6
2026.05.13	00:42:19.054	0.78033				2
2026.05.13	00:42:22.113	0.78032	0.78134			6
2026.05.13	00:42:23.132	0.78033				2
2026.05.13	00:42:24.155	0.78032				2
2026.05.13	00:42:25.178	0.78033				2
2026.05.13	00:42:30.282	0.78032				2
2026.05.13	00:42:31.294	0.78033				2
2026.05.13	00:42:32.203		0.78136			4
2026.05.13	00:42:33.333		0.78135			4
2026.05.13	00:42:34.353	0.78032	0.78136			6
2026.05.13	00:42:35.377	0.78033				2
2026.05.13	00:42:37.413	0.78032				2
2026.05.13	00:42:38.436	0.78033				2
2026.05.13	00:42:41.492	0.78032				2
2026.05.13	00:42:42.514	0.78033				2
2026.05.13	00:42:45.574		0.78135			4
2026.05.13	00:42:45.874		0.78136			4
2026.05.13	00:42:47.186	0.78032				2
2026.05.13	00:42:47.487	0.78033				2
2026.05.13	00:42:47.940		0.78135			4
2026.05.13	00:42:49.653		0.78136			4
2026.05.13	00:42:50.677		0.78135			4
2026.05.13	00:42:52.719		0.78136			4
2026.05.13	00:42:53.737		0.78135			4
2026.05.13	00:42:55.771		0.78136			4
2026.05.13	00:42:56.077		0.78135			4
2026.05.13	00:42:58.116	0.78032	0.78136			6
2026.05.13	00:42:59.564		0.78120			4
2026.05.13	00:42:59.867		0.78130			4
2026.05.13	00:43:00.202	0.78032				2
2026.05.13	00:43:01.476	0.78034				2
2026.05.13	00:43:01.776		0.78136			4
2026.05.13	00:43:09.536	0.78035				2
2026.05.13	00:43:09.836	0.78034				2
2026.05.13	00:43:12.113	0.78035				2
2026.05.13	00:43:19.274	0.78034				2
2026.05.13	00:43:23.433	0.78035				2
2026.05.13	00:43:24.454	0.78034				2
2026.05.13	00:43:26.514	0.78035				2
2026.05.13	00:43:27.537	0.78034				2
2026.05.13	00:43:29.615	0.78035				2
2026.05.13	00:43:31.376	0.78032				2
2026.05.13	00:43:32.737	0.78033				2
2026.05.13	00:43:34.773	0.78032				2
2026.05.13	00:43:35.691	0.78031				2
2026.05.13	00:43:36.326	0.78032				2
2026.05.13	00:43:38.444	0.78033				2
2026.05.13	00:43:39.691	0.78032				2
2026.05.13	00:43:39.991	0.78033				2
2026.05.13	00:43:40.648	0.78032	0.78113			6
2026.05.13	00:43:40.950	0.78033	0.78136			6
2026.05.13	00:43:44.318	0.78032				2
2026.05.13	00:43:44.618	0.78033				2
2026.05.13	00:43:51.935	0.78034				2
2026.05.13	00:43:53.196	0.78033				2
2026.05.13	00:43:54.099	0.78034				2
2026.05.13	00:43:56.255	0.78033				2
2026.05.13	00:44:00.033	0.78033				2
2026.05.13	00:44:01.353	0.78034				2
2026.05.13	00:44:02.253	0.78033	0.78134			6
2026.05.13	00:44:03.395	0.78034	0.78136			6
2026.05.13	00:44:04.413	0.78033				2
2026.05.13	00:44:04.713	0.78034				2
2026.05.13	00:44:08.493	0.78033				2
2026.05.13	00:44:10.533	0.78034				2
2026.05.13	00:44:12.286		0.78116			4
2026.05.13	00:44:12.586		0.78136			4
2026.05.13	00:44:15.634		0.78133			4
2026.05.13	00:44:16.653		0.78136			4
2026.05.13	00:44:18.628		0.78135			4
2026.05.13	00:44:19.829		0.78136			4
2026.05.13	00:44:20.431	0.78033				2
2026.05.13	00:44:25.833	0.78034	0.78135			6
2026.05.13	00:44:26.854		0.78136			4
2026.05.13	00:44:27.154	0.78033				2
2026.05.13	00:44:28.183	0.78034				2
2026.05.13	00:44:31.955	0.78033				2
2026.05.13	00:44:32.975	0.78034				2
2026.05.13	00:44:35.674	0.78033				2
2026.05.13	00:44:37.053	0.78032				2
2026.05.13	00:44:38.075	0.78033				2
2026.05.13	00:44:38.801		0.78110			4
2026.05.13	00:44:39.102	0.78032	0.78136			6
2026.05.13	00:44:39.402	0.78033				2
2026.05.13	00:44:42.151	0.78032				2
2026.05.13	00:44:45.231		0.78135			4
2026.05.13	00:44:46.256	0.78031	0.78136			6
2026.05.13	00:44:46.689	0.78032				2
2026.05.13	00:44:46.989		0.78111			4
2026.05.13	00:44:47.290	0.78033	0.78136			6
2026.05.13	00:44:48.298	0.78032				2
2026.05.13	00:44:51.779	0.78033				2
2026.05.13	00:44:52.083		0.78110			4
2026.05.13	00:44:52.383		0.78134			4
2026.05.13	00:44:54.417	0.78032	0.78136			6
2026.05.13	00:44:54.717	0.78033				2
2026.05.13	00:44:55.434	0.78032				2
2026.05.13	00:44:56.758	0.78034				2
2026.05.13	00:44:57.381	0.78032				2
2026.05.13	00:44:57.683	0.78031				2
2026.05.13	00:44:58.512	0.78032				2
2026.05.13	00:44:59.553	0.78033				2
2026.05.13	00:45:00.274	0.78033				2
2026.05.13	00:45:00.574	0.78032				2
2026.05.13	00:45:00.979	0.78034				2
2026.05.13	00:45:01.281	0.78033				2
2026.05.13	00:45:01.582	0.78032				2
2026.05.13	00:45:02.889	0.78029	0.78093			6
2026.05.13	00:45:03.489	0.78022				2
2026.05.13	00:45:03.790	0.78026	0.78092			6
2026.05.13	00:45:04.090	0.78037	0.78096			6
2026.05.13	00:45:04.390	0.78028	0.78093			6
2026.05.13	00:45:04.991	0.78035	0.78094			6
2026.05.13	00:45:05.591	0.78034	0.78093			6
2026.05.13	00:45:05.891	0.78033	0.78136			6
2026.05.13	00:45:09.076	0.78034				2
2026.05.13	00:45:09.816	0.78033				2
2026.05.13	00:45:10.834	0.78034				2
2026.05.13	00:45:12.932		0.78135			4
2026.05.13	00:45:13.894		0.78136			4
2026.05.13	00:45:14.914	0.78033				2
2026.05.13	00:45:15.933	0.78034				2
2026.05.13	00:45:16.953	0.78033				2
2026.05.13	00:45:18.994	0.78034	0.78133			6
2026.05.13	00:45:20.013		0.78135			4
2026.05.13	00:45:21.055	0.78033	0.78136			6
2026.05.13	00:45:21.779	0.78034				2
2026.05.13	00:45:22.080	0.78033				2
2026.05.13	00:45:23.132	0.78034				2
2026.05.13	00:45:25.214	0.78033				2
2026.05.13	00:45:28.315	0.78034				2
2026.05.13	00:45:28.615	0.78033				2
2026.05.13	00:45:28.920	0.78035	0.78135			6
2026.05.13	00:45:29.220	0.78034	0.78136			6
2026.05.13	00:45:30.182	0.78035	0.78134			6
2026.05.13	00:45:30.482		0.78135			4
2026.05.13	00:45:31.434	0.78034	0.78136			6
2026.05.13	00:45:32.475	0.78035	0.78135			6
2026.05.13	00:45:34.552		0.78136			4
2026.05.13	00:45:34.854		0.78135			4
2026.05.13	00:45:38.693		0.78136			4
2026.05.13	00:45:39.735	0.78036	0.78134			6
2026.05.13	00:45:40.774	0.78035	0.78135			6
2026.05.13	00:45:44.558		0.78136			4
2026.05.13	00:45:44.859	0.78036				2
2026.05.13	00:45:45.954		0.78134			4
2026.05.13	00:45:46.993	0.78035	0.78135			6
2026.05.13	00:45:47.294	0.78036	0.78134			6
2026.05.13	00:45:49.075	0.78035	0.78135			6
2026.05.13	00:45:52.194	0.78036	0.78134			6
2026.05.13	00:45:53.232	0.78035	0.78135			6
2026.05.13	00:45:53.879	0.78036				2
2026.05.13	00:45:54.182		0.78134			4
2026.05.13	00:45:57.051	0.78038				2
2026.05.13	00:45:57.354	0.78036				2
2026.05.13	00:45:59.473	0.78035	0.78135			6
2026.05.13	00:46:00.213	0.78035				2
2026.05.13	00:46:00.518		0.78134			4
2026.05.13	00:46:00.820	0.78036				2
2026.05.13	00:46:05.696	0.78035	0.78135			6
2026.05.13	00:46:06.733	0.78047	0.78105			6
2026.05.13	00:47:00.115	0.78047				2
2026.05.13	00:47:02.620	0.78028				2
2026.05.13	00:47:02.920	0.78027	0.78088			6
2026.05.13	00:47:05.624	0.78047	0.78105			6
2026.05.13	00:47:06.694	0.78045	0.78102			6
2026.05.13	00:48:04.679	0.78045				2
2026.05.13	00:48:06.465	0.78044	0.78101			6
2026.05.13	00:48:29.029	0.78046	0.78099			6
2026.05.13	00:48:31.829	0.78045	0.78097			6
2026.05.13	00:48:41.824	0.78046	0.78099			6
2026.05.13	00:48:46.718	0.78045	0.78097			6
2026.05.13	00:48:57.039	0.78046	0.78099			6
2026.05.13	00:49:00.184	0.78046				2
2026.05.13	00:49:06.467		0.78098			4
2026.05.13	00:49:06.766	0.78045	0.78097			6
2026.05.13	00:50:00.003	0.78045				2
2026.05.13	00:50:08.879		0.78097			4
2026.05.13	00:51:00.298	0.78045				2
2026.05.13	00:51:10.299		0.78097			4
2026.05.13	00:52:00.299	0.78045				2
2026.05.13	00:52:18.789		0.78097			4
2026.05.13	00:52:24.798	0.78018	0.78077			6
2026.05.13	00:52:26.654		0.78076			4
2026.05.13	00:52:27.255	0.78019	0.78075			6
2026.05.13	00:52:28.980	0.78018				2
2026.05.13	00:52:30.044	0.78020				2
2026.05.13	00:52:30.344		0.78073			4
2026.05.13	00:52:32.020	0.78019	0.78075			6
2026.05.13	00:52:34.084		0.78074			4
2026.05.13	00:52:38.880	0.78020				2
2026.05.13	00:52:42.347	0.78019				2
2026.05.13	00:52:49.317	0.78020				2
2026.05.13	00:53:00.779	0.78020				2
2026.05.13	00:53:07.379	0.78019				2
2026.05.13	00:53:18.414	0.78018				2
2026.05.13	00:53:18.716		0.78076			4
2026.05.13	00:53:20.551	0.78019				2
2026.05.13	00:53:20.851		0.78075			4
2026.05.13	00:53:28.777		0.78074			4
2026.05.13	00:53:30.459	0.78018				2
2026.05.13	00:53:30.758		0.78075			4
2026.05.13	00:53:49.283		0.78076			4
2026.05.13	00:53:59.077		0.78075			4
2026.05.13	00:54:01.718	0.78018				2
2026.05.13	00:54:09.374	0.78019				2
2026.05.13	00:54:18.180	0.78018				2
2026.05.13	00:54:20.619	0.78019				2
2026.05.13	00:54:20.919		0.78074			4
2026.05.13	00:54:30.535	0.78018				2
2026.05.13	00:54:30.839	0.78017	0.78076			6
2026.05.13	00:54:34.234	0.78018				2
2026.05.13	00:54:38.074	0.78019				2
2026.05.13	00:54:38.375	0.78016	0.78077			6
2026.05.13	00:54:40.637	0.78018				2
2026.05.13	00:54:40.938		0.78075			4
2026.05.13	00:54:44.077		0.78076			4
2026.05.13	00:54:56.925		0.78075			4
2026.05.13	00:55:03.136	0.78019				2
2026.05.13	00:55:03.438	0.78013	0.78084			6
2026.05.13	00:55:04.573		0.78083			4
2026.05.13	00:55:09.143	0.78002	0.78091			6
2026.05.13	00:55:09.445	0.78013	0.78083			6
2026.05.13	00:55:27.602		0.78084			4
2026.05.13	00:55:28.805		0.78085			4
2026.05.13	00:55:48.355		0.78084			4
2026.05.13	00:56:00.093	0.78013				2
2026.05.13	00:56:15.422		0.78085			4
2026.05.13	00:56:34.678		0.78110			4
2026.05.13	00:56:35.579		0.78084			4
2026.05.13	00:56:39.492		0.78085			4
2026.05.13	00:56:41.900		0.78084			4
2026.05.13	00:56:42.802		0.78083			4
2026.05.13	00:56:44.610		0.78082			4
2026.05.13	00:56:47.326	0.78012	0.78084			6
2026.05.13	00:56:49.422	0.78011				2
2026.05.13	00:57:00.261	0.78011				2
2026.05.13	00:57:01.766	0.78012				2
2026.05.13	00:57:03.568	0.78011				2
2026.05.13	00:57:12.901		0.78085			4
2026.05.13	00:57:22.223		0.78086			4
2026.05.13	00:57:22.524	0.78009	0.78084			6
2026.05.13	00:57:23.426		0.78085			4
2026.05.13	00:57:24.326	0.78010	0.78084			6
2026.05.13	00:57:24.927	0.78008				2
2026.05.13	00:57:25.830		0.78085			4
2026.05.13	00:57:28.235	0.78032	0.78092			6
2026.05.13	00:57:28.534	0.78031	0.78095			6
2026.05.13	00:57:28.836	0.78032	0.78096			6
2026.05.13	00:57:29.440		0.78095			4
2026.05.13	00:57:29.746	0.78026	0.78096			6
2026.05.13	00:57:31.557	0.78029	0.78093			6
2026.05.13	00:57:31.857	0.78025	0.78097			6
2026.05.13	00:57:32.759	0.78024				2
2026.05.13	00:57:33.063	0.78025				2
2026.05.13	00:57:33.665	0.78024	0.78101			6
2026.05.13	00:57:33.966	0.78018	0.78098			6
2026.05.13	00:57:34.566	0.78014	0.78097			6
2026.05.13	00:57:34.868		0.78099			4
2026.05.13	00:57:35.172		0.78097			4
2026.05.13	00:57:35.777		0.78096			4
2026.05.13	00:57:37.285		0.78097			4
2026.05.13	00:57:37.587	0.78025	0.78099			6
2026.05.13	00:57:39.093		0.78100			4
2026.05.13	00:57:39.692		0.78099			4
2026.05.13	00:57:39.991		0.78098			4
2026.05.13	00:57:40.292		0.78100			4
2026.05.13	00:57:40.594		0.78101			4
2026.05.13	00:57:41.493		0.78098			4
2026.05.13	00:57:42.094		0.78099			4
2026.05.13	00:57:42.394		0.78100			4
2026.05.13	00:57:43.604		0.78103			4
2026.05.13	00:57:43.904		0.78101			4
2026.05.13	00:57:44.806	0.78020	0.78102			6
2026.05.13	00:57:45.103		0.78104			4
2026.05.13	00:57:45.405	0.78021	0.78100			6
2026.05.13	00:57:45.708		0.78101			4
2026.05.13	00:57:46.312	0.78022				2
2026.05.13	00:57:47.512	0.78021				2
2026.05.13	00:57:47.817		0.78103			4
2026.05.13	00:57:48.721		0.78105			4
2026.05.13	00:57:49.322		0.78104			4
2026.05.13	00:57:52.627		0.78100			4
2026.05.13	00:57:53.227		0.78104			4
2026.05.13	00:57:53.528		0.78103			4
2026.05.13	00:57:54.731		0.78104			4
2026.05.13	00:57:55.331	0.78019				2
2026.05.13	00:57:56.536		0.78107			4
2026.05.13	00:57:57.745		0.78108			4
2026.05.13	00:57:58.650		0.78109			4
2026.05.13	00:57:58.955		0.78110			4
2026.05.13	00:58:00.159	0.78028	0.78108			6
2026.05.13	00:58:00.461	0.78022	0.78106			6
2026.05.13	00:58:01.365		0.78104			4
2026.05.13	00:58:02.265	0.78021	0.78100			6
2026.05.13	00:58:02.867		0.78105			4
2026.05.13	00:58:03.167		0.78099			4
2026.05.13	00:58:03.467	0.78020	0.78101			6
2026.05.13	00:58:04.671		0.78103			4
2026.05.13	00:58:04.973		0.78107			4
2026.05.13	00:58:05.574		0.78106			4
2026.05.13	00:58:05.877		0.78105			4
2026.05.13	00:58:06.475		0.78106			4
2026.05.13	00:58:06.777		0.78108			4
2026.05.13	00:58:13.395		0.78106			4
2026.05.13	00:58:13.697	0.78019	0.78108			6
2026.05.13	00:58:15.501		0.78106			4
2026.05.13	00:58:15.802		0.78111			4
2026.05.13	00:58:17.608		0.78110			4
2026.05.13	00:58:17.907		0.78109			4
2026.05.13	00:58:18.509		0.78108			4
2026.05.13	00:58:18.809		0.78102			4
2026.05.13	00:58:20.311		0.78111			4
2026.05.13	00:58:20.913		0.78112			4
2026.05.13	00:58:22.120		0.78109			4
2026.05.13	00:58:23.623		0.78110			4
2026.05.13	00:58:23.923		0.78109			4
2026.05.13	00:58:24.225		0.78110			4
2026.05.13	00:58:24.823		0.78107			4
2026.05.13	00:58:25.423		0.78112			4
2026.05.13	00:58:25.724		0.78111			4
2026.05.13	00:58:26.925		0.78110			4
2026.05.13	00:58:27.225		0.78108			4
2026.05.13	00:58:28.126	0.78018				2
2026.05.13	00:58:28.731		0.78109			4
2026.05.13	00:58:29.028		0.78108			4
2026.05.13	00:58:29.331		0.78105			4
2026.05.13	00:58:29.932		0.78107			4
2026.05.13	00:58:30.231		0.78109			4
2026.05.13	00:58:30.534		0.78108			4
2026.05.13	00:58:30.835		0.78110			4
2026.05.13	00:58:31.135		0.78106			4
2026.05.13	00:58:31.435		0.78111			4
2026.05.13	00:58:31.738		0.78110			4
2026.05.13	00:58:33.550		0.78111			4
2026.05.13	00:58:33.853		0.78104			4
2026.05.13	00:58:36.560		0.78103			4
2026.05.13	00:58:36.861		0.78108			4
2026.05.13	00:58:37.161		0.78112			4
2026.05.13	00:58:37.763		0.78110			4
2026.05.13	00:58:38.363		0.78111			4
2026.05.13	00:58:39.571		0.78110			4
2026.05.13	00:58:41.673		0.78105			4
2026.05.13	00:58:42.577		0.78102			4
2026.05.13	00:58:43.481		0.78101			4
2026.05.13	00:58:44.085		0.78102			4
2026.05.13	00:58:44.987	0.78021	0.78110			6
2026.05.13	00:58:46.493		0.78111			4
2026.05.13	00:58:46.793		0.78110			4
2026.05.13	00:58:47.095		0.78109			4
2026.05.13	00:58:47.696		0.78108			4
2026.05.13	00:58:48.299		0.78109			4
2026.05.13	00:58:48.900		0.78108			4
2026.05.13	00:58:50.702		0.78111			4
2026.05.13	00:58:51.908		0.78104			4
2026.05.13	00:58:53.711		0.78105			4
2026.05.13	00:58:54.317		0.78106			4
2026.05.13	00:58:54.615		0.78104			4
2026.05.13	00:58:54.917		0.78103			4
2026.05.13	00:58:55.217	0.78019				2
2026.05.13	00:58:55.518		0.78112			4
2026.05.13	00:58:56.721		0.78111			4
2026.05.13	00:58:57.021		0.78113			4
2026.05.13	00:58:57.321		0.78114			4
2026.05.13	00:58:57.922		0.78116			4
2026.05.13	00:58:58.225		0.78117			4
2026.05.13	00:58:59.723		0.78114			4
2026.05.13	00:59:00.022	0.78019	0.78117			6
2026.05.13	00:59:00.324		0.78115			4
2026.05.13	00:59:00.624		0.78113			4
2026.05.13	00:59:01.226		0.78109			4
2026.05.13	00:59:01.829		0.78112			4
2026.05.13	00:59:02.727		0.78113			4
2026.05.13	00:59:03.025		0.78115			4
2026.05.13	00:59:03.929		0.78114			4
2026.05.13	00:59:04.531		0.78110			4
2026.05.13	00:59:05.731		0.78107			4
2026.05.13	00:59:06.934		0.78106			4
2026.05.13	00:59:07.537		0.78111			4
2026.05.13	00:59:07.839		0.78104			4
2026.05.13	00:59:09.646		0.78103			4
2026.05.13	00:59:13.565		0.78111			4
2026.05.13	00:59:15.678		0.78113			4
2026.05.13	00:59:15.978		0.78108			4
2026.05.13	00:59:16.882		0.78107			4
2026.05.13	00:59:18.686	0.78023	0.78108			6
2026.05.13	00:59:19.888		0.78107			4
2026.05.13	00:59:22.892		0.78108			4
2026.05.13	00:59:25.897		0.78113			4
2026.05.13	00:59:26.499		0.78112			4
2026.05.13	00:59:28.900	0.78020				2
2026.05.13	00:59:33.710	0.78022				2
2026.05.13	00:59:38.827		0.78113			4
2026.05.13	00:59:43.646	0.78019				2
2026.05.13	00:59:43.949		0.78112			4
2026.05.13	00:59:44.844		0.78113			4
2026.05.13	00:59:45.147		0.78112			4
2026.05.13	00:59:47.861		0.78113			4
2026.05.13	00:59:48.765	0.78023				2
2026.05.13	00:59:49.065		0.78112			4
2026.05.13	00:59:58.999	0.78019	0.78113			6
2026.05.13	01:00:00.196	0.78017	0.78099			6
2026.05.13	01:00:00.499	0.78013	0.78103			6
2026.05.13	01:00:00.802	0.78017	0.78102			6
2026.05.13	01:00:01.104		0.78105			4
2026.05.13	01:00:01.407		0.78106			4
2026.05.13	01:00:01.705		0.78109			4
2026.05.13	01:00:02.004		0.78105			4
2026.05.13	01:00:02.303	0.78016	0.78107			6
2026.05.13	01:00:02.604		0.78108			4
2026.05.13	01:00:02.898	0.78015	0.78101			6
2026.05.13	01:00:03.205	0.78016	0.78102			6
2026.05.13	01:00:03.497	0.78005	0.78094			6
2026.05.13	01:00:04.701	0.78004	0.78096			6
2026.05.13	01:00:05.004	0.78003	0.78095			6
2026.05.13	01:00:05.304	0.78002	0.78097			6
2026.05.13	01:00:05.905	0.78037	0.78085			6
2026.05.13	01:00:06.204	0.78040	0.78105			6
2026.05.13	01:00:06.502	0.78043	0.78121			6
2026.05.13	01:00:07.405	0.78041	0.78087			6
2026.05.13	01:00:07.705		0.78090			4
2026.05.13	01:00:08.309	0.78032				2
2026.05.13	01:00:09.511		0.78089			4
2026.05.13	01:00:10.702		0.78087			4
2026.05.13	01:00:12.506	0.78028	0.78088			6
2026.05.13	01:00:16.117		0.78090			4
2026.05.13	01:00:16.412		0.78082			4
2026.05.13	01:00:16.711		0.78096			4
2026.05.13	01:00:17.311	0.78034	0.78080			6
2026.05.13	01:00:17.913	0.78035	0.78079			6
2026.05.13	01:00:19.417	0.78034	0.78080			6
2026.05.13	01:00:28.731	0.78035	0.78079			6
2026.05.13	01:00:30.836		0.78080			4
2026.05.13	01:00:33.242	0.78042				2
2026.05.13	01:00:38.349	0.78040				2
2026.05.13	01:00:38.652		0.78079			4
2026.05.13	01:00:43.161	0.78038				2
2026.05.13	01:00:46.159	0.78041	0.78083			6
2026.05.13	01:00:48.260	0.78040				2
2026.05.13	01:00:53.072	0.78039				2
2026.05.13	01:00:54.573		0.78080			4
2026.05.13	01:00:55.481	0.78040	0.78082			6
2026.05.13	01:00:58.180	0.78039				2
2026.05.13	01:00:59.681		0.78083			4
2026.05.13	01:00:59.984	0.78037	0.78081			6
2026.05.13	01:01:00.287	0.78040	0.78080			6
2026.05.13	01:01:00.885	0.78038				2
2026.05.13	01:01:08.091		0.78079			4
2026.05.13	01:01:10.498	0.78037	0.78080			6
2026.05.13	01:01:12.597	0.78038	0.78078			6
2026.05.13	01:01:13.198		0.78077			4
2026.05.13	01:01:13.501	0.78037	0.78079			6
2026.05.13	01:01:15.001		0.78078			4
2026.05.13	01:01:18.003	0.78035	0.78072			6
2026.05.13	01:01:18.604		0.78073			4
2026.05.13	01:01:19.203		0.78072			4
2026.05.13	01:01:20.106	0.78037	0.78077			6
2026.05.13	01:01:21.004		0.78075			4
2026.05.13	01:01:21.606		0.78073			4
2026.05.13	01:01:31.224		0.78075			4
2026.05.13	01:01:31.523		0.78077			4
2026.05.13	01:01:33.627	0.78038	0.78075			6
2026.05.13	01:01:50.458	0.78037	0.78072			6
2026.05.13	01:01:51.363	0.78036	0.78071			6
2026.05.13	01:01:59.779	0.78040	0.78072			6
2026.05.13	01:02:00.080	0.78040				2
2026.05.13	01:02:00.380		0.78071			4
2026.05.13	01:02:03.084		0.78065			4
2026.05.13	01:02:03.383		0.78066			4
2026.05.13	01:02:16.603		0.78063			4
2026.05.13	01:02:16.906		0.78060			4
2026.05.13	01:02:17.205		0.78063			4
2026.05.13	01:02:18.104		0.78061			4
2026.05.13	01:02:20.508		0.78058			4
2026.05.13	01:02:22.308	0.78039	0.78060			6
2026.05.13	01:02:26.514		0.78061			4
2026.05.13	01:02:26.813		0.78062			4
2026.05.13	01:02:27.116		0.78058			4
2026.05.13	01:02:42.133		0.78059			4
2026.05.13	01:02:42.735		0.78061			4
2026.05.13	01:02:43.934		0.78059			4
2026.05.13	01:02:45.436		0.78060			4
2026.05.13	01:02:46.040		0.78062			4
2026.05.13	01:02:46.337		0.78060			4
2026.05.13	01:02:48.140		0.78063			4
2026.05.13	01:02:52.050	0.78040	0.78062			6
2026.05.13	01:02:54.161		0.78065			4
2026.05.13	01:03:00.180	0.78040				2
2026.05.13	01:03:01.079		0.78063			4
2026.05.13	01:03:01.375		0.78066			4
2026.05.13	01:03:02.582		0.78063			4
2026.05.13	01:03:02.880		0.78060			4
2026.05.13	01:03:03.181		0.78063			4
2026.05.13	01:03:03.484		0.78060			4
2026.05.13	01:03:03.786		0.78063			4
2026.05.13	01:03:04.088		0.78060			4
2026.05.13	01:03:04.387		0.78067			4
2026.05.13	01:03:04.688		0.78060			4
2026.05.13	01:03:05.288		0.78067			4
2026.05.13	01:03:05.588		0.78060			4
2026.05.13	01:03:05.887		0.78067			4
2026.05.13	01:03:06.191		0.78060			4
2026.05.13	01:03:06.491		0.78066			4
2026.05.13	01:03:11.599		0.78067			4
2026.05.13	01:03:11.900		0.78066			4
2026.05.13	01:03:14.006		0.78067			4
2026.05.13	01:03:15.206	0.78038	0.78065			6
2026.05.13	01:03:17.004		0.78063			4
2026.05.13	01:03:17.307		0.78062			4
2026.05.13	01:03:18.508		0.78064			4
2026.05.13	01:03:20.006		0.78063			4
2026.05.13	01:03:21.809		0.78064			4
2026.05.13	01:03:23.612		0.78063			4
2026.05.13	01:03:23.911		0.78064			4
2026.05.13	01:03:24.214		0.78063			4
2026.05.13	01:03:24.513		0.78064			4
2026.05.13	01:03:26.316		0.78063			4
2026.05.13	01:03:27.217		0.78064			4
2026.05.13	01:03:29.915	0.78039				2
2026.05.13	01:03:32.625		0.78061			4
2026.05.13	01:03:41.335	0.78041	0.78063			6
2026.05.13	01:03:47.942		0.78064			4
2026.05.13	01:03:49.744		0.78062			4
2026.05.13	01:03:50.946	0.78042	0.78063			6
2026.05.13	01:04:00.274	0.78042				2
2026.05.13	01:04:31.820		0.78062			4
2026.05.13	01:04:47.442		0.78064			4
2026.05.13	01:04:56.466		0.78062			4
2026.05.13	01:05:00.073	0.78042				2
2026.05.13	01:05:01.875		0.78064			4
2026.05.13	01:05:03.379		0.78063			4
2026.05.13	01:05:04.285	0.78041	0.78062			6
2026.05.13	01:05:04.883		0.78063			4
2026.05.13	01:05:09.389		0.78062			4
2026.05.13	01:05:09.991		0.78061			4
2026.05.13	01:05:20.501		0.78060			4
2026.05.13	01:05:31.323		0.78064			4
2026.05.13	01:05:41.534		0.78063			4
2026.05.13	01:05:47.255		0.78062			4
2026.05.13	01:05:47.557		0.78061			4
2026.05.13	01:05:48.157		0.78060			4
2026.05.13	01:05:48.457		0.78061			4
2026.05.13	01:05:48.758		0.78060			4
2026.05.13	01:05:49.662		0.78061			4
2026.05.13	01:05:49.958		0.78060			4
2026.05.13	01:05:50.262		0.78061			4
2026.05.13	01:05:51.770		0.78063			4
2026.05.13	01:05:53.271		0.78062			4
2026.05.13	01:05:56.273		0.78063			4
2026.05.13	01:05:58.379	0.78038	0.78060			6
2026.05.13	01:05:59.882	0.78037	0.78059			6
2026.05.13	01:06:00.183	0.78037				2
2026.05.13	01:06:01.683		0.78058			4
2026.05.13	01:06:02.285		0.78057			4
2026.05.13	01:06:07.091		0.78058			4
2026.05.13	01:06:10.094		0.78057			4
2026.05.13	01:06:13.105		0.78056			4
2026.05.13	01:06:13.705		0.78058			4
2026.05.13	01:06:15.507		0.78056			4
2026.05.13	01:06:19.733		0.78055			4
2026.05.13	01:06:20.625	0.78036	0.78054			6
2026.05.13	01:06:21.227	0.78037	0.78055			6
2026.05.13	01:06:26.037		0.78056			4
2026.05.13	01:06:28.140	0.78036				2
2026.05.13	01:06:30.551	0.78037	0.78055			6
2026.05.13	01:06:31.456	0.78036	0.78056			6
2026.05.13	01:06:31.755	0.78037	0.78054			6
2026.05.13	01:06:36.564		0.78052			4
2026.05.13	01:06:36.865		0.78053			4
2026.05.13	01:06:37.165	0.78038	0.78055			6
2026.05.13	01:06:37.765		0.78057			4
2026.05.13	01:06:38.366	0.78039	0.78056			6
2026.05.13	01:06:38.667		0.78057			4
2026.05.13	01:06:39.267		0.78056			4
2026.05.13	01:06:39.568		0.78057			4
2026.05.13	01:06:40.168		0.78056			4
2026.05.13	01:06:41.679	0.78038	0.78057			6
2026.05.13	01:06:42.583		0.78055			4
2026.05.13	01:06:43.786		0.78056			4
2026.05.13	01:06:44.087		0.78055			4
2026.05.13	01:06:44.689		0.78056			4
2026.05.13	01:06:45.892		0.78055			4
2026.05.13	01:06:46.492		0.78054			4
2026.05.13	01:06:47.694		0.78055			4
2026.05.13	01:06:48.596		0.78056			4
2026.05.13	01:06:49.195	0.78039				2
2026.05.13	01:06:49.499	0.78040				2
2026.05.13	01:06:50.098		0.78057			4
2026.05.13	01:06:50.697		0.78058			4
2026.05.13	01:06:51.299		0.78057			4
2026.05.13	01:06:51.600		0.78056			4
2026.05.13	01:06:52.200		0.78057			4
2026.05.13	01:06:53.403	0.78039				2
2026.05.13	01:06:53.702		0.78059			4
2026.05.13	01:06:54.604		0.78057			4
2026.05.13	01:06:55.205		0.78059			4
2026.05.13	01:06:57.306		0.78058			4
2026.05.13	01:06:57.608		0.78056			4
2026.05.13	01:06:58.209		0.78055			4
2026.05.13	01:06:59.711		0.78054			4
2026.05.13	01:07:00.012	0.78039				2
2026.05.13	01:07:01.212	0.78042	0.78056			6
2026.05.13	01:07:05.722		0.78059			4
2026.05.13	01:07:07.224		0.78061			4
2026.05.13	01:07:08.727		0.78060			4
2026.05.13	01:07:10.528	0.78043				2
2026.05.13	01:07:11.130		0.78062			4
2026.05.13	01:07:13.232		0.78061			4
2026.05.13	01:07:14.133		0.78062			4
2026.05.13	01:07:14.737		0.78061			4
2026.05.13	01:07:15.338		0.78063			4
2026.05.13	01:07:15.638		0.78061			4
2026.05.13	01:07:18.653		0.78062			4
2026.05.13	01:07:19.254		0.78063			4
2026.05.13	01:07:21.063		0.78062			4
2026.05.13	01:07:26.471	0.78045	0.78063			6
2026.05.13	01:07:26.772		0.78059			4
2026.05.13	01:07:27.073		0.78063			4
2026.05.13	01:07:28.281		0.78064			4
2026.05.13	01:07:30.086		0.78063			4
2026.05.13	01:07:31.292		0.78064			4
2026.05.13	01:07:33.992	0.78044	0.78063			6
2026.05.13	01:07:34.292		0.78064			4
2026.05.13	01:07:37.905		0.78063			4
2026.05.13	01:07:39.407	0.78047	0.78065			6
2026.05.13	01:07:39.710		0.78064			4
2026.05.13	01:07:41.810		0.78065			4
2026.05.13	01:08:00.168	0.78047				2
2026.05.13	01:08:03.774		0.78063			4
2026.05.13	01:08:06.179		0.78062			4
2026.05.13	01:08:08.282		0.78063			4
2026.05.13	01:08:13.389	0.78046				2
2026.05.13	01:08:13.992		0.78062			4
2026.05.13	01:08:23.310		0.78063			4
2026.05.13	01:08:26.024	0.78047				2
2026.05.13	01:08:27.525		0.78064			4
2026.05.13	01:08:30.528	0.78050	0.78065			6
2026.05.13	01:08:38.658		0.78064			4
2026.05.13	01:08:48.291		0.78065			4
2026.05.13	01:08:54.304		0.78064			4
2026.05.13	01:08:59.117		0.78065			4
2026.05.13	01:08:59.418		0.78064			4
2026.05.13	01:08:59.718	0.78049				2
2026.05.13	01:09:00.023	0.78049	0.78065			6
2026.05.13	01:09:01.222	0.78050				2
2026.05.13	01:09:13.532		0.78066			4
2026.05.13	01:09:17.157	0.78054				2
2026.05.13	01:09:17.756	0.78050				2
2026.05.13	01:09:18.058	0.78054				2
2026.05.13	01:09:18.360	0.78050				2
2026.05.13	01:09:18.662	0.78054				2
2026.05.13	01:09:18.959	0.78050				2
2026.05.13	01:09:19.560		0.78065			4
2026.05.13	01:09:24.073		0.78066			4
2026.05.13	01:09:33.999		0.78065			4
2026.05.13	01:09:58.668	0.78051				2
2026.05.13	01:10:00.166	0.78051				2
2026.05.13	01:10:11.593	0.78054	0.78068			6
2026.05.13	01:10:13.993		0.78067			4
2026.05.13	01:10:18.204		0.78068			4
2026.05.13	01:10:23.014	0.78052				2
2026.05.13	01:10:35.035		0.78067			4
2026.05.13	01:10:42.557	0.78051	0.78065			6
2026.05.13	01:10:42.859	0.78052	0.78066			6
2026.05.13	01:10:50.089		0.78067			4
2026.05.13	01:10:53.996		0.78066			4
2026.05.13	01:10:59.705	0.78051				2
2026.05.13	01:11:00.005	0.78051	0.78067			6
2026.05.13	01:11:01.808		0.78066			4
2026.05.13	01:11:08.123		0.78065			4
2026.05.13	01:11:09.625		0.78066			4
2026.05.13	01:11:13.830		0.78065			4
2026.05.13	01:11:14.131	0.78050	0.78064			6
2026.05.13	01:11:42.397	0.78051				2
2026.05.13	01:11:51.409	0.78050				2
2026.05.13	01:12:00.131	0.78050				2
2026.05.13	01:12:03.743		0.78063			4
2026.05.13	01:12:08.562		0.78064			4
2026.05.13	01:13:00.000	0.78050				2
2026.05.13	01:13:08.723		0.78064			4
2026.05.13	01:13:27.074		0.78063			4
2026.05.13	01:13:29.784		0.78064			4
2026.05.13	01:13:33.391	0.78054				2
2026.05.13	01:13:33.690	0.78050				2
2026.05.13	01:13:39.102		0.78063			4
2026.05.13	01:13:42.705		0.78064			4
2026.05.13	01:14:00.155	0.78050				2
2026.05.13	01:14:01.356		0.78063			4
2026.05.13	01:14:25.112		0.78064			4
2026.05.13	01:14:37.743		0.78063			4
2026.05.13	01:14:40.150		0.78064			4
2026.05.13	01:14:42.256		0.78063			4
2026.05.13	01:14:56.393		0.78064			4
2026.05.13	01:15:00.002	0.78050				2
2026.05.13	01:15:00.606	0.78047	0.78061			6
2026.05.13	01:15:00.919	0.78042	0.78057			6
2026.05.13	01:15:01.211		0.78056			4
2026.05.13	01:15:01.812		0.78057			4
2026.05.13	01:15:02.115	0.78043				2
2026.05.13	01:15:05.410		0.78058			4
2026.05.13	01:15:06.010		0.78057			4
2026.05.13	01:15:19.839		0.78056			4
2026.05.13	01:15:20.443	0.78044	0.78059			6
2026.05.13	01:15:22.847		0.78057			4
2026.05.13	01:15:25.256		0.78058			4
2026.05.13	01:15:26.459		0.78057			4
2026.05.13	01:15:27.966	0.78045	0.78060			6
2026.05.13	01:15:28.569		0.78059			4
2026.05.13	01:15:30.071		0.78060			4
2026.05.13	01:15:32.481	0.78047				2
2026.05.13	01:15:35.192		0.78059			4
2026.05.13	01:15:40.905		0.78060			4
2026.05.13	01:15:47.818		0.78059			4
2026.05.13	01:16:00.148	0.78047				2
2026.05.13	01:16:00.749	0.78046				2
2026.05.13	01:16:01.352	0.78047	0.78060			6
2026.05.13	01:16:02.554		0.78061			4
2026.05.13	01:16:09.179		0.78062			4
2026.05.13	01:16:10.081	0.78046				2
2026.05.13	01:16:10.981	0.78047				2
2026.05.13	01:16:13.087		0.78061			4
2026.05.13	01:16:24.807		0.78062			4
2026.05.13	01:16:25.712		0.78061			4
2026.05.13	01:16:28.725		0.78060			4
2026.05.13	01:16:34.132	0.78046	0.78059			6
2026.05.13	01:16:44.361	0.78047	0.78060			6
2026.05.13	01:16:54.587	0.78046	0.78061			6
2026.05.13	01:16:54.886	0.78047	0.78060			6
2026.05.13	01:16:59.992	0.78046	0.78062			6
2026.05.13	01:17:00.295	0.78047	0.78060			6
2026.05.13	01:17:03.296		0.78061			4
2026.05.13	01:17:08.106		0.78060			4
2026.05.13	01:17:24.932	0.78046				2
2026.05.13	01:17:26.737	0.78045	0.78058			6
2026.05.13	01:17:27.937	0.78044				2
2026.05.13	01:17:29.738		0.78057			4
2026.05.13	01:17:30.340		0.78058			4
2026.05.13	01:17:30.943	0.78043	0.78057			6
2026.05.13	01:17:36.673	0.78045	0.78059			6
2026.05.13	01:17:38.479		0.78058			4
2026.05.13	01:17:40.285		0.78059			4
2026.05.13	01:17:45.395		0.78058			4
2026.05.13	01:17:45.696		0.78059			4
2026.05.13	01:17:49.604		0.78058			4
2026.05.13	01:17:58.926	0.78044	0.78057			6
2026.05.13	01:18:00.128	0.78044				2
2026.05.13	01:18:02.531	0.78045	0.78058			6
2026.05.13	01:18:04.031		0.78060			4
2026.05.13	01:18:10.363		0.78058			4
2026.05.13	01:18:12.772		0.78060			4
2026.05.13	01:18:16.085		0.78058			4
2026.05.13	01:18:17.287		0.78060			4
2026.05.13	01:18:19.994		0.78058			4
2026.05.13	01:18:26.607		0.78057			4
2026.05.13	01:18:49.750	0.78044	0.78058			6
2026.05.13	01:18:50.346	0.78045	0.78057			6
2026.05.13	01:18:52.157	0.78044	0.78060			6
2026.05.13	01:18:53.059		0.78056			4
2026.05.13	01:19:00.269	0.78044				2
2026.05.13	01:19:03.876		0.78060			4
2026.05.13	01:19:05.081		0.78056			4
2026.05.13	01:19:11.702	0.78045				2
2026.05.13	01:19:43.571		0.78057			4
2026.05.13	01:20:00.102	0.78045				2
2026.05.13	01:20:04.305		0.78056			4
2026.05.13	01:20:05.207	0.78042	0.78053			6
2026.05.13	01:20:26.565	0.78039	0.78051			6
2026.05.13	01:20:30.172		0.78050			4
2026.05.13	01:20:30.470	0.78038				2
2026.05.13	01:20:31.074		0.78049			4
2026.05.13	01:20:37.387		0.78050			4
2026.05.13	01:20:50.904		0.78051			4
2026.05.13	01:20:51.807		0.78050			4
2026.05.13	01:21:00.224	0.78038				2
2026.05.13	01:21:01.722	0.78037				2
2026.05.13	01:21:11.935		0.78049			4
2026.05.13	01:21:35.101	0.78035	0.78048			6
2026.05.13	01:21:39.902	0.78036				2
2026.05.13	01:21:41.105	0.78035				2
2026.05.13	01:21:58.847	0.78036				2
2026.05.13	01:22:00.050	0.78036				2
2026.05.13	01:22:00.350	0.78035				2
2026.05.13	01:22:00.952	0.78036				2
2026.05.13	01:22:04.570	0.78035				2
2026.05.13	01:22:23.808	0.78036				2
2026.05.13	01:22:35.231		0.78047			4
2026.05.13	01:22:46.665	0.78037	0.78048			6
2026.05.13	01:22:46.963	0.78036	0.78047			6
2026.05.13	01:22:47.868		0.78048			4
2026.05.13	01:23:00.188	0.78036				2
2026.05.13	01:23:39.277	0.78037				2
2026.05.13	01:23:39.580	0.78036				2
2026.05.13	01:23:40.779		0.78047			4
2026.05.13	01:23:47.392	0.78037				2
2026.05.13	01:23:59.110		0.78048			4
2026.05.13	01:24:00.010	0.78037				2
2026.05.13	01:24:00.611		0.78047			4
2026.05.13	01:24:03.619	0.78039	0.78051			6
2026.05.13	01:24:03.919		0.78050			4
2026.05.13	01:24:06.323	0.78036				2
2026.05.13	01:24:06.626		0.78049			4
2026.05.13	01:24:07.522		0.78050			4
2026.05.13	01:24:07.825	0.78037				2
2026.05.13	01:24:13.532	0.78039	0.78051			6
2026.05.13	01:24:15.631		0.78050			4
2026.05.13	01:24:30.382	0.78038				2
2026.05.13	01:24:32.486	0.78039				2
2026.05.13	01:24:44.506	0.78038				2
2026.05.13	01:24:48.106	0.78039				2
2026.05.13	01:25:00.125	0.78039				2
2026.05.13	01:25:00.725	0.78038				2
2026.05.13	01:25:05.536	0.78039				2
2026.05.13	01:25:11.857	0.78037				2
2026.05.13	01:25:14.569	0.78038				2
2026.05.13	01:25:15.775		0.78050			4
2026.05.13	01:25:23.288	0.78036	0.78048			6
2026.05.13	01:26:00.278	0.78036				2
2026.05.13	01:26:04.186		0.78047			4
2026.05.13	01:26:19.508	0.78035				2
2026.05.13	01:26:22.511	0.78036				2
2026.05.13	01:26:23.116	0.78039	0.78051			6
2026.05.13	01:26:26.122	0.78040				2
2026.05.13	01:26:30.927	0.78039	0.78052			6
2026.05.13	01:26:33.932		0.78050			4
2026.05.13	01:26:35.435	0.78038				2
2026.05.13	01:26:55.587	0.78039				2
2026.05.13	01:27:00.095	0.78039				2
2026.05.13	01:27:13.319	0.78038				2
2026.05.13	01:27:15.122	0.78039				2
2026.05.13	01:27:17.528	0.78038				2
2026.05.13	01:27:19.335	0.78039				2
2026.05.13	01:27:21.140	0.78038				2
2026.05.13	01:27:31.983	0.78039				2
2026.05.13	01:27:34.093		0.78050			4
2026.05.13	01:27:47.625	0.78036	0.78048			6
2026.05.13	01:27:48.530	0.78035	0.78047			6
2026.05.13	01:27:49.432	0.78032				2
2026.05.13	01:27:49.734	0.78035				2
2026.05.13	01:27:52.739		0.78048			4
2026.05.13	01:28:00.276	0.78035				2
2026.05.13	01:28:00.876		0.78047			4
2026.05.13	01:28:04.187	0.78032				2
2026.05.13	01:28:11.098	0.78031				2
2026.05.13	01:28:13.200	0.78032				2
2026.05.13	01:28:15.000	0.78031				2
2026.05.13	01:28:16.504	0.78032				2
2026.05.13	01:28:35.488	0.78031	0.78046			6
2026.05.13	01:28:58.645		0.78045			4
2026.05.13	01:29:00.152	0.78031				2
2026.05.13	01:29:00.456		0.78046			4
2026.05.13	01:29:23.907		0.78045			4
2026.05.13	01:29:25.713		0.78046			4
2026.05.13	01:29:31.127		0.78045			4
2026.05.13	01:29:50.702		0.78046			4
2026.05.13	01:29:52.207	0.78032				2
2026.05.13	01:29:54.609	0.78031				2
2026.05.13	01:29:55.508	0.78032				2
2026.05.13	01:29:58.211	0.78034	0.78045			6
2026.05.13	01:30:00.024	0.78034				2
2026.05.13	01:30:00.622	0.78032	0.78046			6
2026.05.13	01:30:02.727	0.78039	0.78042			6
2026.05.13	01:30:04.228	0.78038	0.78041			6
2026.05.13	01:30:05.737	0.78032	0.78046			6
2026.05.13	01:30:06.335	0.78034				2
2026.05.13	01:30:07.838	0.78033				2
2026.05.13	01:30:08.447	0.78032				2
2026.05.13	01:30:10.849	0.78034				2
2026.05.13	01:30:16.566	0.78032				2
2026.05.13	01:30:16.866	0.78034				2
2026.05.13	01:30:18.370	0.78033				2
2026.05.13	01:30:20.477	0.78034				2
2026.05.13	01:30:30.395	0.78031	0.78045			6
2026.05.13	01:30:33.102	0.78032				2
2026.05.13	01:30:33.403	0.78031				2
2026.05.13	01:30:41.510	0.78029	0.78043			6
2026.05.13	01:30:43.011		0.78044			4
2026.05.13	01:30:46.926	0.78027	0.78043			6
2026.05.13	01:30:52.640		0.78044			4
2026.05.13	01:30:55.342	0.78026	0.78043			6
2026.05.13	01:30:58.953	0.78028	0.78041			6
2026.05.13	01:31:00.156	0.78028	0.78042			6
2026.05.13	01:31:02.262	0.78031	0.78045			6
2026.05.13	01:31:02.864	0.78030				2
2026.05.13	01:31:04.066	0.78031				2
2026.05.13	01:31:06.176	0.78037	0.78051			6
2026.05.13	01:31:07.083	0.78040	0.78054			6
2026.05.13	01:31:07.379	0.78039				2
2026.05.13	01:31:07.986	0.78040	0.78055			6
2026.05.13	01:31:08.284	0.78039	0.78054			6
2026.05.13	01:31:08.586	0.78038	0.78051			6
2026.05.13	01:31:09.186	0.78040	0.78054			6
2026.05.13	01:31:10.089	0.78042				2
2026.05.13	01:31:10.390	0.78040				2
2026.05.13	01:31:11.291	0.78042				2
2026.05.13	01:31:11.591	0.78040				2
2026.05.13	01:31:16.404	0.78038	0.78052			6
2026.05.13	01:31:29.618	0.78037				2
2026.05.13	01:31:35.026	0.78039	0.78053			6
2026.05.13	01:31:36.525	0.78040				2
2026.05.13	01:31:36.825	0.78042	0.78054			6
2026.05.13	01:31:38.327		0.78055			4
2026.05.13	01:31:44.343		0.78054			4
2026.05.13	01:31:51.567	0.78041				2
2026.05.13	01:32:00.281	0.78041				2
2026.05.13	01:32:01.788	0.78039	0.78053			6
2026.05.13	01:32:02.392	0.78041	0.78055			6
2026.05.13	01:32:03.896	0.78044	0.78058			6
2026.05.13	01:32:45.686	0.78042	0.78057			6
2026.05.13	01:32:45.986		0.78056			4
2026.05.13	01:32:55.301	0.78040				2
2026.05.13	01:32:57.405	0.78041	0.78055			6
2026.05.13	01:33:00.114	0.78041				2
2026.05.13	01:33:02.817	0.78040				2
2026.05.13	01:33:08.229	0.78039	0.78051			6
2026.05.13	01:33:08.528	0.78035	0.78048			6
2026.05.13	01:33:34.695		0.78049			4
2026.05.13	01:33:41.309		0.78048			4
2026.05.13	01:33:43.117		0.78049			4
2026.05.13	01:34:00.278	0.78035				2
2026.05.13	01:34:04.193	0.78040	0.78050			6
2026.05.13	01:34:05.992	0.78039				2
2026.05.13	01:34:15.002	0.78040				2
2026.05.13	01:34:15.605		0.78051			4
2026.05.13	01:34:20.113	0.78042				2
2026.05.13	01:34:20.416	0.78040				2
2026.05.13	01:34:28.233	0.78039				2
2026.05.13	01:34:30.636	0.78040				2
2026.05.13	01:34:34.541	0.78039				2
2026.05.13	01:34:50.186	0.78040				2
2026.05.13	01:35:00.103	0.78040				2
2026.05.13	01:35:02.205	0.78044	0.78055			6
2026.05.13	01:35:02.506		0.78056			4
2026.05.13	01:35:05.513	0.78043				2
2026.05.13	01:35:07.314	0.78044				2
2026.05.13	01:35:08.523	0.78042	0.78055			6
2026.05.13	01:35:08.821	0.78041	0.78053			6
2026.05.13	01:35:16.935	0.78042				2
2026.05.13	01:35:55.125	0.78045				2
2026.05.13	01:35:55.425	0.78042	0.78049			6
2026.05.13	01:35:55.725	0.78045	0.78053			6
2026.05.13	01:35:56.026	0.78042	0.78049			6
2026.05.13	01:35:56.328	0.78045	0.78053			6
2026.05.13	01:35:56.628	0.78042	0.78049			6
2026.05.13	01:35:56.929	0.78045	0.78053			6
2026.05.13	01:35:57.228	0.78042	0.78049			6
2026.05.13	01:35:57.529	0.78045	0.78053			6
2026.05.13	01:35:57.830	0.78042	0.78049			6
2026.05.13	01:35:58.129	0.78045	0.78053			6
2026.05.13	01:35:58.431	0.78042	0.78049			6
2026.05.13	01:35:58.731		0.78053			4
2026.05.13	01:36:00.240	0.78042				2
2026.05.13	01:36:00.547	0.78043				2
2026.05.13	01:36:00.847	0.78042				2
2026.05.13	01:36:03.856	0.78043				2
2026.05.13	01:36:05.663	0.78042				2
2026.05.13	01:36:50.503	0.78043				2
2026.05.13	01:36:58.923		0.78053			4
2026.05.13	01:37:00.129	0.78043				2
2026.05.13	01:37:10.051	0.78041	0.78050			6
2026.05.13	01:37:12.465	0.78040				2
2026.05.13	01:37:15.174	0.78041				2
2026.05.13	01:37:16.985	0.78040				2
2026.05.13	01:37:23.295	0.78039				2
2026.05.13	01:37:25.400	0.78038				2
2026.05.13	01:37:27.502	0.78039				2
2026.05.13	01:38:00.294	0.78039				2
2026.05.13	01:38:02.703	0.78041	0.78052			6
2026.05.13	01:38:07.508	0.78042				2
2026.05.13	01:38:27.041	0.78041				2
2026.05.13	01:38:29.157	0.78042				2
2026.05.13	01:38:32.467	0.78041				2
2026.05.13	01:38:33.668	0.78042				2
2026.05.13	01:38:45.997	0.78041				2
2026.05.13	01:38:51.416	0.78042	0.78053			6
2026.05.13	01:38:58.030		0.78055			4
2026.05.13	01:38:59.231	0.78045				2
2026.05.13	01:38:59.527	0.78042	0.78052			6
2026.05.13	01:39:00.129	0.78042				2
2026.05.13	01:39:00.434	0.78045				2
2026.05.13	01:39:01.031	0.78042				2
2026.05.13	01:39:14.879	0.78041	0.78051			6
2026.05.13	01:39:17.281	0.78040	0.78050			6
2026.05.13	01:40:00.271	0.78040				2
2026.05.13	01:40:17.405		0.78050			4
2026.05.13	01:40:33.637	0.78041	0.78052			6
2026.05.13	01:40:33.942	0.78049	0.78059			6
2026.05.13	01:40:34.234	0.78045				2
2026.05.13	01:40:35.738	0.78044				2
2026.05.13	01:40:42.684	0.78046				2
2026.05.13	01:40:44.185	0.78044				2
2026.05.13	01:40:44.787	0.78045				2
2026.05.13	01:40:45.087	0.78044				2
2026.05.13	01:40:45.690	0.78043				2
2026.05.13	01:40:50.801		0.78057			4
2026.05.13	01:40:51.401	0.78044	0.78056			6
2026.05.13	01:40:52.001	0.78041	0.78054			6
2026.05.13	01:40:59.220		0.78053			4
2026.05.13	01:41:00.123	0.78041				2
2026.05.13	01:41:01.622	0.78042				2
2026.05.13	01:41:04.026	0.78041	0.78054			6
2026.05.13	01:41:05.827		0.78053			4
2026.05.13	01:41:19.067	0.78042				2
2026.05.13	01:41:21.467	0.78043	0.78054			6
2026.05.13	01:41:23.572	0.78042				2
2026.05.13	01:41:35.906	0.78043				2
2026.05.13	01:41:39.516	0.78039	0.78051			6
2026.05.13	01:41:41.015		0.78052			4
2026.05.13	01:42:00.287	0.78039				2
2026.05.13	01:42:10.200		0.78053			4
2026.05.13	01:42:22.823		0.78054			4
2026.05.13	01:42:24.325	0.78042	0.78052			6
2026.05.13	01:42:25.533	0.78039				2
2026.05.13	01:42:35.466	0.78038				2
2026.05.13	01:42:58.620	0.78037	0.78051			6
2026.05.13	01:42:58.912		0.78046			4
2026.05.13	01:43:00.118	0.78037				2
2026.05.13	01:43:01.921	0.78036	0.78047			6
2026.05.13	01:43:19.678		0.78048			4
2026.05.13	01:43:22.383	0.78035				2
2026.05.13	01:43:26.891	0.78033	0.78044			6
2026.05.13	01:43:27.193		0.78043			4
2026.05.13	01:43:29.602		0.78044			4
2026.05.13	01:43:32.001		0.78043			4
2026.05.13	01:43:35.007		0.78044			4
2026.05.13	01:43:36.805		0.78043			4
2026.05.13	01:43:38.007		0.78044			4
2026.05.13	01:43:45.231	0.78034	0.78043			6
2026.05.13	01:43:45.531	0.78033	0.78044			6
2026.05.13	01:43:49.746	0.78034	0.78043			6
2026.05.13	01:43:52.458	0.78033	0.78044			6
2026.05.13	01:44:00.283	0.78033				2
2026.05.13	01:44:06.595	0.78031	0.78041			6
2026.05.13	01:44:07.194	0.78030				2
2026.05.13	01:44:07.495		0.78040			4
2026.05.13	01:44:18.013	0.78031				2
2026.05.13	01:44:21.023	0.78030				2
2026.05.13	01:44:22.526	0.78031				2
2026.05.13	01:44:34.548		0.78041			4
2026.05.13	01:44:49.293	0.78032	0.78042			6
2026.05.13	01:44:50.494	0.78034	0.78044			6
2026.05.13	01:44:51.696	0.78035	0.78046			6
2026.05.13	01:44:54.701		0.78045			4
2026.05.13	01:45:00.112	0.78035				2
2026.05.13	01:45:01.314		0.78044			4
2026.05.13	01:45:02.214	0.78036	0.78047			6
2026.05.13	01:45:02.513		0.78046			4
2026.05.13	01:45:03.422		0.78048			4
2026.05.13	01:45:06.430		0.78046			4
2026.05.13	01:45:07.632		0.78048			4
2026.05.13	01:45:17.981		0.78047			4
2026.05.13	01:45:20.880		0.78048			4
2026.05.13	01:45:26.881		0.78047			4
2026.05.13	01:45:27.784	0.78039				2
2026.05.13	01:45:28.685	0.78036				2
2026.05.13	01:45:30.180		0.78048			4
2026.05.13	01:46:06.780	0.78036				2
2026.05.13	01:46:12.449		0.78047			4
2026.05.13	01:46:13.982	0.78035				2
2026.05.13	01:46:17.779	0.78036	0.78046			6
2026.05.13	01:46:36.079	0.78037				2
2026.05.13	01:46:38.581	0.78036				2
2026.05.13	01:46:59.047	0.78039				2
2026.05.13	01:47:00.247	0.78036				2
2026.05.13	01:47:20.879		0.78046			4
2026.05.13	01:47:42.599	0.78037				2
2026.05.13	01:47:46.381		0.78047			4
2026.05.13	01:48:05.499	0.78037				2
2026.05.13	01:48:19.979		0.78046			4
2026.05.13	01:48:23.280		0.78047			4
2026.05.13	01:48:26.580		0.78046			4
2026.05.13	01:48:28.921	0.78039				2
2026.05.13	01:48:29.222	0.78037				2
2026.05.13	01:48:29.522	0.78039				2
2026.05.13	01:48:30.123	0.78037				2
2026.05.13	01:48:30.424	0.78039				2
2026.05.13	01:48:30.724	0.78037				2
2026.05.13	01:49:02.879	0.78037				2
2026.05.13	01:49:20.580		0.78047			4
2026.05.13	01:49:23.078	0.78036				2
2026.05.13	01:49:29.280		0.78046			4
2026.05.13	01:49:31.656	0.78035	0.78048			6
2026.05.13	01:49:41.572	0.78034				2
2026.05.13	01:49:41.878		0.78044			4
2026.05.13	01:49:59.277	0.78036	0.78046			6
2026.05.13	01:50:00.091	0.78036				2
2026.05.13	01:50:02.964		0.78047			4
2026.05.13	01:50:05.741	0.78033	0.78045			6
2026.05.13	01:50:08.119		0.78044			4
2026.05.13	01:50:09.762		0.78045			4
2026.05.13	01:50:11.580	0.78034	0.78044			6
2026.05.13	01:50:12.919		0.78046			4
2026.05.13	01:50:15.781	0.78035				2
2026.05.13	01:50:19.680		0.78047			4
2026.05.13	01:50:44.039		0.78046			4
2026.05.13	01:50:57.930		0.78047			4
2026.05.13	01:51:01.526	0.78035				2
2026.05.13	01:51:03.019	0.78036	0.78046			6
2026.05.13	01:51:10.980	0.78035				2
2026.05.13	01:51:11.283		0.78047			4
2026.05.13	01:52:00.072	0.78035				2
2026.05.13	01:52:17.279		0.78047			4
2026.05.13	01:52:59.134	0.78034				2
2026.05.13	01:52:59.434		0.78046			4
2026.05.13	01:53:00.338	0.78034				2
2026.05.13	01:53:04.010	0.78033				2
2026.05.13	01:53:06.481		0.78045			4
2026.05.13	01:53:08.732		0.78046			4
2026.05.13	01:54:06.004	0.78033				2
2026.05.13	01:54:20.944		0.78046			4
2026.05.13	01:54:21.246	0.78031	0.78045			6
2026.05.13	01:54:33.519	0.78032	0.78046			6
2026.05.13	01:54:39.605		0.78045			4
2026.05.13	01:54:42.783	0.78031				2
2026.05.13	01:54:59.783	0.78033	0.78046			6
2026.05.13	01:55:00.084	0.78033				2
2026.05.13	01:55:20.147	0.78034	0.78048			6
2026.05.13	01:55:49.828	0.78036				2
2026.05.13	01:55:50.879		0.78049			4
2026.05.13	01:56:20.588	0.78036				2
2026.05.13	01:56:51.524		0.78049			4
2026.05.13	01:57:00.058	0.78036				2
2026.05.13	01:57:15.202	0.78037				2
2026.05.13	01:57:40.423	0.78038				2
2026.05.13	01:57:52.465		0.78049			4
2026.05.13	01:57:52.764	0.78036				2
2026.05.13	01:58:02.875	0.78036				2
2026.05.13	01:58:03.476	0.78037				2
2026.05.13	01:58:19.716	0.78038				2
2026.05.13	01:58:24.240	0.78037				2
2026.05.13	01:58:37.493	0.78038				2
2026.05.13	01:58:39.180		0.78050			4
2026.05.13	01:59:00.781	0.78038				2
2026.05.13	01:59:12.219	0.78039				2
2026.05.13	01:59:13.983	0.78038				2
2026.05.13	01:59:14.584	0.78039				2
2026.05.13	01:59:15.376	0.78038				2
2026.05.13	01:59:16.508	0.78039				2
2026.05.13	01:59:16.811	0.78038				2
2026.05.13	01:59:17.509	0.78039				2
2026.05.13	01:59:19.580	0.78038				2
2026.05.13	01:59:19.989	0.78039				2
2026.05.13	01:59:20.348	0.78038				2
2026.05.13	01:59:20.989	0.78039				2
2026.05.13	01:59:21.289	0.78038				2
2026.05.13	01:59:32.962		0.78049			4
2026.05.13	01:59:34.474	0.78037				2
2026.05.13	01:59:53.441		0.78046			4
2026.05.13	02:00:00.005	0.78037				2
2026.05.13	02:00:00.304	0.78038				2
2026.05.13	02:00:00.606	0.78037				2
2026.05.13	02:00:01.941	0.78036				2
2026.05.13	02:00:02.243		0.78043			4
2026.05.13	02:00:02.543	0.78035				2
2026.05.13	02:00:03.502		0.78042			4
2026.05.13	02:00:08.369	0.78034	0.78043			6
2026.05.13	02:00:11.300	0.78035				2
2026.05.13	02:00:17.786	0.78034				2
2026.05.13	02:00:20.507	0.78036	0.78045			6
2026.05.13	02:00:22.095	0.78037				2
2026.05.13	02:00:22.395	0.78036				2
2026.05.13	02:00:24.780	0.78037				2
2026.05.13	02:00:30.598		0.78047			4
2026.05.13	02:00:37.511		0.78046			4
2026.05.13	02:00:44.890		0.78047			4
2026.05.13	02:00:45.190	0.78036	0.78045			6
2026.05.13	02:00:46.680	0.78037				2
2026.05.13	02:00:46.980		0.78044			4
2026.05.13	02:00:47.280		0.78047			4
2026.05.13	02:00:51.250		0.78046			4
2026.05.13	02:00:51.553		0.78044			4
2026.05.13	02:01:02.809	0.78037				2
2026.05.13	02:01:03.680		0.78046			4
2026.05.13	02:01:03.981		0.78044			4
2026.05.13	02:01:09.035		0.78046			4
2026.05.13	02:01:09.899		0.78044			4
2026.05.13	02:01:20.073		0.78046			4
2026.05.13	02:01:21.408		0.78044			4
2026.05.13	02:01:23.082		0.78045			4
2026.05.13	02:01:27.583	0.78038	0.78046			6
2026.05.13	02:01:29.678		0.78044			4
2026.05.13	02:01:31.006	0.78037	0.78046			6
2026.05.13	02:01:31.385		0.78045			4
2026.05.13	02:01:44.270		0.78046			4
2026.05.13	02:01:49.381		0.78047			4
2026.05.13	02:01:49.681		0.78046			4
2026.05.13	02:01:59.359		0.78047			4
2026.05.13	02:01:59.660		0.78046			4
2026.05.13	02:02:08.275	0.78037	0.78048			6
2026.05.13	02:02:08.577		0.78046			4
2026.05.13	02:02:08.896		0.78048			4
2026.05.13	02:02:10.489		0.78046			4
2026.05.13	02:02:15.762	0.78036	0.78048			6
2026.05.13	02:02:16.064	0.78041	0.78042			6
2026.05.13	02:02:19.069	0.78037	0.78046			6
2026.05.13	02:02:19.760		0.78047			4
2026.05.13	02:02:20.064		0.78046			4
2026.05.13	02:02:26.839		0.78047			4
2026.05.13	02:02:27.756		0.78046			4
2026.05.13	02:02:29.739		0.78048			4
2026.05.13	02:02:30.579		0.78046			4
2026.05.13	02:02:41.754	0.78036	0.78045			6
2026.05.13	02:02:43.346	0.78034	0.78044			6
2026.05.13	02:02:44.120	0.78035				2
2026.05.13	02:02:45.385	0.78034	0.78043			6
2026.05.13	02:02:49.097	0.78037				2
2026.05.13	02:02:49.397	0.78034				2
2026.05.13	02:02:49.698	0.78037				2
2026.05.13	02:02:49.999	0.78034				2
2026.05.13	02:02:54.984	0.78035				2
2026.05.13	02:03:00.034	0.78037				2
2026.05.13	02:03:00.334	0.78035	0.78041			6
2026.05.13	02:03:00.634	0.78037				2
2026.05.13	02:03:01.839	0.78035				2
2026.05.13	02:03:03.754	0.78034	0.78042			6
2026.05.13	02:03:07.910	0.78035				2
2026.05.13	02:04:00.011	0.78035				2
2026.05.13	02:04:06.289	0.78034	0.78042			6
2026.05.13	02:04:06.588	0.78032	0.78041			6
2026.05.13	02:04:14.471		0.78039			4
2026.05.13	02:04:22.873	0.78031				2
2026.05.13	02:05:01.667	0.78031				2
2026.05.13	02:05:08.259	0.78032				2
2026.05.13	02:05:16.957		0.78039			4
2026.05.13	02:05:23.231		0.78038			4
2026.05.13	02:05:33.171		0.78039			4
2026.05.13	02:05:44.953		0.78038			4
2026.05.13	02:05:55.753		0.78039			4
2026.05.13	02:06:00.569	0.78032				2
2026.05.13	02:06:29.880	0.78031				2
2026.05.13	02:06:42.937	0.78032				2
2026.05.13	02:06:43.237		0.78038			4
2026.05.13	02:06:57.293		0.78039			4
2026.05.13	02:07:00.168	0.78032				2
2026.05.13	02:07:03.975		0.78038			4
2026.05.13	02:07:09.528		0.78039			4
2026.05.13	02:07:20.598	0.78031				2
2026.05.13	02:07:45.947	0.78029	0.78038			6
2026.05.13	02:07:55.643		0.78037			4
2026.05.13	02:08:00.169	0.78029				2
2026.05.13	02:08:04.521	0.78025	0.78034			6
2026.05.13	02:08:09.619		0.78033			4
2026.05.13	02:08:09.919	0.78026				2
2026.05.13	02:08:10.219	0.78025	0.78030			6
2026.05.13	02:08:10.519	0.78026	0.78033			6
2026.05.13	02:08:10.819	0.78025	0.78030			6
2026.05.13	02:08:11.422	0.78026	0.78033			6
2026.05.13	02:08:11.723	0.78025	0.78030			6
2026.05.13	02:08:12.023	0.78026	0.78033			6
2026.05.13	02:08:12.323	0.78025	0.78030			6
2026.05.13	02:08:12.623	0.78026	0.78033			6
2026.05.13	02:08:12.924	0.78025	0.78030			6
2026.05.13	02:08:13.224	0.78026	0.78033			6
2026.05.13	02:08:13.573	0.78025	0.78030			6
2026.05.13	02:08:13.874		0.78033			4
2026.05.13	02:08:24.897	0.78023	0.78032			6
2026.05.13	02:08:25.196	0.78024	0.78034			6
2026.05.13	02:08:26.295	0.78025				2
2026.05.13	02:08:26.596		0.78033			4
2026.05.13	02:08:48.328	0.78026				2
2026.05.13	02:08:50.719	0.78028	0.78036			6
2026.05.13	02:09:01.879	0.78028				2
2026.05.13	02:09:53.865		0.78036			4
2026.05.13	02:09:54.166	0.78029	0.78037			6
2026.05.13	02:09:57.144	0.78028	0.78036			6
2026.05.13	02:10:00.492	0.78028	0.78037			6
2026.05.13	02:10:01.343	0.78034	0.78043			6
2026.05.13	02:10:01.640	0.78037	0.78048			6
2026.05.13	02:10:11.580	0.78036				2
2026.05.13	02:10:11.884		0.78047			4
2026.05.13	02:10:48.783		0.78048			4
2026.05.13	02:10:54.046	0.78039	0.78050			6
2026.05.13	02:10:56.513		0.78047			4
2026.05.13	02:10:56.813		0.78051			4
2026.05.13	02:11:00.071	0.78039				2
2026.05.13	02:11:03.876		0.78050			4
2026.05.13	02:11:05.870		0.78051			4
2026.05.13	02:11:10.947		0.78050			4
2026.05.13	02:11:18.726		0.78048			4
2026.05.13	02:11:19.026		0.78050			4
2026.05.13	02:11:19.799	0.78037	0.78046			6
2026.05.13	02:11:24.780	0.78036				2
2026.05.13	02:11:37.809		0.78044			4
2026.05.13	02:11:45.464		0.78047			4
2026.05.13	02:12:00.283	0.78037				2
2026.05.13	02:12:07.680		0.78046			4
2026.05.13	02:12:07.980		0.78048			4
2026.05.13	02:12:08.533	0.78036				2
2026.05.13	02:12:35.110	0.78037				2
2026.05.13	02:12:35.410		0.78047			4
2026.05.13	02:12:38.272		0.78044			4
2026.05.13	02:12:44.657	0.78042	0.78052			6
2026.05.13	02:12:48.470	0.78040	0.78050			6
2026.05.13	02:13:00.182	0.78040				2
2026.05.13	02:13:30.265		0.78052			4
2026.05.13	02:13:30.865	0.78039				2
2026.05.13	02:13:31.166	0.78040	0.78051			6
2026.05.13	02:13:33.829		0.78050			4
2026.05.13	02:13:34.550		0.78051			4
2026.05.13	02:13:35.153		0.78050			4
2026.05.13	02:13:35.518		0.78051			4
2026.05.13	02:13:36.121		0.78050			4
2026.05.13	02:13:37.041		0.78051			4
2026.05.13	02:13:38.355		0.78050			4
2026.05.13	02:13:39.677		0.78051			4
2026.05.13	02:13:42.121		0.78050			4
2026.05.13	02:13:47.375		0.78051			4
2026.05.13	02:13:47.975	0.78042	0.78053			6
2026.05.13	02:13:48.276		0.78054			4
2026.05.13	02:13:48.760		0.78053			4
2026.05.13	02:13:50.176	0.78044	0.78054			6
2026.05.13	02:13:51.488	0.78043				2
2026.05.13	02:14:00.299	0.78043				2
2026.05.13	02:14:11.251	0.78044				2
2026.05.13	02:14:11.551	0.78043				2
2026.05.13	02:14:12.323	0.78044				2
2026.05.13	02:14:14.256	0.78047	0.78056			6
2026.05.13	02:14:18.077		0.78058			4
2026.05.13	02:14:18.377		0.78057			4
2026.05.13	02:14:23.777		0.78056			4
2026.05.13	02:14:24.553	0.78046				2
2026.05.13	02:14:26.694	0.78047				2
2026.05.13	02:14:28.649	0.78046				2
2026.05.13	02:14:28.951	0.78045	0.78057			6
2026.05.13	02:14:29.343		0.78056			4
2026.05.13	02:14:43.283		0.78054			4
2026.05.13	02:14:43.582	0.78043	0.78053			6
2026.05.13	02:15:00.004	0.78044				2
2026.05.13	02:15:03.583	0.78043				2
2026.05.13	02:15:13.716	0.78042				2
2026.05.13	02:15:19.119		0.78054			4
2026.05.13	02:15:27.408		0.78053			4
2026.05.13	02:15:29.219		0.78050			4
2026.05.13	02:15:29.519		0.78054			4
2026.05.13	02:15:53.881		0.78053			4
2026.05.13	02:16:05.108	0.78042				2
2026.05.13	02:16:15.749		0.78050			4
2026.05.13	02:16:16.049		0.78053			4
2026.05.13	02:16:40.944		0.78049			4
2026.05.13	02:16:41.245		0.78053			4
2026.05.13	02:16:59.888	0.78044	0.78052			6
2026.05.13	02:17:01.572	0.78044				2
2026.05.13	02:17:03.481	0.78040	0.78049			6
2026.05.13	02:17:05.076		0.78047			4
2026.05.13	02:17:05.377		0.78049			4
2026.05.13	02:17:13.202	0.78039	0.78048			6
2026.05.13	02:17:13.511		0.78047			4
2026.05.13	02:17:13.812		0.78048			4
2026.05.13	02:17:15.192		0.78047			4
2026.05.13	02:17:15.494	0.78040	0.78049			6
2026.05.13	02:17:37.598	0.78041	0.78050			6
2026.05.13	02:17:39.923		0.78049			4
2026.05.13	02:17:40.223		0.78050			4
2026.05.13	02:17:48.880	0.78040	0.78049			6
2026.05.13	02:18:00.179	0.78040				2
2026.05.13	02:18:02.893	0.78038	0.78047			6
2026.05.13	02:19:02.624	0.78038				2
2026.05.13	02:19:03.754		0.78047			4
2026.05.13	02:20:09.530	0.78038	0.78047			6
2026.05.13	02:20:15.121	0.78040	0.78049			6
2026.05.13	02:20:33.860		0.78047			4
2026.05.13	02:20:34.161		0.78049			4
2026.05.13	02:20:35.253		0.78048			4
2026.05.13	02:20:35.553		0.78049			4
2026.05.13	02:21:01.523	0.78040				2
2026.05.13	02:21:16.809	0.78041				2
2026.05.13	02:21:43.834		0.78049			4
2026.05.13	02:21:54.060		0.78050			4
2026.05.13	02:21:54.866		0.78048			4
2026.05.13	02:21:55.169		0.78050			4
2026.05.13	02:22:00.294	0.78041				2
2026.05.13	02:22:00.595	0.78043	0.78052			6
2026.05.13	02:22:07.367		0.78051			4
2026.05.13	02:22:10.315	0.78042				2
2026.05.13	02:22:31.524	0.78043				2
2026.05.13	02:22:37.453	0.78044	0.78053			6
2026.05.13	02:22:47.328		0.78052			4
2026.05.13	02:22:59.588		0.78053			4
2026.05.13	02:23:01.093	0.78044				2
2026.05.13	02:23:01.395	0.78046	0.78055			6
2026.05.13	02:23:11.524	0.78047				2
2026.05.13	02:23:15.402		0.78056			4
2026.05.13	02:24:00.632	0.78047				2
2026.05.13	02:24:15.410	0.78044	0.78054			6
2026.05.13	02:24:18.785		0.78053			4
2026.05.13	02:25:00.489	0.78044				2
2026.05.13	02:25:07.314	0.78042	0.78051			6
2026.05.13	02:25:19.715	0.78046	0.78054			6
2026.05.13	02:25:21.731	0.78045				2
2026.05.13	02:25:43.167		0.78053			4
2026.05.13	02:25:53.111		0.78054			4
2026.05.13	02:25:55.648		0.78053			4
2026.05.13	02:25:59.300		0.78054			4
2026.05.13	02:25:59.998		0.78052			4
2026.05.13	02:26:01.095	0.78045				2
2026.05.13	02:26:19.681		0.78053			4
2026.05.13	02:26:20.297	0.78046				2
2026.05.13	02:26:25.332	0.78043	0.78051			6
2026.05.13	02:26:25.633	0.78042	0.78048			6
2026.05.13	02:26:31.530		0.78050			4
2026.05.13	02:27:04.324	0.78042				2
2026.05.13	02:27:13.530		0.78049			4
2026.05.13	02:27:25.416		0.78050			4
2026.05.13	02:27:38.149		0.78049			4
2026.05.13	02:27:40.822	0.78043	0.78051			6
2026.05.13	02:28:00.323	0.78043				2
2026.05.13	02:28:00.621	0.78044	0.78052			6
2026.05.13	02:28:15.071		0.78050			4
2026.05.13	02:28:15.373		0.78052			4
2026.05.13	02:28:25.108		0.78050			4
2026.05.13	02:28:25.407		0.78052			4
2026.05.13	02:28:37.477	0.78043				2
2026.05.13	02:28:40.702	0.78042	0.78050			6
2026.05.13	02:28:41.002	0.78039	0.78047			6
2026.05.13	02:28:43.090		0.78044			4
2026.05.13	02:28:43.392	0.78041	0.78047			6
2026.05.13	02:28:43.994	0.78039	0.78044			6
2026.05.13	02:28:44.295	0.78041	0.78047			6
2026.05.13	02:28:44.897	0.78039				2
2026.05.13	02:28:45.197		0.78046			4
2026.05.13	02:28:47.830		0.78047			4
2026.05.13	02:28:50.721	0.78040	0.78048			6
2026.05.13	02:28:51.022		0.78049			4
2026.05.13	02:28:51.763	0.78041	0.78050			6
2026.05.13	02:28:54.781		0.78049			4
2026.05.13	02:29:06.814	0.78041				2
2026.05.13	02:29:37.282		0.78047			4
2026.05.13	02:29:45.858		0.78049			4
2026.05.13	02:29:51.222		0.78047			4
2026.05.13	02:29:51.524		0.78049			4
2026.05.13	02:29:56.641		0.78047			4
2026.05.13	02:29:56.944	0.78039				2
2026.05.13	02:30:01.696	0.78039				2
2026.05.13	02:30:18.255		0.78046			4
2026.05.13	02:30:20.389		0.78047			4
2026.05.13	02:30:25.710		0.78046			4
2026.05.13	02:30:32.201		0.78045			4
2026.05.13	02:30:33.544	0.78038				2
2026.05.13	02:31:01.524	0.78038				2
2026.05.13	02:31:20.579	0.78039	0.78046			6
2026.05.13	02:31:22.183		0.78047			4
2026.05.13	02:31:28.571		0.78045			4
2026.05.13	02:31:29.662		0.78046			4
2026.05.13	02:31:29.963		0.78044			4
2026.05.13	02:31:32.484		0.78045			4
2026.05.13	02:31:33.971		0.78044			4
2026.05.13	02:31:37.470		0.78046			4
2026.05.13	02:31:37.771		0.78044			4
2026.05.13	02:31:43.647	0.78038				2
2026.05.13	02:31:45.190		0.78045			4
2026.05.13	02:32:02.575	0.78038				2
2026.05.13	02:32:03.178		0.78044			4
2026.05.13	02:32:05.302	0.78039	0.78046			6
2026.05.13	02:32:05.603		0.78045			4
2026.05.13	02:32:07.086		0.78046			4
2026.05.13	02:32:07.387		0.78045			4
2026.05.13	02:32:09.303		0.78046			4
2026.05.13	02:32:09.604		0.78047			4
2026.05.13	02:32:10.426		0.78044			4
2026.05.13	02:32:15.024	0.78040				2
2026.05.13	02:32:39.276	0.78038				2
2026.05.13	02:32:54.661		0.78046			4
2026.05.13	02:32:54.962		0.78044			4
2026.05.13	02:32:55.263		0.78046			4
2026.05.13	02:32:56.038		0.78044			4
2026.05.13	02:32:56.339		0.78046			4
2026.05.13	02:33:00.069	0.78038				2
2026.05.13	02:33:08.680	0.78040				2
2026.05.13	02:33:11.187	0.78041	0.78047			6
2026.05.13	02:33:17.352		0.78048			4
2026.05.13	02:33:36.553	0.78042				2
2026.05.13	02:34:00.299	0.78042				2
2026.05.13	02:34:03.263	0.78041				2
2026.05.13	02:34:19.549		0.78048			4
2026.05.13	02:34:34.493		0.78046			4
2026.05.13	02:34:46.107		0.78048			4
2026.05.13	02:34:54.863	0.78038	0.78046			6
2026.05.13	02:34:55.958		0.78045			4
2026.05.13	02:34:56.261		0.78044			4
2026.05.13	02:34:56.561		0.78045			4
2026.05.13	02:34:58.101		0.78044			4
2026.05.13	02:35:03.733	0.78038				2
2026.05.13	02:35:08.948		0.78045			4
2026.05.13	02:35:25.525		0.78044			4
2026.05.13	02:35:30.287		0.78047			4
2026.05.13	02:35:37.992	0.78041	0.78049			6
2026.05.13	02:35:44.080	0.78042				2
2026.05.13	02:35:47.248		0.78050			4
2026.05.13	02:35:52.720		0.78047			4
2026.05.13	02:35:53.022		0.78050			4
2026.05.13	02:35:54.849	0.78041				2
2026.05.13	02:35:57.780		0.78049			4
2026.05.13	02:36:00.098	0.78041				2
2026.05.13	02:36:19.589	0.78042				2
2026.05.13	02:36:27.522		0.78050			4
2026.05.13	02:36:35.585	0.78043	0.78051			6
2026.05.13	02:36:37.277	0.78042	0.78049			6
2026.05.13	02:36:40.299	0.78043				2
2026.05.13	02:36:45.386	0.78044	0.78051			6
2026.05.13	02:36:47.178		0.78053			4
2026.05.13	02:36:55.168	0.78045	0.78054			6
2026.05.13	02:36:56.692		0.78053			4
2026.05.13	02:37:00.246	0.78046	0.78054			6
2026.05.13	02:37:01.603	0.78045	0.78052			6
2026.05.13	02:37:07.548	0.78044	0.78051			6
2026.05.13	02:37:08.358	0.78043				2
2026.05.13	02:37:08.657		0.78048			4
2026.05.13	02:37:08.957		0.78050			4
2026.05.13	02:37:17.723		0.78051			4
2026.05.13	02:37:20.535		0.78052			4
2026.05.13	02:37:25.404		0.78051			4
2026.05.13	02:37:32.737		0.78049			4
2026.05.13	02:37:35.539		0.78050			4
2026.05.13	02:38:00.241	0.78043				2
2026.05.13	02:38:02.686		0.78049			4
2026.05.13	02:38:05.379		0.78051			4
2026.05.13	02:38:12.014	0.78042	0.78050			6
2026.05.13	02:38:30.586		0.78047			4
2026.05.13	02:38:30.887		0.78051			4
2026.05.13	02:38:39.914		0.78048			4
2026.05.13	02:38:40.213		0.78050			4
2026.05.13	02:39:00.952	0.78042				2
2026.05.13	02:39:11.114		0.78051			4
2026.05.13	02:39:16.082		0.78050			4
2026.05.13	02:39:30.643	0.78041				2
2026.05.13	02:39:35.707		0.78049			4
2026.05.13	02:39:39.989		0.78050			4
2026.05.13	02:39:40.935		0.78049			4
2026.05.13	02:39:43.174		0.78050			4
2026.05.13	02:39:46.679		0.78049			4
2026.05.13	02:39:49.558		0.78050			4
2026.05.13	02:39:49.863		0.78049			4
2026.05.13	02:39:52.897		0.78050			4
2026.05.13	02:39:53.197		0.78049			4
2026.05.13	02:39:56.763		0.78048			4
2026.05.13	02:39:57.062		0.78050			4
2026.05.13	02:39:57.482		0.78049			4
2026.05.13	02:39:57.781		0.78050			4
2026.05.13	02:40:00.732	0.78041				2
2026.05.13	02:40:01.161		0.78049			4
2026.05.13	02:40:08.709		0.78050			4
2026.05.13	02:40:09.583	0.78043	0.78051			6
2026.05.13	02:40:12.944		0.78050			4
2026.05.13	02:40:17.101		0.78047			4
2026.05.13	02:40:20.308	0.78044	0.78052			6
2026.05.13	02:40:21.543	0.78045	0.78054			6
2026.05.13	02:40:23.476	0.78037	0.78046			6
2026.05.13	02:40:23.776		0.78045			4
2026.05.13	02:40:24.903	0.78040	0.78046			6
2026.05.13	02:40:27.020	0.78037	0.78045			6
2026.05.13	02:40:27.920	0.78038	0.78047			6
2026.05.13	02:40:29.072	0.78039	0.78048			6
2026.05.13	02:40:29.902		0.78046			4
2026.05.13	02:40:30.203		0.78048			4
2026.05.13	02:40:30.803	0.78040				2
2026.05.13	02:40:43.920	0.78039				2
2026.05.13	02:40:51.372		0.78047			4
2026.05.13	02:40:51.672		0.78048			4
2026.05.13	02:40:52.900		0.78047			4
2026.05.13	02:40:53.201		0.78048			4
2026.05.13	02:40:57.117		0.78047			4
2026.05.13	02:40:57.416		0.78048			4
2026.05.13	02:41:04.999	0.78039				2
2026.05.13	02:41:09.589		0.78047			4
2026.05.13	02:41:11.680	0.78035	0.78043			6
2026.05.13	02:41:12.806	0.78034				2
2026.05.13	02:41:14.592	0.78035				2
2026.05.13	02:42:00.389	0.78035				2
2026.05.13	02:42:12.626		0.78043			4
2026.05.13	02:42:12.926	0.78039	0.78048			6
2026.05.13	02:42:14.255	0.78042				2
2026.05.13	02:42:14.560	0.78039	0.78045			6
2026.05.13	02:42:14.860	0.78042	0.78048			6
2026.05.13	02:42:15.166	0.78039	0.78045			6
2026.05.13	02:42:15.469	0.78042	0.78048			6
2026.05.13	02:42:15.770	0.78039	0.78045			6
2026.05.13	02:42:16.072	0.78041	0.78048			6
2026.05.13	02:42:16.373	0.78039	0.78045			6
2026.05.13	02:42:16.674	0.78041	0.78048			6
2026.05.13	02:42:16.975	0.78039	0.78045			6
2026.05.13	02:42:17.276	0.78041	0.78048			6
2026.05.13	02:42:17.576	0.78039	0.78045			6
2026.05.13	02:42:17.876		0.78048			4
2026.05.13	02:42:25.621	0.78040				2
2026.05.13	02:42:33.392	0.78039				2
2026.05.13	02:43:01.786	0.78039				2
2026.05.13	02:43:02.085	0.78040	0.78049			6
2026.05.13	02:43:19.616	0.78043				2
2026.05.13	02:43:20.217	0.78042				2
2026.05.13	02:43:20.821	0.78040	0.78046			6
2026.05.13	02:43:21.120	0.78042	0.78049			6
2026.05.13	02:43:21.421	0.78040				2
2026.05.13	02:43:23.087		0.78047			4
2026.05.13	02:43:44.037		0.78048			4
2026.05.13	02:43:49.599	0.78041	0.78049			6
2026.05.13	02:43:49.899		0.78048			4
2026.05.13	02:43:53.430		0.78049			4
2026.05.13	02:44:03.304	0.78041				2
2026.05.13	02:44:31.679		0.78048			4
2026.05.13	02:45:00.878	0.78041				2
2026.05.13	02:45:33.750		0.78048			4
2026.05.13	02:46:00.299	0.78041				2
2026.05.13	02:46:01.605		0.78049			4
2026.05.13	02:46:01.905	0.78044	0.78048			6
2026.05.13	02:46:07.129	0.78042				2
2026.05.13	02:46:09.720	0.78041				2
2026.05.13	02:46:20.649	0.78042				2
2026.05.13	02:46:22.453	0.78043				2
2026.05.13	02:46:24.443	0.78041				2
2026.05.13	02:46:41.993	0.78043	0.78050			6
2026.05.13	02:46:46.070	0.78044				2
2026.05.13	02:47:00.106	0.78044				2
2026.05.13	02:47:10.484		0.78051			4
2026.05.13	02:47:40.429		0.78050			4
2026.05.13	02:47:43.680		0.78051			4
2026.05.13	02:47:47.375	0.78046	0.78052			6
2026.05.13	02:47:50.355	0.78044	0.78050			6
2026.05.13	02:48:00.276	0.78044	0.78051			6
2026.05.13	02:48:01.261	0.78046	0.78053			6
2026.05.13	02:48:04.100	0.78047	0.78054			6
2026.05.13	02:48:10.805	0.78046	0.78055			6
2026.05.13	02:48:18.428	0.78047				2
2026.05.13	02:48:19.331	0.78048				2
2026.05.13	02:48:27.353	0.78047				2
2026.05.13	02:48:30.629	0.78046	0.78054			6
2026.05.13	02:48:51.432		0.78053			4
2026.05.13	02:48:51.899		0.78054			4
2026.05.13	02:48:52.198	0.78045	0.78053			6
2026.05.13	02:48:57.429	0.78046	0.78054			6
2026.05.13	02:48:59.207		0.78053			4
2026.05.13	02:49:00.852	0.78046				2
2026.05.13	02:49:01.155	0.78045				2
2026.05.13	02:49:03.441		0.78052			4
2026.05.13	02:49:12.202	0.78047				2
2026.05.13	02:49:13.404	0.78045	0.78050			6
2026.05.13	02:49:14.004		0.78052			4
2026.05.13	02:49:17.505	0.78044	0.78051			6
2026.05.13	02:49:23.054		0.78050			4
2026.05.13	02:49:25.728		0.78051			4
2026.05.13	02:49:28.139		0.78050			4
2026.05.13	02:49:43.949		0.78051			4
2026.05.13	02:49:44.249	0.78045				2
2026.05.13	02:49:45.798	0.78044				2
2026.05.13	02:49:49.416	0.78047	0.78053			6
2026.05.13	02:49:49.716	0.78048	0.78054			6
2026.05.13	02:49:50.621	0.78047				2
2026.05.13	02:49:56.007	0.78048				2
2026.05.13	02:49:56.308	0.78049				2
2026.05.13	02:49:59.847	0.78048				2
2026.05.13	02:50:00.280	0.78048				2
2026.05.13	02:50:00.580	0.78050	0.78057			6
2026.05.13	02:50:00.879	0.78049				2
2026.05.13	02:50:01.703	0.78048				2
2026.05.13	02:50:03.000	0.78049	0.78056			6
2026.05.13	02:50:03.971		0.78057			4
2026.05.13	02:50:04.879		0.78056			4
2026.05.13	02:50:07.728	0.78048	0.78055			6
2026.05.13	02:50:08.328	0.78049	0.78056			6
2026.05.13	02:50:14.332	0.78045	0.78053			6
2026.05.13	02:50:18.088		0.78052			4
2026.05.13	02:50:18.388	0.78044				2
2026.05.13	02:50:23.137	0.78045				2
2026.05.13	02:50:26.178	0.78044				2
2026.05.13	02:50:36.153		0.78053			4
2026.05.13	02:50:38.721		0.78052			4
2026.05.13	02:50:39.022		0.78051			4
2026.05.13	02:50:42.503		0.78050			4
2026.05.13	02:50:43.617		0.78052			4
2026.05.13	02:50:44.291		0.78051			4
2026.05.13	02:50:45.191		0.78053			4
2026.05.13	02:50:48.379	0.78045				2
2026.05.13	02:50:48.679	0.78046	0.78052			6
2026.05.13	02:50:51.042	0.78048	0.78054			6
2026.05.13	02:51:00.336	0.78048	0.78055			6
2026.05.13	02:51:03.319	0.78047				2
2026.05.13	02:51:08.218	0.78048				2
2026.05.13	02:51:09.619	0.78047				2
2026.05.13	02:51:14.950	0.78046	0.78054			6
2026.05.13	02:51:15.554		0.78053			4
2026.05.13	02:51:20.302		0.78054			4
2026.05.13	02:51:20.916		0.78053			4
2026.05.13	02:51:22.465	0.78047	0.78054			6
2026.05.13	02:51:32.967	0.78046	0.78053			6
2026.05.13	02:51:33.267	0.78047	0.78054			6
2026.05.13	02:51:33.982	0.78046	0.78053			6
2026.05.13	02:51:46.002		0.78054			4
2026.05.13	02:51:46.305	0.78047				2
2026.05.13	02:52:00.287	0.78048				2
2026.05.13	02:52:07.277	0.78047				2
2026.05.13	02:52:11.181		0.78053			4
2026.05.13	02:52:21.302		0.78054			4
2026.05.13	02:52:24.811		0.78053			4
2026.05.13	02:52:30.596	0.78048	0.78054			6
2026.05.13	02:52:36.461	0.78047				2
2026.05.13	02:52:36.760		0.78053			4
2026.05.13	02:52:39.093		0.78054			4
2026.05.13	02:52:55.169	0.78048				2
2026.05.13	02:52:56.826	0.78047				2
2026.05.13	02:52:59.014	0.78046	0.78053			6
2026.05.13	02:52:59.890		0.78054			4
2026.05.13	02:53:01.036	0.78046				2
2026.05.13	02:53:01.937		0.78053			4
2026.05.13	02:53:17.022	0.78043	0.78050			6
2026.05.13	02:53:19.995	0.78044				2
2026.05.13	02:53:20.294		0.78049			4
2026.05.13	02:53:52.380	0.78045	0.78051			6
2026.05.13	02:53:57.779	0.78044				2
2026.05.13	02:53:59.820	0.78045	0.78052			6
2026.05.13	02:54:00.362	0.78045				2
2026.05.13	02:54:01.563		0.78053			4
2026.05.13	02:54:01.980		0.78052			4
2026.05.13	02:54:04.629	0.78047				2
2026.05.13	02:54:06.787	0.78046				2
2026.05.13	02:54:14.184	0.78047				2
2026.05.13	02:54:23.730	0.78046				2
2026.05.13	02:54:25.029	0.78049	0.78054			6
2026.05.13	02:54:25.630	0.78048	0.78055			6
2026.05.13	02:54:26.898	0.78049				2
2026.05.13	02:54:31.920	0.78052	0.78059			6
2026.05.13	02:54:42.573	0.78053				2
2026.05.13	02:54:44.383		0.78060			4
2026.05.13	02:54:45.584	0.78052				2
2026.05.13	02:54:46.484		0.78059			4
2026.05.13	02:54:58.139		0.78058			4
2026.05.13	02:55:00.080	0.78052				2
2026.05.13	02:55:26.115	0.78053				2
2026.05.13	02:55:31.187	0.78054	0.78061			6
2026.05.13	02:55:31.486	0.78056				2
2026.05.13	02:55:41.399		0.78062			4
2026.05.13	02:55:42.099		0.78061			4
2026.05.13	02:55:42.585		0.78062			4
2026.05.13	02:55:52.176	0.78055				2
2026.05.13	02:55:52.777	0.78054	0.78061			6
2026.05.13	02:55:53.077	0.78053				2
2026.05.13	02:55:59.006	0.78054				2
2026.05.13	02:56:01.608	0.78054				2
2026.05.13	02:56:05.825		0.78060			4
2026.05.13	02:56:06.860	0.78053				2
2026.05.13	02:56:09.102	0.78054				2
2026.05.13	02:56:29.099		0.78061			4
2026.05.13	02:56:29.399		0.78060			4
2026.05.13	02:56:30.196	0.78055				2
2026.05.13	02:56:37.451	0.78054				2
2026.05.13	02:56:38.139		0.78061			4
2026.05.13	02:56:39.040	0.78055				2
2026.05.13	02:56:40.502	0.78054				2
2026.05.13	02:56:43.511	0.78055				2
2026.05.13	02:56:46.139		0.78060			4
2026.05.13	02:56:52.687	0.78054				2
2026.05.13	02:57:02.441	0.78054				2
2026.05.13	02:57:38.276	0.78055				2
2026.05.13	02:57:38.576	0.78054				2
2026.05.13	02:57:38.877		0.78062			4
2026.05.13	02:57:39.596	0.78055				2
2026.05.13	02:57:48.116	0.78054				2
2026.05.13	02:58:00.194	0.78054				2
2026.05.13	02:58:12.382	0.78055				2
2026.05.13	02:58:15.077		0.78061			4
2026.05.13	02:58:18.778	0.78054				2
2026.05.13	02:58:49.718	0.78055				2
2026.05.13	02:58:50.019	0.78058	0.78064			6
2026.05.13	02:58:52.345	0.78055	0.78062			6
2026.05.13	02:58:54.372	0.78056				2
2026.05.13	02:58:55.875	0.78055				2
2026.05.13	02:59:00.801	0.78055				2
2026.05.13	02:59:05.173	0.78056				2
2026.05.13	02:59:09.484	0.78055	0.78061			6
2026.05.13	02:59:15.452		0.78062			4
2026.05.13	02:59:23.975		0.78061			4
2026.05.13	02:59:24.613		0.78062			4
2026.05.13	02:59:33.664	0.78057				2
2026.05.13	02:59:42.099	0.78056				2
2026.05.13	02:59:50.100		0.78061			4
2026.05.13	02:59:53.877		0.78063			4
2026.05.13	02:59:55.930		0.78061			4
2026.05.13	03:00:00.095	0.78056				2
2026.05.13	03:00:00.396	0.78057	0.78062			6
2026.05.13	03:00:00.694	0.78059	0.78063			6
2026.05.13	03:00:01.295	0.78058	0.78064			6
2026.05.13	03:00:01.596		0.78063			4
2026.05.13	03:00:01.895	0.78056	0.78061			6
2026.05.13	03:00:03.479	0.78054	0.78060			6
2026.05.13	03:00:05.895		0.78059			4
2026.05.13	03:00:06.195	0.78051	0.78055			6
2026.05.13	03:00:06.494		0.78057			4
2026.05.13	03:00:07.413		0.78056			4
2026.05.13	03:00:10.020	0.78052	0.78057			6
2026.05.13	03:00:11.544		0.78056			4
2026.05.13	03:00:11.845	0.78051				2
2026.05.13	03:00:15.109	0.78052	0.78057			6
2026.05.13	03:00:20.584	0.78051	0.78055			6
2026.05.13	03:00:22.459	0.78050				2
2026.05.13	03:00:24.351	0.78052	0.78057			6
2026.05.13	03:00:24.948		0.78056			4
2026.05.13	03:00:25.472	0.78051				2
2026.05.13	03:00:26.682		0.78055			4
2026.05.13	03:00:27.283	0.78049	0.78054			6
2026.05.13	03:00:29.338	0.78050	0.78055			6
2026.05.13	03:00:34.410	0.78049				2
2026.05.13	03:00:34.710		0.78054			4
2026.05.13	03:00:35.914	0.78050	0.78055			6
2026.05.13	03:00:37.073	0.78049				2
2026.05.13	03:00:37.377		0.78054			4
2026.05.13	03:00:37.979		0.78053			4
2026.05.13	03:00:39.676		0.78054			4
2026.05.13	03:00:46.768		0.78055			4
2026.05.13	03:00:47.068		0.78054			4
2026.05.13	03:00:47.367		0.78055			4
2026.05.13	03:00:47.668	0.78050				2
2026.05.13	03:00:49.832	0.78054	0.78058			6
2026.05.13	03:00:50.131		0.78059			4
2026.05.13	03:00:51.496	0.78053	0.78057			6
2026.05.13	03:00:51.796	0.78052				2
2026.05.13	03:00:52.096	0.78053				2
2026.05.13	03:00:52.397		0.78058			4
2026.05.13	03:00:53.296	0.78054	0.78059			6
2026.05.13	03:00:54.127	0.78056	0.78060			6
2026.05.13	03:00:54.425	0.78057	0.78062			6
2026.05.13	03:00:56.048		0.78061			4
2026.05.13	03:00:57.100		0.78062			4
2026.05.13	03:00:58.468	0.78055	0.78060			6
2026.05.13	03:01:00.083	0.78055				2
2026.05.13	03:01:00.384	0.78056	0.78061			6
2026.05.13	03:01:00.683	0.78054	0.78058			6
2026.05.13	03:01:01.584		0.78059			4
2026.05.13	03:01:04.694	0.78055				2
2026.05.13	03:01:05.865	0.78057	0.78062			6
2026.05.13	03:01:10.412	0.78055	0.78061			6
2026.05.13	03:01:10.713	0.78057	0.78062			6
2026.05.13	03:01:12.007	0.78055	0.78061			6
2026.05.13	03:01:13.030		0.78060			4
2026.05.13	03:01:15.755	0.78057	0.78062			6
2026.05.13	03:01:17.938	0.78056				2
2026.05.13	03:01:19.499	0.78055	0.78061			6
2026.05.13	03:01:21.590		0.78060			4
2026.05.13	03:01:21.890		0.78061			4
2026.05.13	03:01:23.264		0.78060			4
2026.05.13	03:01:23.564	0.78054				2
2026.05.13	03:01:27.130	0.78055	0.78061			6
2026.05.13	03:01:30.910	0.78059	0.78063			6
2026.05.13	03:01:31.210	0.78058				2
2026.05.13	03:01:31.510	0.78059				2
2026.05.13	03:01:32.111	0.78060				2
2026.05.13	03:01:32.412		0.78065			4
2026.05.13	03:01:32.712	0.78062	0.78067			6
2026.05.13	03:01:34.941	0.78061				2
2026.05.13	03:01:35.242	0.78062				2
2026.05.13	03:01:42.785		0.78066			4
2026.05.13	03:01:43.716	0.78063	0.78068			6
2026.05.13	03:01:44.016	0.78064				2
2026.05.13	03:01:44.316	0.78063	0.78069			6
2026.05.13	03:01:46.304	0.78065				2
2026.05.13	03:01:46.604	0.78064				2
2026.05.13	03:01:52.079	0.78063				2
2026.05.13	03:01:53.683	0.78064				2
2026.05.13	03:01:53.983	0.78063				2
2026.05.13	03:01:55.150	0.78064				2
2026.05.13	03:01:58.366	0.78065	0.78070			6
2026.05.13	03:01:58.966	0.78066	0.78071			6
2026.05.13	03:01:59.760	0.78067				2
2026.05.13	03:02:00.064	0.78069	0.78074			6
2026.05.13	03:02:00.360	0.78068	0.78073			6
2026.05.13	03:02:01.260	0.78067	0.78072			6
2026.05.13	03:02:01.560		0.78073			4
2026.05.13	03:02:02.463		0.78072			4
2026.05.13	03:02:03.063	0.78069	0.78075			6
2026.05.13	03:02:05.342		0.78074			4
2026.05.13	03:02:10.910	0.78066	0.78070			6
2026.05.13	03:02:11.806	0.78065				2
2026.05.13	03:02:12.107	0.78064	0.78069			6
2026.05.13	03:02:12.407		0.78068			4
2026.05.13	03:02:12.707	0.78062	0.78067			6
2026.05.13	03:02:13.909	0.78063				2
2026.05.13	03:02:15.370	0.78062				2
2026.05.13	03:02:16.571	0.78061	0.78066			6
2026.05.13	03:02:17.536		0.78067			4
2026.05.13	03:02:18.160	0.78063				2
2026.05.13	03:02:20.896	0.78062				2
2026.05.13	03:02:22.530	0.78063				2
2026.05.13	03:02:23.898	0.78062				2
2026.05.13	03:02:24.592	0.78061				2
2026.05.13	03:02:24.892	0.78062				2
2026.05.13	03:02:27.372	0.78063				2
2026.05.13	03:02:30.710		0.78068			4
2026.05.13	03:02:42.679	0.78061	0.78066			6
2026.05.13	03:02:43.278		0.78065			4
2026.05.13	03:02:43.579	0.78059	0.78064			6
2026.05.13	03:02:46.426	0.78058				2
2026.05.13	03:02:48.857	0.78059				2
2026.05.13	03:02:55.916		0.78065			4
2026.05.13	03:02:56.389		0.78064			4
2026.05.13	03:03:00.129	0.78059				2
2026.05.13	03:03:00.430	0.78060				2
2026.05.13	03:03:01.526	0.78059				2
2026.05.13	03:03:02.768	0.78060				2
2026.05.13	03:03:03.069	0.78059				2
2026.05.13	03:03:03.372	0.78057	0.78062			6
2026.05.13	03:03:03.669	0.78056				2
2026.05.13	03:03:03.970	0.78054	0.78059			6
2026.05.13	03:03:10.878	0.78053				2
2026.05.13	03:03:17.640		0.78058			4
2026.05.13	03:03:17.939	0.78054	0.78059			6
2026.05.13	03:03:18.840	0.78053				2
2026.05.13	03:03:20.739		0.78058			4
2026.05.13	03:03:25.677	0.78051	0.78056			6
2026.05.13	03:03:54.861	0.78053	0.78057			6
2026.05.13	03:03:55.462	0.78052				2
2026.05.13	03:03:55.762	0.78051	0.78056			6
2026.05.13	03:03:56.062		0.78055			4
2026.05.13	03:03:57.197	0.78050	0.78054			6
2026.05.13	03:04:00.202	0.78050				2
2026.05.13	03:04:00.502	0.78049				2
2026.05.13	03:04:02.646	0.78050	0.78055			6
2026.05.13	03:04:02.946		0.78054			4
2026.05.13	03:04:04.521	0.78049				2
2026.05.13	03:04:04.821	0.78050				2
2026.05.13	03:04:06.681	0.78045	0.78051			6
2026.05.13	03:04:06.977		0.78050			4
2026.05.13	03:04:07.282	0.78042	0.78047			6
2026.05.13	03:04:07.579	0.78041				2
2026.05.13	03:04:08.479	0.78042				2
2026.05.13	03:04:08.779	0.78043				2
2026.05.13	03:04:09.848	0.78041				2
2026.05.13	03:04:10.817	0.78043				2
2026.05.13	03:04:11.418	0.78045				2
2026.05.13	03:04:12.035	0.78047	0.78051			6
2026.05.13	03:04:13.940	0.78046				2
2026.05.13	03:04:16.521	0.78045	0.78050			6
2026.05.13	03:04:18.398	0.78046				2
2026.05.13	03:04:19.598	0.78045				2
2026.05.13	03:04:19.899	0.78046				2
2026.05.13	03:04:20.851	0.78045				2
2026.05.13	03:04:21.745		0.78049			4
2026.05.13	03:04:23.524	0.78044				2
2026.05.13	03:04:27.232	0.78046				2
2026.05.13	03:04:27.532	0.78045				2
2026.05.13	03:04:28.173	0.78046				2
2026.05.13	03:04:29.677	0.78045				2
2026.05.13	03:04:29.977	0.78046				2
2026.05.13	03:04:30.630		0.78050			4
2026.05.13	03:04:31.232	0.78045				2
2026.05.13	03:04:43.129		0.78049			4
2026.05.13	03:04:43.431	0.78044				2
2026.05.13	03:04:53.105	0.78042	0.78046			6
2026.05.13	03:04:54.460	0.78039	0.78045			6
2026.05.13	03:04:55.061	0.78038	0.78044			6
2026.05.13	03:04:55.663	0.78039				2
2026.05.13	03:04:57.465	0.78040				2
2026.05.13	03:04:58.672	0.78039				2
2026.05.13	03:04:59.727	0.78040				2
2026.05.13	03:05:00.327	0.78040				2
2026.05.13	03:05:00.628	0.78041				2
2026.05.13	03:05:01.530	0.78040				2
2026.05.13	03:05:01.830	0.78041	0.78045			6
2026.05.13	03:05:03.149	0.78040				2
2026.05.13	03:05:04.954	0.78041				2
2026.05.13	03:05:05.960		0.78046			4
2026.05.13	03:05:08.179	0.78038	0.78044			6
2026.05.13	03:05:08.482	0.78039				2
2026.05.13	03:05:10.302	0.78038				2
2026.05.13	03:05:15.630	0.78037	0.78042			6
2026.05.13	03:05:15.929	0.78036				2
2026.05.13	03:05:18.370	0.78037				2
2026.05.13	03:05:20.542	0.78036				2
2026.05.13	03:05:21.313	0.78032	0.78037			6
2026.05.13	03:05:22.215	0.78033	0.78038			6
2026.05.13	03:05:24.036	0.78034				2
2026.05.13	03:05:34.064	0.78036	0.78041			6
2026.05.13	03:05:34.364		0.78040			4
2026.05.13	03:05:35.565	0.78034	0.78039			6
2026.05.13	03:05:37.883	0.78036	0.78040			6
2026.05.13	03:05:39.413	0.78035				2
2026.05.13	03:05:41.464	0.78034				2
2026.05.13	03:05:41.765	0.78035				2
2026.05.13	03:05:43.787		0.78039			4
2026.05.13	03:05:44.689	0.78034				2
2026.05.13	03:05:46.512	0.78035	0.78040			6
2026.05.13	03:05:47.282		0.78039			4
2026.05.13	03:05:48.599	0.78033	0.78038			6
2026.05.13	03:05:50.368	0.78034	0.78039			6
2026.05.13	03:05:52.940	0.78031	0.78036			6
2026.05.13	03:05:54.821	0.78032	0.78037			6
2026.05.13	03:05:56.074	0.78033				2
2026.05.13	03:05:56.376	0.78036	0.78041			6
2026.05.13	03:05:56.674	0.78037				2
2026.05.13	03:05:56.976	0.78036				2
2026.05.13	03:05:57.576	0.78037				2
2026.05.13	03:05:58.478	0.78036				2
2026.05.13	03:06:00.280	0.78036				2
2026.05.13	03:06:00.579		0.78040			4
2026.05.13	03:06:01.181	0.78035				2
2026.05.13	03:06:03.696	0.78033	0.78038			6
2026.05.13	03:06:04.296	0.78034	0.78039			6
2026.05.13	03:06:06.407	0.78033	0.78038			6
2026.05.13	03:06:07.007	0.78034				2
2026.05.13	03:06:08.552	0.78036	0.78041			6
2026.05.13	03:06:10.649	0.78035	0.78040			6
2026.05.13	03:06:10.949	0.78034	0.78039			6
2026.05.13	03:06:14.943	0.78033				2
2026.05.13	03:06:15.845	0.78034				2
