<DATE>	<TIME>	<BID>	<ASK>	<LAST>	<VOLUME>	<FLAGS>
2026.02.13	00:03:30.791	0.76801	0.76951			6
2026.02.13	00:03:37.654	0.76812				2
2026.02.13	00:03:41.092	0.76804	0.76931			6
2026.02.13	00:03:48.866	0.76819	0.76951			6
2026.02.13	00:04:00.106	0.76819				2
2026.02.13	00:04:45.722	0.76825	0.76984			6
2026.02.13	00:05:00.154	0.76825				2
2026.02.13	00:05:17.417	0.76808	0.76981			6
2026.02.13	00:06:00.050	0.76808				2
2026.02.13	00:06:12.566	0.76816				2
2026.02.13	00:06:17.560		0.76981			4
2026.02.13	00:07:00.259	0.76816				2
2026.02.13	00:07:17.778		0.76981			4
2026.02.13	00:08:00.045	0.76816				2
2026.02.13	00:08:17.979		0.76981			4
2026.02.13	00:09:00.273	0.76816				2
2026.02.13	00:09:18.121		0.76981			4
2026.02.13	00:09:56.415	0.76871	0.76984			6
2026.02.13	00:10:00.104	0.76871				2
2026.02.13	00:10:12.795	0.76877	0.76948			6
2026.02.13	00:10:16.840	0.76865				2
2026.02.13	00:10:17.144	0.76866				2
2026.02.13	00:10:18.721	0.76877				2
2026.02.13	00:10:22.461	0.76875	0.76949			6
2026.02.13	00:10:35.363	0.76876	0.76950			6
2026.02.13	00:10:37.263	0.76875	0.76949			6
2026.02.13	00:11:00.217	0.76875				2
2026.02.13	00:11:01.774	0.76876	0.76950			6
2026.02.13	00:11:04.607	0.76875	0.76949			6
2026.02.13	00:11:07.745	0.76919	0.76984			6
2026.02.13	00:11:14.345	0.76875	0.76949			6
2026.02.13	00:11:15.296	0.76919	0.76984			6
2026.02.13	00:11:20.593	0.76875	0.76949			6
2026.02.13	00:11:21.846	0.76917	0.76950			6
2026.02.13	00:11:26.840	0.76875	0.76949			6
2026.02.13	00:11:27.801	0.76917	0.76950			6
2026.02.13	00:11:30.927	0.76919				2
2026.02.13	00:11:32.486	0.76917				2
2026.02.13	00:11:32.816	0.76885	0.76955			6
2026.02.13	00:11:33.765	0.76917	0.76950			6
2026.02.13	00:11:39.062	0.76884	0.76954			6
2026.02.13	00:11:40.015	0.76917	0.76950			6
2026.02.13	00:11:46.308	0.76915				2
2026.02.13	00:11:51.927		0.76983			4
2026.02.13	00:11:57.891		0.76982			4
2026.02.13	00:12:00.087	0.76915				2
2026.02.13	00:12:02.897		0.76981			4
2026.02.13	00:12:06.056		0.76950			4
2026.02.13	00:12:09.773	0.76924	0.76982			6
2026.02.13	00:12:10.423	0.76915	0.76981			6
2026.02.13	00:12:11.363		0.76955			4
2026.02.13	00:12:12.306	0.76916	0.76950			6
2026.02.13	00:12:37.071		0.76979			4
2026.02.13	00:12:38.626		0.76978			4
2026.02.13	00:12:45.504		0.76975			4
2026.02.13	00:12:56.494		0.76974			4
2026.02.13	00:13:00.280	0.76916				2
2026.02.13	00:13:05.277		0.76973			4
2026.02.13	00:13:15.252		0.76976			4
2026.02.13	00:13:19.637		0.76981			4
2026.02.13	00:13:29.681		0.76980			4
2026.02.13	00:13:32.814		0.76976			4
2026.02.13	00:13:33.439		0.76950			4
2026.02.13	00:14:00.082	0.76916				2
2026.02.13	00:14:04.146		0.76969			4
2026.02.13	00:14:07.588		0.76968			4
2026.02.13	00:14:23.238		0.76967			4
2026.02.13	00:14:30.150		0.76949			4
2026.02.13	00:14:57.799	0.76915				2
2026.02.13	00:15:00.002	0.76915				2
2026.02.13	00:15:00.304	0.76920				2
2026.02.13	00:15:00.942		0.76966			4
2026.02.13	00:15:11.589		0.76964			4
2026.02.13	00:18:00.299	0.76921	0.76949			6
2026.02.13	00:18:25.606		0.76958			4
2026.02.13	00:18:26.552	0.76922				2
2026.02.13	00:18:27.179	0.76920				2
2026.02.13	00:18:38.428	0.76919				2
2026.02.13	00:18:45.628	0.76920				2
2026.02.13	00:18:49.067		0.76955			4
2026.02.13	00:18:52.206		0.76954			4
2026.02.13	00:19:00.084	0.76920				2
2026.02.13	00:19:09.805		0.76949			4
2026.02.13	00:19:40.256		0.76954			4
2026.02.13	00:20:00.050	0.76920				2
2026.02.13	00:20:40.332		0.76954			4
2026.02.13	00:21:00.099	0.76920				2
2026.02.13	00:21:40.520		0.76954			4
2026.02.13	00:22:00.318	0.76920				2
2026.02.13	00:22:40.714		0.76954			4
2026.02.13	00:22:54.189		0.76953			4
2026.02.13	00:23:00.116	0.76920				2
2026.02.13	00:23:20.140	0.76838	0.76969			6
2026.02.13	00:23:57.699		0.76965			4
2026.02.13	00:24:00.208	0.76838				2
2026.02.13	00:24:57.834		0.76965			4
2026.02.13	00:25:00.021	0.76838				2
2026.02.13	00:25:51.754		0.76968			4
2026.02.13	00:26:00.187	0.76838				2
2026.02.13	00:26:23.406	0.76795	0.76956			6
2026.02.13	00:26:25.578		0.76967			4
2026.02.13	00:26:28.715		0.76964			4
2026.02.13	00:26:29.970	0.76822	0.76976			6
2026.02.13	00:26:36.441	0.76851				2
2026.02.13	00:26:45.396	0.76916	0.76974			6
2026.02.13	00:26:48.770		0.76972			4
2026.02.13	00:26:52.470		0.76974			4
2026.02.13	00:26:58.617	0.76918	0.76965			6
2026.02.13	00:27:00.164	0.76918				2
2026.02.13	00:27:29.429		0.76973			4
2026.02.13	00:27:32.537		0.76971			4
2026.02.13	00:27:39.027		0.76972			4
2026.02.13	00:27:54.133		0.76965			4
2026.02.13	00:28:00.009	0.76918				2
2026.02.13	00:28:25.264		0.76972			4
2026.02.13	00:28:51.575		0.76965			4
2026.02.13	00:29:00.230	0.76918				2
2026.02.13	00:29:22.068		0.76972			4
2026.02.13	00:29:22.394		0.76971			4
2026.02.13	00:29:28.360		0.76970			4
2026.02.13	00:29:38.076		0.76969			4
2026.02.13	00:29:46.837		0.76968			4
2026.02.13	00:29:53.289		0.76969			4
2026.02.13	00:29:54.525	0.76919	0.76964			6
2026.02.13	00:30:00.068	0.76919				2
2026.02.13	00:30:21.303	0.76910	0.76966			6
2026.02.13	00:30:21.623	0.76916				2
2026.02.13	00:30:22.581	0.76918				2
2026.02.13	00:30:23.204		0.76965			4
2026.02.13	00:30:25.387	0.76919	0.76966			6
2026.02.13	00:30:29.157		0.76965			4
2026.02.13	00:30:37.042		0.76964			4
2026.02.13	00:30:52.393		0.76963			4
2026.02.13	00:31:00.241	0.76919				2
2026.02.13	00:31:05.288		0.76962			4
2026.02.13	00:31:18.216		0.76961			4
2026.02.13	00:31:37.692		0.76960			4
2026.02.13	00:31:55.203		0.76959			4
2026.02.13	00:31:57.110		0.76963			4
2026.02.13	00:32:00.223	0.76919				2
2026.02.13	00:32:01.779		0.76964			4
2026.02.13	00:32:23.144		0.76967			4
2026.02.13	00:32:26.269		0.76960			4
2026.02.13	00:32:30.932		0.76955			4
2026.02.13	00:32:55.731		0.76956			4
2026.02.13	00:32:57.289		0.76955			4
2026.02.13	00:33:00.128	0.76919				2
2026.02.13	00:33:20.825		0.76954			4
2026.02.13	00:33:23.333		0.76955			4
2026.02.13	00:33:24.916		0.76954			4
2026.02.13	00:33:35.278		0.76955			4
2026.02.13	00:33:37.136		0.76954			4
2026.02.13	00:33:49.063		0.76955			4
2026.02.13	00:33:50.609		0.76954			4
2026.02.13	00:34:00.303	0.76919				2
2026.02.13	00:34:50.753		0.76954			4
2026.02.13	00:34:52.005		0.76955			4
2026.02.13	00:34:54.499		0.76954			4
2026.02.13	00:35:00.155	0.76919				2
2026.02.13	00:35:39.943		0.76953			4
2026.02.13	00:36:00.045	0.76919				2
2026.02.13	00:36:01.626		0.76952			4
2026.02.13	00:36:05.415		0.76953			4
2026.02.13	00:37:00.126	0.76919				2
2026.02.13	00:37:05.444		0.76953			4
2026.02.13	00:37:28.654		0.76952			4
2026.02.13	00:38:00.278	0.76919				2
2026.02.13	00:38:15.323		0.76953			4
2026.02.13	00:38:17.183		0.76955			4
2026.02.13	00:38:22.828		0.76954			4
2026.02.13	00:38:23.455		0.76955			4
2026.02.13	00:39:00.294	0.76919				2
2026.02.13	00:39:23.740		0.76955			4
2026.02.13	00:40:00.129	0.76919				2
2026.02.13	00:40:24.014		0.76955			4
2026.02.13	00:40:25.870	0.76914				2
2026.02.13	00:40:27.151		0.76954			4
2026.02.13	00:40:28.080		0.76955			4
2026.02.13	00:40:37.243		0.76954			4
2026.02.13	00:40:37.865		0.76955			4
2026.02.13	00:40:39.122		0.76954			4
2026.02.13	00:40:41.665		0.76955			4
2026.02.13	00:40:42.306		0.76954			4
2026.02.13	00:41:00.181	0.76914				2
2026.02.13	00:41:02.083	0.76916				2
2026.02.13	00:41:08.326		0.76953			4
2026.02.13	00:41:09.580		0.76954			4
2026.02.13	00:41:29.385		0.76953			4
2026.02.13	00:41:30.936		0.76954			4
2026.02.13	00:41:35.342		0.76953			4
2026.02.13	00:41:40.331		0.76954			4
2026.02.13	00:41:53.778		0.76953			4
2026.02.13	00:42:00.018	0.76916				2
2026.02.13	00:42:02.529		0.76954			4
2026.02.13	00:42:11.305		0.76953			4
2026.02.13	00:42:26.612		0.76954			4
2026.02.13	00:42:29.446		0.76953			4
2026.02.13	00:43:00.005	0.76916				2
2026.02.13	00:43:17.805	0.76917				2
2026.02.13	00:43:25.930	0.76918				2
2026.02.13	00:43:29.676		0.76953			4
2026.02.13	00:43:35.918	0.76919				2
2026.02.13	00:44:00.302	0.76919				2
2026.02.13	00:44:00.911	0.76916				2
2026.02.13	00:44:17.467	0.76918				2
2026.02.13	00:44:29.890		0.76953			4
2026.02.13	00:44:30.841	0.76916				2
2026.02.13	00:44:40.836	0.76917				2
2026.02.13	00:44:45.803	0.76916				2
2026.02.13	00:44:56.117	0.76917				2
2026.02.13	00:45:00.186	0.76917				2
2026.02.13	00:45:00.807	0.76916				2
2026.02.13	00:45:02.040	0.76917				2
2026.02.13	00:45:02.994	0.76900	0.76959			6
2026.02.13	00:45:06.731	0.76917	0.76953			6
2026.02.13	00:46:01.359	0.76917				2
2026.02.13	00:46:12.766		0.76953			4
2026.02.13	00:46:22.664	0.76918				2
2026.02.13	00:46:33.197		0.76952			4
2026.02.13	00:46:44.562		0.76953			4
2026.02.13	00:47:03.196	0.76901	0.76960			6
2026.02.13	00:47:06.620	0.76918	0.76953			6
2026.02.13	00:47:10.360		0.76952			4
2026.02.13	00:47:24.761		0.76953			4
2026.02.13	00:48:04.359	0.76918	0.76952			6
2026.02.13	00:48:51.177	0.76913				2
2026.02.13	00:49:01.225	0.76912				2
2026.02.13	00:49:11.592	0.76916	0.76952			6
2026.02.13	00:49:27.868		0.76951			4
2026.02.13	00:49:28.932		0.76947			4
2026.02.13	00:49:32.052		0.76952			4
2026.02.13	00:49:41.719		0.76951			4
2026.02.13	00:49:58.004		0.76947			4
2026.02.13	00:50:02.259	0.76916				2
2026.02.13	00:50:04.417		0.76951			4
2026.02.13	00:50:22.497	0.76914	0.76952			6
2026.02.13	00:50:22.960		0.76951			4
2026.02.13	00:50:40.817	0.76915	0.76948			6
2026.02.13	00:50:42.759		0.76949			4
2026.02.13	00:51:04.960	0.76915				2
2026.02.13	00:51:14.939	0.76920				2
2026.02.13	00:51:15.763	0.76917				2
2026.02.13	00:51:26.157	0.76918				2
2026.02.13	00:51:30.938	0.76916				2
2026.02.13	00:51:40.969	0.76918				2
2026.02.13	00:51:44.559		0.76949			4
2026.02.13	00:51:45.937	0.76915				2
2026.02.13	00:51:56.184	0.76918				2
2026.02.13	00:52:01.058	0.76918				2
2026.02.13	00:52:22.361		0.76948			4
2026.02.13	00:52:27.159		0.76949			4
2026.02.13	00:52:30.938	0.76915				2
2026.02.13	00:52:41.026	0.76917				2
2026.02.13	00:52:45.940	0.76915				2
2026.02.13	00:52:56.238	0.76916				2
2026.02.13	00:53:00.939	0.76915				2
2026.02.13	00:53:11.051	0.76918				2
2026.02.13	00:53:11.633	0.76916				2
2026.02.13	00:53:12.134	0.76918				2
2026.02.13	00:53:12.635	0.76916				2
2026.02.13	00:53:14.796		0.76948			4
2026.02.13	00:53:15.938	0.76915	0.76949			6
2026.02.13	00:53:20.860		0.76948			4
2026.02.13	00:53:26.264	0.76916	0.76949			6
2026.02.13	00:53:40.891	0.76917				2
2026.02.13	00:53:47.924	0.76918				2
2026.02.13	00:53:48.423	0.76917				2
2026.02.13	00:53:49.926	0.76918				2
2026.02.13	00:53:50.425	0.76917				2
2026.02.13	00:53:51.952		0.76948			4
2026.02.13	00:53:58.660		0.76949			4
2026.02.13	00:54:01.359	0.76917				2
2026.02.13	00:54:10.945	0.76915				2
2026.02.13	00:54:58.005	0.76916				2
2026.02.13	00:54:58.558	0.76917				2
2026.02.13	00:55:00.419	0.76917	0.76949			6
2026.02.13	00:55:48.160		0.76950			4
2026.02.13	00:55:59.385		0.76949			4
2026.02.13	00:56:00.378	0.76917				2
2026.02.13	00:56:04.577		0.76950			4
2026.02.13	00:56:24.214		0.76949			4
2026.02.13	00:56:35.560		0.76950			4
2026.02.13	00:56:42.683		0.76949			4
2026.02.13	00:56:45.839	0.76922				2
2026.02.13	00:56:47.740	0.76919				2
2026.02.13	00:56:51.470		0.76954			4
2026.02.13	00:56:56.934		0.76953			4
2026.02.13	00:56:58.960		0.76954			4
2026.02.13	00:57:02.733	0.76919				2
2026.02.13	00:57:11.116	0.76922				2
2026.02.13	00:57:25.056		0.76955			4
2026.02.13	00:57:48.300	0.76918				2
2026.02.13	00:57:58.507	0.76919				2
2026.02.13	00:58:02.355	0.76917				2
2026.02.13	00:58:12.054	0.76919				2
2026.02.13	00:58:25.360		0.76955			4
2026.02.13	00:58:27.735	0.76917				2
2026.02.13	00:58:31.056	0.76919				2
2026.02.13	00:58:32.053	0.76917				2
2026.02.13	00:58:51.687		0.76957			4
2026.02.13	00:58:52.853	0.76918				2
2026.02.13	00:59:02.733	0.76918	0.76958			6
2026.02.13	00:59:04.929	0.76820	0.76966			6
2026.02.13	00:59:05.239	0.76804	0.76959			6
2026.02.13	00:59:05.859		0.76964			4
2026.02.13	00:59:06.340		0.76963			4
2026.02.13	00:59:06.644	0.76810	0.76962			6
2026.02.13	00:59:07.151		0.76961			4
2026.02.13	00:59:07.639		0.76960			4
2026.02.13	00:59:08.433		0.76961			4
2026.02.13	00:59:09.143	0.76811				2
2026.02.13	00:59:09.461		0.76960			4
2026.02.13	00:59:10.964		0.76958			4
2026.02.13	00:59:12.760		0.76957			4
2026.02.13	00:59:13.392		0.76958			4
2026.02.13	00:59:15.195		0.76957			4
2026.02.13	00:59:17.559		0.76956			4
2026.02.13	00:59:20.094		0.76955			4
2026.02.13	00:59:20.898	0.76819	0.76953			6
2026.02.13	00:59:21.398	0.76824	0.76952			6
2026.02.13	00:59:21.749	0.76826	0.76951			6
2026.02.13	00:59:24.271		0.76952			4
2026.02.13	00:59:25.753		0.76953			4
2026.02.13	00:59:26.095		0.76956			4
2026.02.13	00:59:28.959	0.76827				2
2026.02.13	00:59:29.589	0.76812	0.76944			6
2026.02.13	00:59:30.161		0.76943			4
2026.02.13	00:59:31.359		0.76945			4
2026.02.13	00:59:32.376		0.76943			4
2026.02.13	00:59:35.444		0.76945			4
2026.02.13	00:59:36.446		0.76943			4
2026.02.13	00:59:37.028	0.76813				2
2026.02.13	00:59:38.394		0.76945			4
2026.02.13	00:59:45.464		0.76947			4
2026.02.13	00:59:46.283	0.76806	0.76951			6
2026.02.13	00:59:49.358		0.76950			4
2026.02.13	00:59:50.396		0.76952			4
2026.02.13	00:59:52.338	0.76807	0.76950			6
2026.02.13	00:59:56.454		0.76949			4
2026.02.13	00:59:57.760		0.76948			4
2026.02.13	00:59:58.061		0.76949			4
2026.02.13	01:00:00.065	0.76807	0.76959			6
2026.02.13	01:00:00.376	0.76876	0.76960			6
2026.02.13	01:00:00.679		0.76970			4
2026.02.13	01:00:01.320	0.76872	0.76972			6
2026.02.13	01:00:02.043	0.76875				2
2026.02.13	01:00:02.732		0.76951			4
2026.02.13	01:00:03.042	0.76877	0.76942			6
2026.02.13	01:00:03.369		0.76960			4
2026.02.13	01:00:03.715	0.76848	0.76962			6
2026.02.13	01:00:04.363	0.76846				2
2026.02.13	01:00:04.671	0.76847	0.76961			6
2026.02.13	01:00:04.983	0.76849				2
2026.02.13	01:00:05.296	0.76851	0.76960			6
2026.02.13	01:00:06.219	0.76852	0.76962			6
2026.02.13	01:00:06.528	0.76851	0.76961			6
2026.02.13	01:00:07.161	0.76877	0.76949			6
2026.02.13	01:00:08.003		0.76955			4
2026.02.13	01:00:10.302		0.76954			4
2026.02.13	01:00:10.722		0.76953			4
2026.02.13	01:00:11.612		0.76952			4
2026.02.13	01:00:12.673		0.76951			4
2026.02.13	01:00:14.013		0.76950			4
2026.02.13	01:00:15.226		0.76949			4
2026.02.13	01:00:16.597		0.76948			4
2026.02.13	01:00:17.818		0.76947			4
2026.02.13	01:00:18.330		0.76949			4
2026.02.13	01:00:21.765		0.76947			4
2026.02.13	01:00:22.185		0.76946			4
2026.02.13	01:00:23.720		0.76945			4
2026.02.13	01:00:24.763		0.76946			4
2026.02.13	01:00:25.096		0.76943			4
2026.02.13	01:00:26.473		0.76941			4
2026.02.13	01:00:30.078	0.76889	0.76945			6
2026.02.13	01:00:30.382	0.76887				2
2026.02.13	01:00:32.368	0.76892	0.76949			6
2026.02.13	01:00:32.690	0.76891	0.76950			6
2026.02.13	01:00:33.005		0.76949			4
2026.02.13	01:00:34.027		0.76944			4
2026.02.13	01:00:36.135	0.76895				2
2026.02.13	01:00:39.490	0.76900	0.76945			6
2026.02.13	01:00:45.740	0.76898				2
2026.02.13	01:00:49.642	0.76900				2
2026.02.13	01:00:50.580	0.76898				2
2026.02.13	01:01:00.309	0.76898				2
2026.02.13	01:01:08.003	0.76902	0.76936			6
2026.02.13	01:01:08.444		0.76937			4
2026.02.13	01:01:11.437	0.76904	0.76939			6
2026.02.13	01:01:12.836		0.76938			4
2026.02.13	01:01:14.406	0.76905	0.76937			6
2026.02.13	01:01:19.419		0.76938			4
2026.02.13	01:01:20.383	0.76904	0.76937			6
2026.02.13	01:01:30.388	0.76905				2
2026.02.13	01:01:35.429	0.76901	0.76936			6
2026.02.13	01:01:43.462		0.76935			4
2026.02.13	01:01:48.246		0.76938			4
2026.02.13	01:01:49.028		0.76936			4
2026.02.13	01:01:53.201		0.76935			4
2026.02.13	01:01:55.960	0.76912	0.76933			6
2026.02.13	01:01:58.383	0.76915	0.76940			6
2026.02.13	01:01:58.732	0.76918	0.76941			6
2026.02.13	01:02:00.200	0.76918	0.76942			6
2026.02.13	01:02:00.646		0.76941			4
2026.02.13	01:02:01.308		0.76943			4
2026.02.13	01:02:03.198	0.76919	0.76944			6
2026.02.13	01:02:03.502		0.76945			4
2026.02.13	01:02:13.321		0.76944			4
2026.02.13	01:02:16.167		0.76942			4
2026.02.13	01:02:21.809	0.76920				2
2026.02.13	01:02:28.618		0.76941			4
2026.02.13	01:02:31.985	0.76918				2
2026.02.13	01:02:43.792	0.76919				2
2026.02.13	01:02:59.027	0.76921	0.76944			6
2026.02.13	01:03:00.443	0.76921				2
2026.02.13	01:03:05.614		0.76943			4
2026.02.13	01:03:12.235		0.76944			4
2026.02.13	01:03:13.015		0.76946			4
2026.02.13	01:03:13.372		0.76944			4
2026.02.13	01:03:41.874		0.76946			4
2026.02.13	01:03:52.004	0.76911	0.76945			6
2026.02.13	01:03:52.614	0.76912				2
2026.02.13	01:03:52.928	0.76913	0.76943			6
2026.02.13	01:03:55.082	0.76912				2
2026.02.13	01:03:55.712	0.76921	0.76944			6
2026.02.13	01:03:58.080	0.76923				2
2026.02.13	01:04:00.104	0.76923				2
2026.02.13	01:04:01.108	0.76924				2
2026.02.13	01:04:02.713	0.76922				2
2026.02.13	01:04:06.153		0.76942			4
2026.02.13	01:04:10.192		0.76943			4
2026.02.13	01:04:12.261		0.76942			4
2026.02.13	01:04:13.757		0.76944			4
2026.02.13	01:04:31.798	0.76912	0.76943			6
2026.02.13	01:04:33.364	0.76915	0.76945			6
2026.02.13	01:04:35.570	0.76922	0.76944			6
2026.02.13	01:04:40.684	0.76924	0.76945			6
2026.02.13	01:04:47.798	0.76925				2
2026.02.13	01:04:48.793		0.76946			4
2026.02.13	01:04:50.067		0.76947			4
2026.02.13	01:04:56.179		0.76948			4
2026.02.13	01:04:56.587		0.76947			4
2026.02.13	01:05:00.193	0.76925				2
2026.02.13	01:05:05.993		0.76944			4
2026.02.13	01:05:06.299		0.76946			4
2026.02.13	01:05:06.819		0.76945			4
2026.02.13	01:05:07.493		0.76947			4
2026.02.13	01:05:08.238		0.76946			4
2026.02.13	01:05:08.585		0.76947			4
2026.02.13	01:05:10.477	0.76924				2
2026.02.13	01:05:10.844		0.76946			4
2026.02.13	01:05:11.977		0.76945			4
2026.02.13	01:05:12.282		0.76947			4
2026.02.13	01:05:14.687		0.76945			4
2026.02.13	01:05:15.593		0.76946			4
2026.02.13	01:05:15.899		0.76947			4
2026.02.13	01:05:16.243		0.76945			4
2026.02.13	01:05:17.192		0.76946			4
2026.02.13	01:05:18.644		0.76945			4
2026.02.13	01:05:19.394	0.76925	0.76946			6
2026.02.13	01:05:19.699		0.76947			4
2026.02.13	01:05:20.045		0.76945			4
2026.02.13	01:05:21.278		0.76950			4
2026.02.13	01:05:21.593		0.76945			4
2026.02.13	01:05:24.363		0.76946			4
2026.02.13	01:05:25.293		0.76945			4
2026.02.13	01:05:25.606		0.76946			4
2026.02.13	01:05:25.977		0.76945			4
2026.02.13	01:05:26.992		0.76947			4
2026.02.13	01:05:27.327		0.76945			4
2026.02.13	01:05:31.828		0.76950			4
2026.02.13	01:05:32.193		0.76945			4
2026.02.13	01:05:34.628		0.76948			4
2026.02.13	01:05:34.992		0.76946			4
2026.02.13	01:05:37.293		0.76945			4
2026.02.13	01:05:39.004	0.76924	0.76943			6
2026.02.13	01:05:48.128	0.76922	0.76942			6
2026.02.13	01:06:00.593	0.76922				2
2026.02.13	01:06:01.643		0.76943			4
2026.02.13	01:06:09.992		0.76942			4
2026.02.13	01:06:11.044		0.76943			4
2026.02.13	01:06:16.292	0.76927	0.76946			6
2026.02.13	01:06:18.393		0.76945			4
2026.02.13	01:06:18.702	0.76929	0.76946			6
2026.02.13	01:06:19.054		0.76947			4
2026.02.13	01:06:19.493	0.76930				2
2026.02.13	01:06:22.636	0.76929				2
2026.02.13	01:06:26.188	0.76932	0.76950			6
2026.02.13	01:06:27.168		0.76949			4
2026.02.13	01:06:28.295	0.76933	0.76950			6
2026.02.13	01:06:29.060	0.76929	0.76947			6
2026.02.13	01:06:29.474		0.76948			4
2026.02.13	01:06:32.419		0.76947			4
2026.02.13	01:06:36.536		0.76948			4
2026.02.13	01:06:44.399	0.76927	0.76944			6
2026.02.13	01:06:45.475		0.76945			4
2026.02.13	01:07:01.757	0.76927				2
2026.02.13	01:07:11.421		0.76944			4
2026.02.13	01:07:19.827	0.76926	0.76942			6
2026.02.13	01:07:48.736		0.76940			4
2026.02.13	01:08:01.585	0.76926	0.76941			6
2026.02.13	01:08:16.070		0.76942			4
2026.02.13	01:08:25.059		0.76940			4
2026.02.13	01:08:35.132		0.76941			4
2026.02.13	01:08:39.539	0.76925				2
2026.02.13	01:08:40.307		0.76940			4
2026.02.13	01:08:47.727		0.76939			4
2026.02.13	01:08:49.857		0.76940			4
2026.02.13	01:08:50.383	0.76924				2
2026.02.13	01:08:53.995		0.76942			4
2026.02.13	01:08:55.090	0.76925				2
2026.02.13	01:08:56.810		0.76937			4
2026.02.13	01:08:57.129		0.76938			4
2026.02.13	01:08:57.714		0.76939			4
2026.02.13	01:09:02.228	0.76925				2
2026.02.13	01:09:19.009	0.76924				2
2026.02.13	01:09:20.117		0.76940			4
2026.02.13	01:09:21.161	0.76925				2
2026.02.13	01:10:00.333	0.76926				2
2026.02.13	01:10:13.136	0.76925				2
2026.02.13	01:10:22.770		0.76940			4
2026.02.13	01:10:57.292		0.76941			4
2026.02.13	01:11:01.358	0.76925				2
2026.02.13	01:11:08.777		0.76940			4
2026.02.13	01:11:13.794		0.76941			4
2026.02.13	01:11:25.988		0.76940			4
2026.02.13	01:11:26.658	0.76927	0.76942			6
2026.02.13	01:11:27.879	0.76928	0.76943			6
2026.02.13	01:11:32.821	0.76929				2
2026.02.13	01:11:34.648	0.76926				2
2026.02.13	01:11:41.300	0.76925	0.76935			6
2026.02.13	01:11:42.461		0.76934			4
2026.02.13	01:11:43.314	0.76926	0.76943			6
2026.02.13	01:11:46.565	0.76925	0.76942			6
2026.02.13	01:11:54.279	0.76927				2
2026.02.13	01:11:55.770	0.76926				2
2026.02.13	01:11:56.434	0.76927				2
2026.02.13	01:12:01.008	0.76927				2
2026.02.13	01:12:02.978		0.76943			4
2026.02.13	01:12:03.683	0.76926				2
2026.02.13	01:12:39.025	0.76927				2
2026.02.13	01:12:39.433	0.76926				2
2026.02.13	01:12:50.434	0.76927				2
2026.02.13	01:12:51.434	0.76926				2
2026.02.13	01:12:52.434	0.76927				2
2026.02.13	01:12:56.440	0.76926				2
2026.02.13	01:13:01.073	0.76926				2
2026.02.13	01:13:03.548		0.76943			4
2026.02.13	01:13:13.139	0.76924	0.76940			6
2026.02.13	01:13:14.204		0.76939			4
2026.02.13	01:13:26.203	0.76921	0.76938			6
2026.02.13	01:13:29.745		0.76937			4
2026.02.13	01:13:31.743		0.76938			4
2026.02.13	01:13:32.434	0.76920	0.76937			6
2026.02.13	01:13:33.433	0.76921				2
2026.02.13	01:13:34.433	0.76920				2
2026.02.13	01:13:36.433	0.76921				2
2026.02.13	01:13:37.433	0.76920				2
2026.02.13	01:13:44.622	0.76918	0.76935			6
2026.02.13	01:13:45.136	0.76920	0.76936			6
2026.02.13	01:13:49.283	0.76919	0.76935			6
2026.02.13	01:13:50.498		0.76936			4
2026.02.13	01:13:51.433		0.76935			4
2026.02.13	01:13:53.859	0.76918	0.76934			6
2026.02.13	01:13:54.435		0.76936			4
2026.02.13	01:13:55.089	0.76917	0.76934			6
2026.02.13	01:14:04.299	0.76917				2
2026.02.13	01:14:28.384	0.76912	0.76929			6
2026.02.13	01:14:28.757	0.76914	0.76930			6
2026.02.13	01:14:29.443	0.76913				2
2026.02.13	01:14:29.836	0.76912				2
2026.02.13	01:14:36.051		0.76929			4
2026.02.13	01:14:39.252		0.76930			4
2026.02.13	01:14:42.460	0.76916	0.76932			6
2026.02.13	01:14:43.552	0.76915				2
2026.02.13	01:14:49.950		0.76931			4
2026.02.13	01:14:52.060		0.76932			4
2026.02.13	01:14:53.863		0.76931			4
2026.02.13	01:14:56.590		0.76930			4
2026.02.13	01:15:00.306	0.76915	0.76929			6
2026.02.13	01:15:01.246	0.76911	0.76925			6
2026.02.13	01:15:31.926	0.76913	0.76924			6
2026.02.13	01:15:39.279		0.76925			4
2026.02.13	01:15:49.826		0.76923			4
2026.02.13	01:15:53.364	0.76911				2
2026.02.13	01:16:00.155	0.76911				2
2026.02.13	01:16:20.476		0.76922			4
2026.02.13	01:17:00.173	0.76911				2
2026.02.13	01:17:04.040	0.76912	0.76923			6
2026.02.13	01:17:07.093	0.76911	0.76922			6
2026.02.13	01:17:13.312	0.76909	0.76921			6
2026.02.13	01:17:17.505		0.76920			4
2026.02.13	01:17:26.546	0.76911	0.76923			6
2026.02.13	01:17:30.136		0.76921			4
2026.02.13	01:17:40.476	0.76910	0.76920			6
2026.02.13	01:17:41.556	0.76912	0.76925			6
2026.02.13	01:17:43.084		0.76926			4
2026.02.13	01:17:43.812		0.76925			4
2026.02.13	01:17:48.510		0.76924			4
2026.02.13	01:17:53.093		0.76925			4
2026.02.13	01:18:01.292	0.76912				2
2026.02.13	01:18:09.387		0.76926			4
2026.02.13	01:18:47.601		0.76925			4
2026.02.13	01:18:54.594	0.76911	0.76923			6
2026.02.13	01:18:55.638	0.76910	0.76922			6
2026.02.13	01:19:01.894	0.76910				2
2026.02.13	01:19:07.033	0.76911	0.76923			6
2026.02.13	01:19:09.208	0.76916	0.76928			6
2026.02.13	01:19:09.520		0.76930			4
2026.02.13	01:19:11.062		0.76931			4
2026.02.13	01:19:23.814	0.76915	0.76930			6
2026.02.13	01:19:56.389	0.76918				2
2026.02.13	01:19:58.006		0.76931			4
2026.02.13	01:20:00.183	0.76918				2
2026.02.13	01:20:05.036	0.76916	0.76928			6
2026.02.13	01:20:07.969		0.76929			4
2026.02.13	01:20:18.174	0.76918	0.76930			6
2026.02.13	01:20:28.194		0.76929			4
2026.02.13	01:21:00.457	0.76918				2
2026.02.13	01:21:07.724		0.76930			4
2026.02.13	01:21:34.654	0.76917	0.76928			6
2026.02.13	01:21:36.728	0.76913	0.76924			6
2026.02.13	01:21:39.057	0.76918	0.76930			6
2026.02.13	01:21:41.394	0.76919				2
2026.02.13	01:21:42.061	0.76918				2
2026.02.13	01:21:57.506	0.76920	0.76931			6
2026.02.13	01:22:01.659	0.76920				2
2026.02.13	01:22:13.577	0.76917	0.76930			6
2026.02.13	01:22:17.803		0.76928			4
2026.02.13	01:22:21.865	0.76919				2
2026.02.13	01:22:34.515	0.76918				2
2026.02.13	01:22:43.592	0.76919	0.76929			6
2026.02.13	01:22:53.603	0.76920				2
2026.02.13	01:23:09.095	0.76920				2
2026.02.13	01:23:30.725	0.76918				2
2026.02.13	01:23:45.160		0.76929			4
2026.02.13	01:23:55.623		0.76931			4
2026.02.13	01:24:05.776	0.76919				2
2026.02.13	01:24:14.555	0.76920				2
2026.02.13	01:24:38.641		0.76930			4
2026.02.13	01:24:55.296	0.76922	0.76931			6
2026.02.13	01:24:58.007	0.76921	0.76930			6
2026.02.13	01:25:00.382	0.76922	0.76932			6
2026.02.13	01:25:28.983	0.76921				2
2026.02.13	01:25:34.749	0.76920				2
2026.02.13	01:25:45.811	0.76921	0.76933			6
2026.02.13	01:26:00.460	0.76921				2
2026.02.13	01:26:10.476	0.76922	0.76932			6
2026.02.13	01:26:25.361	0.76923	0.76934			6
2026.02.13	01:27:01.087	0.76923				2
2026.02.13	01:27:17.005	0.76919	0.76931			6
2026.02.13	01:27:30.425	0.76918	0.76930			6
2026.02.13	01:27:52.682		0.76929			4
2026.02.13	01:28:03.162	0.76920	0.76930			6
2026.02.13	01:28:04.752	0.76919				2
2026.02.13	01:28:14.750	0.76918	0.76931			6
2026.02.13	01:28:51.729	0.76919				2
2026.02.13	01:29:00.484	0.76921	0.76932			6
2026.02.13	01:29:05.041		0.76934			4
2026.02.13	01:29:06.936	0.76923	0.76937			6
2026.02.13	01:29:10.317	0.76927	0.76939			6
2026.02.13	01:29:20.238		0.76938			4
2026.02.13	01:29:23.970	0.76930	0.76939			6
2026.02.13	01:29:24.280	0.76931	0.76940			6
2026.02.13	01:29:40.476		0.76941			4
2026.02.13	01:29:45.910		0.76942			4
2026.02.13	01:30:00.410	0.76930				2
2026.02.13	01:30:03.246		0.76933			4
2026.02.13	01:30:06.725	0.76933	0.76942			6
2026.02.13	01:30:08.992		0.76944			4
2026.02.13	01:30:11.134	0.76935				2
2026.02.13	01:30:12.414	0.76933	0.76945			6
2026.02.13	01:30:14.537	0.76931	0.76944			6
2026.02.13	01:30:15.361	0.76935				2
2026.02.13	01:30:15.994	0.76933	0.76943			6
2026.02.13	01:30:21.157		0.76944			4
2026.02.13	01:30:49.829		0.76943			4
2026.02.13	01:30:50.241	0.76932	0.76944			6
2026.02.13	01:31:00.051	0.76932				2
2026.02.13	01:31:10.026		0.76942			4
2026.02.13	01:31:16.964		0.76945			4
2026.02.13	01:31:26.875		0.76946			4
2026.02.13	01:31:34.043	0.76937	0.76950			6
2026.02.13	01:31:36.772	0.76936				2
2026.02.13	01:31:38.091	0.76935	0.76947			6
2026.02.13	01:31:40.198	0.76937	0.76946			6
2026.02.13	01:31:41.260	0.76934	0.76947			6
2026.02.13	01:31:43.814		0.76948			4
2026.02.13	01:31:51.855	0.76933	0.76946			6
2026.02.13	01:32:01.333	0.76934	0.76947			6
2026.02.13	01:32:02.191		0.76946			4
2026.02.13	01:32:06.793		0.76944			4
2026.02.13	01:32:08.543	0.76936	0.76947			6
2026.02.13	01:32:11.358	0.76937	0.76948			6
2026.02.13	01:32:15.461		0.76946			4
2026.02.13	01:32:20.680		0.76948			4
2026.02.13	01:32:25.794	0.76935	0.76949			6
2026.02.13	01:32:35.845	0.76944	0.76953			6
2026.02.13	01:32:36.243	0.76946				2
2026.02.13	01:32:36.559	0.76947				2
2026.02.13	01:32:36.965	0.76952				2
2026.02.13	01:32:37.317	0.76953	0.76954			6
2026.02.13	01:32:37.639	0.76943	0.76952			6
2026.02.13	01:32:38.050	0.76940	0.76950			6
2026.02.13	01:32:38.385	0.76950	0.76951			6
2026.02.13	01:32:42.857	0.76949	0.76950			6
2026.02.13	01:32:44.117		0.76951			4
2026.02.13	01:32:45.212	0.76950				2
2026.02.13	01:32:47.084	0.76951	0.76952			6
2026.02.13	01:32:48.869	0.76950	0.76951			6
2026.02.13	01:32:49.680	0.76948	0.76949			6
2026.02.13	01:32:56.729	0.76940				2
2026.02.13	01:32:57.318	0.76946				2
2026.02.13	01:33:01.593	0.76946	0.76948			6
2026.02.13	01:33:02.860	0.76945				2
2026.02.13	01:33:11.508	0.76940	0.76942			6
2026.02.13	01:33:11.863	0.76939				2
2026.02.13	01:33:20.990	0.76933				2
2026.02.13	01:33:22.339	0.76934	0.76943			6
2026.02.13	01:33:23.557		0.76940			4
2026.02.13	01:33:24.207	0.76933	0.76937			6
2026.02.13	01:33:34.799	0.76930	0.76934			6
2026.02.13	01:33:36.800	0.76929				2
2026.02.13	01:33:37.370	0.76928	0.76932			6
2026.02.13	01:33:39.373	0.76929				2
2026.02.13	01:33:40.968	0.76928				2
2026.02.13	01:33:43.492	0.76927	0.76931			6
2026.02.13	01:33:45.756	0.76925	0.76929			6
2026.02.13	01:33:48.631	0.76924				2
2026.02.13	01:33:51.748	0.76925				2
2026.02.13	01:33:54.396	0.76920				2
2026.02.13	01:34:01.059	0.76920				2
2026.02.13	01:34:07.399	0.76921				2
2026.02.13	01:34:09.914	0.76920				2
2026.02.13	01:34:10.361	0.76921				2
2026.02.13	01:34:13.212	0.76917	0.76925			6
2026.02.13	01:34:13.795	0.76914	0.76923			6
2026.02.13	01:34:15.925	0.76915				2
2026.02.13	01:34:16.763	0.76918	0.76926			6
2026.02.13	01:34:19.623	0.76923				2
2026.02.13	01:34:20.865	0.76922				2
2026.02.13	01:34:21.433	0.76923				2
2026.02.13	01:34:26.981	0.76922	0.76929			6
2026.02.13	01:34:28.035	0.76924				2
2026.02.13	01:34:37.253		0.76928			4
2026.02.13	01:34:38.025	0.76923	0.76927			6
2026.02.13	01:34:39.659	0.76924				2
2026.02.13	01:34:41.283	0.76923	0.76928			6
2026.02.13	01:34:41.600	0.76921	0.76926			6
2026.02.13	01:34:42.925	0.76918	0.76924			6
2026.02.13	01:34:43.260	0.76919				2
2026.02.13	01:34:44.541	0.76920				2
2026.02.13	01:34:48.378	0.76919				2
2026.02.13	01:34:49.467		0.76923			4
2026.02.13	01:34:50.873	0.76915				2
2026.02.13	01:34:57.957		0.76925			4
2026.02.13	01:35:00.924	0.76915				2
2026.02.13	01:35:02.242		0.76923			4
2026.02.13	01:35:02.716	0.76916				2
2026.02.13	01:35:03.321	0.76915				2
2026.02.13	01:35:04.907	0.76916				2
2026.02.13	01:35:08.231	0.76913	0.76921			6
2026.02.13	01:35:09.441		0.76920			4
2026.02.13	01:35:10.676	0.76912				2
2026.02.13	01:35:16.417	0.76913				2
2026.02.13	01:35:20.836		0.76923			4
2026.02.13	01:35:21.144	0.76914				2
2026.02.13	01:35:22.190	0.76915				2
2026.02.13	01:35:24.478	0.76916	0.76925			6
2026.02.13	01:35:25.434	0.76920				2
2026.02.13	01:35:32.724	0.76919	0.76923			6
2026.02.13	01:35:49.188		0.76924			4
2026.02.13	01:35:50.213	0.76920				2
2026.02.13	01:35:50.779	0.76921				2
2026.02.13	01:35:55.792	0.76917				2
2026.02.13	01:36:00.476	0.76917				2
2026.02.13	01:36:00.992	0.76916				2
2026.02.13	01:36:02.969	0.76915	0.76923			6
2026.02.13	01:36:07.214		0.76924			4
2026.02.13	01:36:08.216	0.76916				2
2026.02.13	01:36:10.844	0.76917				2
2026.02.13	01:36:11.826	0.76919	0.76928			6
2026.02.13	01:36:12.851	0.76920				2
2026.02.13	01:36:14.733	0.76922	0.76930			6
2026.02.13	01:36:16.153	0.76926				2
2026.02.13	01:36:21.121	0.76923	0.76929			6
2026.02.13	01:36:28.451	0.76922				2
2026.02.13	01:36:31.140		0.76928			4
2026.02.13	01:36:36.225	0.76923				2
2026.02.13	01:36:47.257	0.76919				2
2026.02.13	01:36:51.257		0.76929			4
2026.02.13	01:36:57.002	0.76920				2
2026.02.13	01:37:00.459	0.76920				2
2026.02.13	01:37:10.707	0.76923	0.76931			6
2026.02.13	01:37:11.452	0.76925	0.76934			6
2026.02.13	01:37:12.465	0.76926	0.76933			6
2026.02.13	01:37:13.989	0.76927				2
2026.02.13	01:37:18.459		0.76934			4
2026.02.13	01:37:22.363		0.76935			4
2026.02.13	01:37:29.676		0.76934			4
2026.02.13	01:37:29.986		0.76935			4
2026.02.13	01:37:30.374	0.76928				2
2026.02.13	01:37:31.468	0.76932				2
2026.02.13	01:37:39.413		0.76936			4
2026.02.13	01:37:40.433	0.76933				2
2026.02.13	01:38:00.258	0.76933				2
2026.02.13	01:38:02.733	0.76930				2
2026.02.13	01:38:05.408		0.76937			4
2026.02.13	01:38:07.554		0.76936			4
2026.02.13	01:38:29.708	0.76923	0.76932			6
2026.02.13	01:38:30.324		0.76930			4
2026.02.13	01:38:41.260		0.76929			4
2026.02.13	01:38:42.406	0.76922				2
2026.02.13	01:38:43.662		0.76930			4
2026.02.13	01:38:44.596		0.76931			4
2026.02.13	01:38:47.261	0.76926				2
2026.02.13	01:38:49.207	0.76924	0.76929			6
2026.02.13	01:38:50.517		0.76928			4
2026.02.13	01:38:51.225	0.76923				2
2026.02.13	01:38:52.060		0.76929			4
2026.02.13	01:38:54.749		0.76928			4
2026.02.13	01:39:00.161	0.76923	0.76929			6
2026.02.13	01:39:02.859		0.76928			4
2026.02.13	01:39:05.477	0.76922	0.76927			6
2026.02.13	01:39:06.534	0.76921	0.76925			6
2026.02.13	01:39:07.781		0.76926			4
2026.02.13	01:39:08.559	0.76922				2
2026.02.13	01:39:10.725		0.76925			4
2026.02.13	01:39:13.425	0.76921	0.76922			6
2026.02.13	01:39:14.474		0.76925			4
2026.02.13	01:39:14.867		0.76922			4
2026.02.13	01:39:15.216		0.76925			4
2026.02.13	01:39:15.623		0.76922			4
2026.02.13	01:39:16.007		0.76925			4
2026.02.13	01:39:16.630	0.76922				2
2026.02.13	01:39:17.361		0.76926			4
2026.02.13	01:39:18.132	0.76918				2
2026.02.13	01:39:20.388	0.76919				2
2026.02.13	01:39:24.398	0.76917				2
2026.02.13	01:39:25.151	0.76919				2
2026.02.13	01:39:36.310	0.76918	0.76925			6
2026.02.13	01:39:38.561		0.76926			4
2026.02.13	01:39:43.719		0.76925			4
2026.02.13	01:39:46.001	0.76919	0.76927			6
2026.02.13	01:39:46.353		0.76926			4
2026.02.13	01:39:46.660		0.76928			4
2026.02.13	01:39:47.019	0.76920				2
2026.02.13	01:39:54.973	0.76921				2
2026.02.13	01:39:57.511	0.76920				2
2026.02.13	01:39:58.259	0.76924	0.76927			6
2026.02.13	01:40:00.036	0.76924	0.76928			6
2026.02.13	01:40:01.871		0.76927			4
2026.02.13	01:40:02.192	0.76923				2
2026.02.13	01:40:02.606		0.76926			4
2026.02.13	01:40:03.288	0.76922				2
2026.02.13	01:40:07.137	0.76921	0.76924			6
2026.02.13	01:40:08.227	0.76920				2
2026.02.13	01:40:08.591	0.76919	0.76923			6
2026.02.13	01:40:08.898	0.76920				2
2026.02.13	01:40:12.278	0.76919				2
2026.02.13	01:40:14.580	0.76917	0.76921			6
2026.02.13	01:40:15.383	0.76918				2
2026.02.13	01:40:19.605		0.76922			4
2026.02.13	01:40:20.493	0.76917	0.76921			6
2026.02.13	01:40:21.543	0.76918				2
2026.02.13	01:40:22.737	0.76919	0.76922			6
2026.02.13	01:40:23.170	0.76918	0.76921			6
2026.02.13	01:40:23.640		0.76922			4
2026.02.13	01:40:24.722		0.76921			4
2026.02.13	01:40:26.265		0.76922			4
2026.02.13	01:40:26.635		0.76921			4
2026.02.13	01:40:28.881	0.76914				2
2026.02.13	01:40:30.445	0.76915	0.76922			6
2026.02.13	01:40:37.060		0.76923			4
2026.02.13	01:40:38.194	0.76916				2
2026.02.13	01:40:39.315	0.76917	0.76924			6
2026.02.13	01:40:43.941	0.76921				2
2026.02.13	01:40:53.521	0.76920				2
2026.02.13	01:40:54.901	0.76917	0.76922			6
2026.02.13	01:40:56.275	0.76918				2
2026.02.13	01:41:00.551	0.76918				2
2026.02.13	01:41:06.663	0.76919				2
2026.02.13	01:41:07.532		0.76925			4
2026.02.13	01:41:08.014	0.76920	0.76924			6
2026.02.13	01:41:09.382	0.76921				2
2026.02.13	01:41:10.995	0.76917				2
2026.02.13	01:41:11.854	0.76918	0.76923			6
2026.02.13	01:41:12.371		0.76924			4
2026.02.13	01:41:12.912	0.76919				2
2026.02.13	01:41:14.365	0.76917				2
2026.02.13	01:41:20.587	0.76918				2
2026.02.13	01:41:25.174	0.76917				2
2026.02.13	01:41:28.831	0.76916	0.76922			6
2026.02.13	01:41:33.795		0.76923			4
2026.02.13	01:41:35.923		0.76924			4
2026.02.13	01:41:39.329	0.76917				2
2026.02.13	01:41:39.676	0.76918				2
2026.02.13	01:41:47.345	0.76919				2
2026.02.13	01:42:00.577	0.76919				2
2026.02.13	01:42:02.259	0.76920				2
2026.02.13	01:42:03.682	0.76921	0.76925			6
2026.02.13	01:42:06.244		0.76926			4
2026.02.13	01:42:07.552		0.76927			4
2026.02.13	01:42:07.923	0.76923				2
2026.02.13	01:42:10.067	0.76922				2
2026.02.13	01:42:10.407	0.76920				2
2026.02.13	01:42:16.614	0.76921				2
2026.02.13	01:42:17.644	0.76920				2
2026.02.13	01:42:19.997		0.76926			4
2026.02.13	01:42:22.264	0.76919				2
2026.02.13	01:42:24.613	0.76921				2
2026.02.13	01:42:29.505	0.76922	0.76927			6
2026.02.13	01:42:49.613	0.76924	0.76928			6
2026.02.13	01:42:55.922	0.76922				2
2026.02.13	01:43:01.269	0.76922	0.76927			6
2026.02.13	01:43:01.986		0.76928			4
2026.02.13	01:43:02.380	0.76921				2
2026.02.13	01:43:16.880		0.76927			4
2026.02.13	01:43:17.199		0.76928			4
2026.02.13	01:43:18.588		0.76927			4
2026.02.13	01:43:19.850		0.76928			4
2026.02.13	01:43:23.150	0.76920	0.76926			6
2026.02.13	01:43:28.382		0.76927			4
2026.02.13	01:43:32.972	0.76922				2
2026.02.13	01:43:38.454	0.76923				2
2026.02.13	01:43:39.313	0.76924				2
2026.02.13	01:43:40.613		0.76928			4
2026.02.13	01:43:47.636	0.76923				2
2026.02.13	01:43:53.799	0.76924				2
2026.02.13	01:43:54.118		0.76929			4
2026.02.13	01:43:55.453	0.76925				2
2026.02.13	01:44:00.159	0.76924	0.76928			6
2026.02.13	01:44:01.475	0.76925	0.76930			6
2026.02.13	01:44:02.128	0.76926				2
2026.02.13	01:44:02.894		0.76931			4
2026.02.13	01:44:04.283	0.76925				2
2026.02.13	01:44:07.590	0.76923	0.76929			6
2026.02.13	01:44:12.213		0.76930			4
2026.02.13	01:44:13.315	0.76924				2
2026.02.13	01:44:14.313	0.76923				2
2026.02.13	01:44:16.335	0.76924				2
2026.02.13	01:44:16.643	0.76923				2
2026.02.13	01:44:17.445	0.76922				2
2026.02.13	01:44:19.313	0.76923				2
2026.02.13	01:44:23.259		0.76929			4
2026.02.13	01:44:25.660		0.76930			4
2026.02.13	01:44:27.439		0.76929			4
2026.02.13	01:44:28.475		0.76930			4
2026.02.13	01:44:29.780		0.76929			4
2026.02.13	01:44:39.644	0.76922				2
2026.02.13	01:44:51.104	0.76923				2
2026.02.13	01:44:52.313	0.76922				2
2026.02.13	01:44:55.286	0.76925				2
2026.02.13	01:45:00.544	0.76925				2
2026.02.13	01:45:01.632	0.76924				2
2026.02.13	01:45:08.333	0.76925				2
2026.02.13	01:45:10.358		0.76930			4
2026.02.13	01:45:11.142	0.76926	0.76931			6
2026.02.13	01:45:12.399	0.76927				2
2026.02.13	01:45:20.068	0.76928	0.76932			6
2026.02.13	01:45:22.197	0.76929				2
2026.02.13	01:45:26.007	0.76927				2
2026.02.13	01:45:29.088	0.76926				2
2026.02.13	01:45:30.334	0.76925				2
2026.02.13	01:45:31.332	0.76929	0.76936			6
2026.02.13	01:45:32.691		0.76935			4
2026.02.13	01:45:33.100		0.76937			4
2026.02.13	01:45:35.927		0.76936			4
2026.02.13	01:45:38.002	0.76932				2
2026.02.13	01:45:46.942	0.76931				2
2026.02.13	01:45:51.868	0.76932				2
2026.02.13	01:45:58.056	0.76931				2
2026.02.13	01:45:58.364	0.76930	0.76935			6
2026.02.13	01:45:58.673		0.76934			4
2026.02.13	01:45:58.986		0.76935			4
2026.02.13	01:45:59.985	0.76931				2
2026.02.13	01:46:00.435	0.76931				2
2026.02.13	01:46:01.286	0.76930	0.76934			6
2026.02.13	01:46:07.520	0.76931	0.76936			6
2026.02.13	01:46:08.382	0.76930				2
2026.02.13	01:46:08.725		0.76935			4
2026.02.13	01:46:17.055		0.76936			4
2026.02.13	01:46:18.041		0.76935			4
2026.02.13	01:46:21.721		0.76936			4
2026.02.13	01:46:23.975	0.76931				2
2026.02.13	01:46:24.711		0.76937			4
2026.02.13	01:46:26.602		0.76936			4
2026.02.13	01:46:28.368	0.76930	0.76935			6
2026.02.13	01:46:34.662	0.76931	0.76938			6
2026.02.13	01:46:38.416	0.76932				2
2026.02.13	01:46:39.399	0.76933				2
2026.02.13	01:46:40.248		0.76939			4
2026.02.13	01:46:40.857		0.76938			4
2026.02.13	01:46:41.730		0.76939			4
2026.02.13	01:46:43.394	0.76932	0.76938			6
2026.02.13	01:46:44.262	0.76933				2
2026.02.13	01:46:45.958	0.76932				2
2026.02.13	01:46:51.589	0.76933				2
2026.02.13	01:46:51.899	0.76932				2
2026.02.13	01:46:54.062		0.76937			4
2026.02.13	01:46:59.368	0.76929	0.76935			6
2026.02.13	01:46:59.897		0.76936			4
2026.02.13	01:47:00.895	0.76930	0.76935			6
2026.02.13	01:47:03.935	0.76936	0.76943			6
2026.02.13	01:47:05.427	0.76937				2
2026.02.13	01:47:07.263		0.76944			4
2026.02.13	01:47:07.630	0.76936	0.76941			6
2026.02.13	01:47:09.083	0.76935				2
2026.02.13	01:47:11.538		0.76940			4
2026.02.13	01:47:11.975		0.76941			4
2026.02.13	01:47:14.359		0.76940			4
2026.02.13	01:47:18.443		0.76941			4
2026.02.13	01:47:30.460		0.76940			4
2026.02.13	01:47:30.776	0.76934				2
2026.02.13	01:47:34.772		0.76941			4
2026.02.13	01:47:38.234		0.76940			4
2026.02.13	01:47:46.286	0.76935	0.76942			6
2026.02.13	01:47:59.748	0.76936	0.76943			6
2026.02.13	01:48:00.760	0.76936				2
2026.02.13	01:48:09.926	0.76937				2
2026.02.13	01:48:17.084	0.76936	0.76942			6
2026.02.13	01:48:29.521	0.76937				2
2026.02.13	01:48:30.264	0.76936				2
2026.02.13	01:48:39.263	0.76937				2
2026.02.13	01:48:40.865	0.76934	0.76940			6
2026.02.13	01:48:41.803		0.76939			4
2026.02.13	01:48:43.916	0.76930	0.76936			6
2026.02.13	01:48:56.059	0.76931	0.76937			6
2026.02.13	01:48:56.561	0.76932				2
2026.02.13	01:48:58.548	0.76934	0.76940			6
2026.02.13	01:48:59.875	0.76935				2
2026.02.13	01:49:00.829	0.76935				2
2026.02.13	01:49:01.396		0.76941			4
2026.02.13	01:49:01.733		0.76940			4
2026.02.13	01:49:14.925	0.76934				2
2026.02.13	01:49:21.794	0.76933	0.76939			6
2026.02.13	01:49:46.401	0.76932	0.76937			6
2026.02.13	01:49:50.740		0.76938			4
2026.02.13	01:49:51.174		0.76937			4
2026.02.13	01:49:56.705		0.76938			4
2026.02.13	01:50:00.828	0.76932				2
2026.02.13	01:50:02.360		0.76939			4
2026.02.13	01:50:03.234	0.76933	0.76940			6
2026.02.13	01:50:07.898	0.76934	0.76941			6
2026.02.13	01:50:08.448		0.76940			4
2026.02.13	01:50:10.485	0.76932	0.76937			6
2026.02.13	01:50:23.008		0.76938			4
2026.02.13	01:50:23.992	0.76933				2
2026.02.13	01:50:41.813	0.76934	0.76939			6
2026.02.13	01:50:43.559	0.76935				2
2026.02.13	01:50:46.058		0.76940			4
2026.02.13	01:50:46.533	0.76933				2
2026.02.13	01:50:49.166	0.76930	0.76935			6
2026.02.13	01:50:51.959	0.76929				2
2026.02.13	01:50:53.053		0.76934			4
2026.02.13	01:50:57.851		0.76936			4
2026.02.13	01:50:58.181		0.76935			4
2026.02.13	01:50:59.489	0.76930	0.76937			6
2026.02.13	01:51:00.340	0.76930	0.76935			6
2026.02.13	01:51:08.074		0.76936			4
2026.02.13	01:51:09.492		0.76935			4
2026.02.13	01:51:11.324		0.76936			4
2026.02.13	01:51:15.137		0.76935			4
2026.02.13	01:51:16.177		0.76936			4
2026.02.13	01:51:19.065		0.76935			4
2026.02.13	01:51:21.746		0.76936			4
2026.02.13	01:51:29.560	0.76931				2
2026.02.13	01:51:34.666		0.76935			4
2026.02.13	01:51:35.589		0.76937			4
2026.02.13	01:51:36.039		0.76935			4
2026.02.13	01:51:37.273		0.76936			4
2026.02.13	01:51:39.306	0.76932	0.76937			6
2026.02.13	01:51:43.193	0.76933				2
2026.02.13	01:51:43.735	0.76932				2
2026.02.13	01:51:46.842	0.76933				2
2026.02.13	01:51:48.883	0.76932				2
2026.02.13	01:51:51.241	0.76937	0.76946			6
2026.02.13	01:51:52.371	0.76939				2
2026.02.13	01:51:52.969	0.76938	0.76943			6
2026.02.13	01:51:59.532	0.76939	0.76945			6
2026.02.13	01:52:00.168	0.76938				2
2026.02.13	01:52:00.506		0.76944			4
2026.02.13	01:52:02.258		0.76943			4
2026.02.13	01:52:03.028	0.76940	0.76946			6
2026.02.13	01:52:03.339	0.76941	0.76948			6
2026.02.13	01:52:04.063	0.76939	0.76944			6
2026.02.13	01:52:09.417		0.76943			4
2026.02.13	01:52:50.471	0.76937				2
2026.02.13	01:52:57.419	0.76938				2
2026.02.13	01:53:00.200	0.76938				2
2026.02.13	01:53:00.693	0.76937				2
2026.02.13	01:53:02.830	0.76936	0.76942			6
2026.02.13	01:53:04.812	0.76937	0.76943			6
2026.02.13	01:53:05.471		0.76945			4
2026.02.13	01:53:05.773	0.76939	0.76944			6
2026.02.13	01:53:06.381	0.76940	0.76945			6
2026.02.13	01:53:10.301		0.76946			4
2026.02.13	01:53:11.524		0.76945			4
2026.02.13	01:53:18.715		0.76944			4
2026.02.13	01:53:23.838		0.76946			4
2026.02.13	01:53:24.412	0.76941				2
2026.02.13	01:53:27.440		0.76945			4
2026.02.13	01:53:31.314	0.76945	0.76951			6
2026.02.13	01:53:31.645	0.76946	0.76952			6
2026.02.13	01:53:33.992	0.76947	0.76954			6
2026.02.13	01:53:35.650		0.76952			4
2026.02.13	01:53:53.305	0.76948	0.76954			6
2026.02.13	01:53:56.980	0.76949	0.76955			6
2026.02.13	01:53:59.234		0.76956			4
2026.02.13	01:53:59.700		0.76955			4
2026.02.13	01:54:00.252	0.76951	0.76956			6
2026.02.13	01:54:00.560	0.76952	0.76958			6
2026.02.13	01:54:01.840		0.76957			4
2026.02.13	01:54:02.141		0.76958			4
2026.02.13	01:54:12.625		0.76957			4
2026.02.13	01:54:14.560	0.76951	0.76958			6
2026.02.13	01:54:16.267		0.76957			4
2026.02.13	01:54:19.658		0.76959			4
2026.02.13	01:54:24.276		0.76958			4
2026.02.13	01:54:33.959	0.76955	0.76960			6
2026.02.13	01:54:36.677		0.76961			4
2026.02.13	01:54:39.640	0.76953	0.76958			6
2026.02.13	01:54:41.690	0.76950	0.76956			6
2026.02.13	01:54:42.003	0.76951				2
2026.02.13	01:54:46.495		0.76957			4
2026.02.13	01:55:01.322	0.76951				2
2026.02.13	01:55:01.805	0.76953				2
2026.02.13	01:55:02.422	0.76954	0.76960			6
2026.02.13	01:55:08.848	0.76955	0.76961			6
2026.02.13	01:55:11.855		0.76960			4
2026.02.13	01:55:12.232	0.76957	0.76963			6
2026.02.13	01:55:19.658		0.76962			4
2026.02.13	01:55:22.708	0.76956	0.76961			6
2026.02.13	01:55:23.076	0.76959	0.76964			6
2026.02.13	01:55:28.218		0.76965			4
2026.02.13	01:55:28.730		0.76964			4
2026.02.13	01:55:30.750		0.76965			4
2026.02.13	01:55:32.314		0.76964			4
2026.02.13	01:55:33.871		0.76963			4
2026.02.13	01:55:36.299		0.76964			4
2026.02.13	01:55:41.547		0.76963			4
2026.02.13	01:55:50.858		0.76964			4
2026.02.13	01:55:56.414		0.76966			4
2026.02.13	01:55:56.829		0.76964			4
2026.02.13	01:56:02.272	0.76959				2
2026.02.13	01:56:07.390	0.76958	0.76966			6
2026.02.13	01:56:07.993	0.76959				2
2026.02.13	01:56:09.804	0.76958	0.76962			6
2026.02.13	01:56:10.448		0.76963			4
2026.02.13	01:56:15.665		0.76964			4
2026.02.13	01:56:20.388		0.76963			4
2026.02.13	01:56:38.369	0.76953	0.76961			6
2026.02.13	01:56:40.100	0.76952	0.76958			6
2026.02.13	01:56:45.747	0.76951				2
2026.02.13	01:56:50.896	0.76950	0.76957			6
2026.02.13	01:56:51.405	0.76951				2
2026.02.13	01:56:53.112	0.76949	0.76955			6
2026.02.13	01:56:55.361	0.76950	0.76956			6
2026.02.13	01:56:59.474		0.76957			4
2026.02.13	01:57:00.314	0.76950				2
2026.02.13	01:57:01.020	0.76951				2
2026.02.13	01:57:03.325	0.76950	0.76956			6
2026.02.13	01:57:04.721	0.76949				2
2026.02.13	01:57:05.063	0.76950	0.76957			6
2026.02.13	01:57:06.197	0.76949				2
2026.02.13	01:57:08.368		0.76956			4
2026.02.13	01:57:12.459		0.76955			4
2026.02.13	01:57:13.548		0.76956			4
2026.02.13	01:57:15.377		0.76955			4
2026.02.13	01:57:16.899	0.76952	0.76959			6
2026.02.13	01:57:17.926	0.76954	0.76960			6
2026.02.13	01:57:19.474		0.76959			4
2026.02.13	01:57:23.396		0.76960			4
2026.02.13	01:57:25.077		0.76958			4
2026.02.13	01:57:25.515		0.76960			4
2026.02.13	01:57:28.473	0.76955	0.76959			6
2026.02.13	01:57:30.262	0.76953				2
2026.02.13	01:57:37.085		0.76961			4
2026.02.13	01:57:37.968		0.76959			4
2026.02.13	01:57:38.960		0.76960			4
2026.02.13	01:57:40.841	0.76955	0.76962			6
2026.02.13	01:57:41.155		0.76961			4
2026.02.13	01:57:44.638	0.76956				2
2026.02.13	01:57:45.335		0.76962			4
2026.02.13	01:57:46.326	0.76955				2
2026.02.13	01:57:47.140		0.76961			4
2026.02.13	01:57:48.346	0.76957	0.76963			6
2026.02.13	01:57:49.614	0.76958				2
2026.02.13	01:57:51.460		0.76962			4
2026.02.13	01:57:55.394	0.76959	0.76965			6
2026.02.13	01:57:55.699		0.76964			4
2026.02.13	01:57:56.389	0.76958	0.76963			6
2026.02.13	01:57:57.819	0.76959				2
2026.02.13	01:58:00.666	0.76959				2
2026.02.13	01:58:08.801	0.76958				2
2026.02.13	01:58:09.158	0.76956				2
2026.02.13	01:58:10.612	0.76955	0.76962			6
2026.02.13	01:58:16.999	0.76956	0.76963			6
2026.02.13	01:58:21.163		0.76962			4
2026.02.13	01:58:22.899	0.76955				2
2026.02.13	01:58:29.232	0.76954	0.76960			6
2026.02.13	01:58:37.541	0.76953				2
2026.02.13	01:58:45.665		0.76959			4
2026.02.13	01:58:49.023	0.76950	0.76957			6
2026.02.13	01:58:49.363		0.76955			4
2026.02.13	01:58:50.949	0.76949				2
2026.02.13	01:59:00.194	0.76949				2
2026.02.13	01:59:00.663	0.76948	0.76954			6
2026.02.13	01:59:01.626	0.76945	0.76952			6
2026.02.13	01:59:09.458	0.76946				2
2026.02.13	01:59:09.927		0.76953			4
2026.02.13	01:59:12.159		0.76952			4
2026.02.13	01:59:13.178	0.76948	0.76955			6
2026.02.13	01:59:13.484		0.76956			4
2026.02.13	01:59:14.581	0.76950				2
2026.02.13	01:59:16.674		0.76955			4
2026.02.13	01:59:17.514	0.76951	0.76958			6
2026.02.13	01:59:17.968	0.76952				2
2026.02.13	01:59:18.544	0.76953	0.76957			6
2026.02.13	01:59:22.187	0.76952				2
2026.02.13	01:59:24.423	0.76953				2
2026.02.13	01:59:27.041	0.76952				2
2026.02.13	01:59:30.599	0.76951				2
2026.02.13	01:59:36.000	0.76949	0.76955			6
2026.02.13	01:59:37.477	0.76950	0.76957			6
2026.02.13	01:59:38.543	0.76951				2
2026.02.13	01:59:39.575	0.76952	0.76956			6
2026.02.13	01:59:41.898		0.76957			4
2026.02.13	01:59:42.807	0.76950				2
2026.02.13	01:59:43.336	0.76951				2
2026.02.13	01:59:48.044		0.76956			4
2026.02.13	01:59:49.793		0.76955			4
2026.02.13	01:59:50.295	0.76950				2
2026.02.13	01:59:51.563	0.76949	0.76956			6
2026.02.13	01:59:53.688		0.76955			4
2026.02.13	01:59:55.500		0.76956			4
2026.02.13	01:59:57.379		0.76955			4
2026.02.13	01:59:58.005	0.76948				2
2026.02.13	02:00:00.133	0.76949	0.76957			6
2026.02.13	02:00:00.441	0.76950				2
2026.02.13	02:00:00.821		0.76956			4
2026.02.13	02:00:01.937	0.76951				2
2026.02.13	02:00:02.250	0.76950				2
2026.02.13	02:00:02.616	0.76951				2
2026.02.13	02:00:03.750	0.76949	0.76955			6
2026.02.13	02:00:04.065	0.76945	0.76952			6
2026.02.13	02:00:04.379	0.76946	0.76953			6
2026.02.13	02:00:05.040	0.76945				2
2026.02.13	02:00:05.347	0.76946				2
2026.02.13	02:00:06.970	0.76945	0.76951			6
2026.02.13	02:00:08.293	0.76943				2
2026.02.13	02:00:09.248	0.76944				2
2026.02.13	02:00:11.089	0.76943				2
2026.02.13	02:00:11.529	0.76945	0.76952			6
2026.02.13	02:00:11.857		0.76953			4
2026.02.13	02:00:12.512	0.76949	0.76956			6
2026.02.13	02:00:13.196	0.76950				2
2026.02.13	02:00:14.852	0.76949	0.76955			6
2026.02.13	02:00:18.841	0.76945	0.76951			6
2026.02.13	02:00:19.657	0.76943				2
2026.02.13	02:00:20.496	0.76944				2
2026.02.13	02:00:21.573	0.76945				2
2026.02.13	02:00:22.387	0.76946	0.76952			6
2026.02.13	02:00:23.465	0.76945	0.76951			6
2026.02.13	02:00:25.444	0.76944	0.76950			6
2026.02.13	02:00:29.338	0.76945	0.76951			6
2026.02.13	02:00:30.112	0.76947				2
2026.02.13	02:00:30.666		0.76954			4
2026.02.13	02:00:31.149	0.76949				2
2026.02.13	02:00:32.035	0.76951				2
2026.02.13	02:00:32.809	0.76950				2
2026.02.13	02:00:33.854		0.76955			4
2026.02.13	02:00:34.802	0.76951	0.76954			6
2026.02.13	02:00:35.462		0.76955			4
2026.02.13	02:00:35.981		0.76956			4
2026.02.13	02:00:38.416	0.76952				2
2026.02.13	02:00:39.377	0.76951				2
2026.02.13	02:00:41.374	0.76950	0.76955			6
2026.02.13	02:00:42.288	0.76951	0.76957			6
2026.02.13	02:00:43.510	0.76952				2
2026.02.13	02:00:47.271	0.76956	0.76962			6
2026.02.13	02:00:47.709	0.76955	0.76961			6
2026.02.13	02:00:48.207		0.76960			4
2026.02.13	02:00:50.800	0.76954	0.76959			6
2026.02.13	02:00:51.145		0.76960			4
2026.02.13	02:00:52.100	0.76955	0.76961			6
2026.02.13	02:00:53.343	0.76956				2
2026.02.13	02:00:54.774	0.76957	0.76963			6
2026.02.13	02:00:55.256	0.76959	0.76965			6
2026.02.13	02:00:57.303	0.76960				2
2026.02.13	02:00:58.292		0.76967			4
2026.02.13	02:00:58.599	0.76961				2
2026.02.13	02:00:59.851		0.76966			4
2026.02.13	02:01:00.291	0.76960				2
2026.02.13	02:01:00.660	0.76961	0.76967			6
2026.02.13	02:01:01.301		0.76966			4
2026.02.13	02:01:01.664	0.76959				2
2026.02.13	02:01:02.143	0.76960				2
2026.02.13	02:01:02.565	0.76959	0.76965			6
2026.02.13	02:01:02.870	0.76957	0.76964			6
2026.02.13	02:01:03.945		0.76963			4
2026.02.13	02:01:05.179	0.76956				2
2026.02.13	02:01:05.481	0.76955				2
2026.02.13	02:01:06.156	0.76956	0.76962			6
2026.02.13	02:01:07.353	0.76955	0.76961			6
2026.02.13	02:01:07.929	0.76954	0.76960			6
2026.02.13	02:01:08.410	0.76955	0.76961			6
2026.02.13	02:01:11.873		0.76962			4
2026.02.13	02:01:12.372	0.76954	0.76961			6
2026.02.13	02:01:15.616		0.76962			4
2026.02.13	02:01:16.441	0.76956				2
2026.02.13	02:01:17.705	0.76958				2
2026.02.13	02:01:18.881		0.76963			4
2026.02.13	02:01:20.166	0.76957				2
2026.02.13	02:01:22.466	0.76954	0.76960			6
2026.02.13	02:01:23.086		0.76961			4
2026.02.13	02:01:23.542	0.76953				2
2026.02.13	02:01:26.069	0.76952	0.76960			6
2026.02.13	02:01:27.293	0.76953				2
2026.02.13	02:01:30.485	0.76952	0.76959			6
2026.02.13	02:01:30.794	0.76951	0.76958			6
2026.02.13	02:01:31.959	0.76952	0.76957			6
2026.02.13	02:01:32.427		0.76958			4
2026.02.13	02:01:35.303	0.76951				2
2026.02.13	02:01:36.324	0.76952				2
2026.02.13	02:01:37.589	0.76951	0.76957			6
2026.02.13	02:01:38.611	0.76952				2
2026.02.13	02:01:39.455		0.76958			4
2026.02.13	02:01:40.415	0.76953				2
2026.02.13	02:01:42.361	0.76952	0.76959			6
2026.02.13	02:01:43.522	0.76954				2
2026.02.13	02:01:44.033		0.76958			4
2026.02.13	02:01:44.532		0.76959			4
2026.02.13	02:01:45.533		0.76958			4
2026.02.13	02:01:46.034	0.76952	0.76957			6
2026.02.13	02:01:46.417	0.76954	0.76959			6
2026.02.13	02:01:47.034	0.76951				2
2026.02.13	02:01:47.605	0.76952	0.76958			6
2026.02.13	02:01:48.928		0.76957			4
2026.02.13	02:01:50.152		0.76959			4
2026.02.13	02:01:51.216	0.76953				2
2026.02.13	02:01:51.590	0.76952				2
2026.02.13	02:01:52.672	0.76953				2
2026.02.13	02:01:54.571	0.76958	0.76966			6
2026.02.13	02:01:54.972		0.76965			4
2026.02.13	02:01:55.733	0.76959				2
2026.02.13	02:01:57.717		0.76966			4
2026.02.13	02:01:58.912	0.76960				2
2026.02.13	02:01:59.449	0.76959				2
2026.02.13	02:02:00.162	0.76959	0.76965			6
2026.02.13	02:02:02.250		0.76966			4
2026.02.13	02:02:02.566	0.76956	0.76963			6
2026.02.13	02:02:03.428	0.76955	0.76962			6
2026.02.13	02:02:03.740		0.76963			4
2026.02.13	02:02:04.050	0.76956				2
2026.02.13	02:02:04.575	0.76957	0.76962			6
2026.02.13	02:02:06.859	0.76958	0.76963			6
2026.02.13	02:02:07.213	0.76957				2
2026.02.13	02:02:09.945		0.76964			4
2026.02.13	02:02:13.216		0.76963			4
2026.02.13	02:02:14.984	0.76958	0.76964			6
2026.02.13	02:02:16.153	0.76959				2
2026.02.13	02:02:17.170		0.76965			4
2026.02.13	02:02:18.471		0.76964			4
2026.02.13	02:02:20.421		0.76965			4
2026.02.13	02:02:20.820	0.76960				2
2026.02.13	02:02:22.076		0.76964			4
2026.02.13	02:02:24.355	0.76959				2
2026.02.13	02:02:27.343	0.76957				2
2026.02.13	02:02:28.347		0.76963			4
2026.02.13	02:02:28.661	0.76956	0.76964			6
2026.02.13	02:02:32.572	0.76957				2
2026.02.13	02:02:33.015	0.76956	0.76963			6
2026.02.13	02:02:34.877	0.76957				2
2026.02.13	02:02:35.208		0.76964			4
2026.02.13	02:02:35.653	0.76958				2
2026.02.13	02:02:37.281	0.76956				2
2026.02.13	02:02:37.970	0.76957				2
2026.02.13	02:02:38.496		0.76963			4
2026.02.13	02:02:39.110		0.76964			4
2026.02.13	02:02:39.989		0.76963			4
2026.02.13	02:02:43.482	0.76956	0.76964			6
2026.02.13	02:02:49.304		0.76963			4
2026.02.13	02:02:52.430	0.76955				2
2026.02.13	02:02:52.748	0.76957				2
2026.02.13	02:02:53.059		0.76964			4
2026.02.13	02:02:54.093	0.76956	0.76965			6
2026.02.13	02:02:59.215		0.76964			4
2026.02.13	02:03:00.380	0.76956				2
2026.02.13	02:03:00.738		0.76965			4
2026.02.13	02:03:01.076		0.76963			4
2026.02.13	02:03:01.997		0.76964			4
2026.02.13	02:03:03.434		0.76963			4
2026.02.13	02:03:04.546	0.76959	0.76966			6
2026.02.13	02:03:10.570		0.76965			4
2026.02.13	02:03:10.986	0.76958	0.76966			6
2026.02.13	02:03:12.100	0.76959	0.76965			6
2026.02.13	02:03:15.703	0.76958				2
2026.02.13	02:03:16.807	0.76957	0.76964			6
2026.02.13	02:03:18.392	0.76959	0.76965			6
2026.02.13	02:03:19.703	0.76957	0.76964			6
2026.02.13	02:03:20.711	0.76956				2
2026.02.13	02:03:22.053	0.76957				2
2026.02.13	02:03:24.460		0.76963			4
2026.02.13	02:03:26.680	0.76956				2
2026.02.13	02:03:27.748	0.76957				2
2026.02.13	02:03:32.265	0.76958				2
2026.02.13	02:03:34.109	0.76957				2
2026.02.13	02:03:35.891	0.76955				2
2026.02.13	02:03:36.194	0.76954	0.76960			6
2026.02.13	02:03:36.559	0.76949	0.76956			6
2026.02.13	02:03:37.215	0.76948	0.76955			6
2026.02.13	02:03:38.644	0.76945	0.76953			6
2026.02.13	02:03:39.275	0.76946	0.76952			6
2026.02.13	02:03:41.897	0.76945	0.76954			6
2026.02.13	02:03:42.605	0.76946				2
2026.02.13	02:03:47.231		0.76953			4
2026.02.13	02:03:48.104	0.76943	0.76951			6
2026.02.13	02:03:48.407		0.76950			4
2026.02.13	02:03:50.754		0.76951			4
2026.02.13	02:03:52.959		0.76950			4
2026.02.13	02:03:56.098	0.76944				2
2026.02.13	02:04:00.168	0.76944				2
2026.02.13	02:04:00.751	0.76945	0.76951			6
2026.02.13	02:04:01.505	0.76936	0.76941			6
2026.02.13	02:04:05.135	0.76939	0.76944			6
2026.02.13	02:04:08.829	0.76938				2
2026.02.13	02:04:10.277	0.76934	0.76941			6
2026.02.13	02:04:13.358	0.76935				2
2026.02.13	02:04:15.812	0.76932	0.76939			6
2026.02.13	02:04:18.893	0.76933				2
2026.02.13	02:04:24.233	0.76938	0.76944			6
2026.02.13	02:04:24.539	0.76937	0.76942			6
2026.02.13	02:04:25.928	0.76936				2
2026.02.13	02:04:26.532	0.76939	0.76945			6
2026.02.13	02:04:27.679	0.76940				2
2026.02.13	02:04:28.284		0.76946			4
2026.02.13	02:04:28.765	0.76938				2
2026.02.13	02:04:30.271	0.76936	0.76944			6
2026.02.13	02:04:31.300	0.76937	0.76945			6
2026.02.13	02:04:31.698		0.76944			4
2026.02.13	02:04:34.361		0.76943			4
2026.02.13	02:04:36.519	0.76938	0.76944			6
2026.02.13	02:04:39.362		0.76945			4
2026.02.13	02:04:42.159		0.76944			4
2026.02.13	02:04:45.562	0.76936	0.76943			6
2026.02.13	02:04:47.444		0.76942			4
2026.02.13	02:04:48.676		0.76943			4
2026.02.13	02:04:49.051	0.76937				2
2026.02.13	02:04:59.936	0.76939	0.76944			6
2026.02.13	02:05:00.273	0.76940	0.76945			6
2026.02.13	02:05:02.283	0.76938				2
2026.02.13	02:05:02.715	0.76940				2
2026.02.13	02:05:03.226	0.76938				2
2026.02.13	02:05:03.553	0.76939	0.76946			6
2026.02.13	02:05:04.069	0.76936	0.76943			6
2026.02.13	02:05:06.459	0.76937				2
2026.02.13	02:05:07.838	0.76939	0.76944			6
2026.02.13	02:05:08.727	0.76938	0.76945			6
2026.02.13	02:05:10.466	0.76937	0.76943			6
2026.02.13	02:05:15.159		0.76944			4
2026.02.13	02:05:19.107	0.76935	0.76943			6
2026.02.13	02:05:20.425	0.76936				2
2026.02.13	02:05:20.978	0.76937				2
2026.02.13	02:05:21.630	0.76939	0.76947			6
2026.02.13	02:05:22.758	0.76941				2
2026.02.13	02:05:27.745	0.76942				2
2026.02.13	02:05:31.628		0.76949			4
2026.02.13	02:05:32.865	0.76943				2
2026.02.13	02:05:34.150	0.76944				2
2026.02.13	02:05:35.126	0.76945	0.76950			6
2026.02.13	02:05:35.502		0.76951			4
2026.02.13	02:05:36.091		0.76950			4
2026.02.13	02:05:39.148	0.76944				2
2026.02.13	02:05:39.801	0.76945				2
2026.02.13	02:05:40.174		0.76951			4
2026.02.13	02:05:40.485	0.76946				2
2026.02.13	02:05:41.353	0.76947				2
2026.02.13	02:05:42.930	0.76951	0.76958			6
2026.02.13	02:05:43.238	0.76952				2
2026.02.13	02:05:46.632	0.76953	0.76959			6
2026.02.13	02:05:50.338	0.76954				2
2026.02.13	02:05:51.745		0.76960			4
2026.02.13	02:05:54.726		0.76961			4
2026.02.13	02:05:56.368		0.76960			4
2026.02.13	02:06:00.528	0.76954				2
2026.02.13	02:06:01.570	0.76953	0.76959			6
2026.02.13	02:06:02.352		0.76958			4
2026.02.13	02:06:02.659		0.76960			4
2026.02.13	02:06:03.422		0.76959			4
2026.02.13	02:06:04.370	0.76951	0.76958			6
2026.02.13	02:06:05.707	0.76953				2
2026.02.13	02:06:06.854	0.76952				2
2026.02.13	02:06:09.129	0.76951				2
2026.02.13	02:06:12.461		0.76957			4
2026.02.13	02:06:15.257		0.76956			4
2026.02.13	02:06:16.940	0.76952	0.76957			6
2026.02.13	02:06:17.304	0.76951				2
2026.02.13	02:06:28.532	0.76946	0.76953			6
2026.02.13	02:06:29.071	0.76947				2
2026.02.13	02:06:34.310		0.76954			4
2026.02.13	02:06:35.317	0.76949				2
2026.02.13	02:06:36.244		0.76955			4
2026.02.13	02:06:38.214	0.76948				2
2026.02.13	02:06:38.523	0.76946	0.76954			6
2026.02.13	02:06:39.272	0.76947	0.76953			6
2026.02.13	02:06:43.244	0.76946				2
2026.02.13	02:06:49.243	0.76945				2
2026.02.13	02:06:49.815	0.76946	0.76954			6
2026.02.13	02:06:50.366		0.76953			4
2026.02.13	02:06:51.529	0.76945				2
2026.02.13	02:06:54.958		0.76952			4
2026.02.13	02:06:55.713	0.76941	0.76949			6
2026.02.13	02:06:57.461	0.76944	0.76951			6
2026.02.13	02:06:58.912	0.76947	0.76954			6
2026.02.13	02:07:00.257	0.76947				2
2026.02.13	02:07:01.226	0.76945	0.76952			6
2026.02.13	02:07:01.595	0.76944				2
2026.02.13	02:07:03.421		0.76951			4
2026.02.13	02:07:04.489	0.76943	0.76950			6
2026.02.13	02:07:04.801		0.76949			4
2026.02.13	02:07:06.694	0.76940	0.76947			6
2026.02.13	02:07:07.331	0.76942	0.76948			6
2026.02.13	02:07:09.687	0.76943				2
2026.02.13	02:07:11.830	0.76942				2
2026.02.13	02:07:12.313	0.76939	0.76945			6
2026.02.13	02:07:12.646	0.76940				2
2026.02.13	02:07:13.384		0.76946			4
2026.02.13	02:07:25.578	0.76941				2
2026.02.13	02:07:27.431	0.76940				2
2026.02.13	02:07:35.543	0.76941	0.76948			6
2026.02.13	02:07:37.332	0.76943				2
2026.02.13	02:07:39.579	0.76942				2
2026.02.13	02:07:41.504	0.76943	0.76949			6
2026.02.13	02:07:42.650	0.76942	0.76948			6
2026.02.13	02:07:45.773		0.76949			4
2026.02.13	02:07:46.996	0.76943	0.76950			6
2026.02.13	02:07:47.880	0.76942	0.76948			6
2026.02.13	02:07:48.738	0.76943	0.76950			6
2026.02.13	02:07:54.840		0.76949			4
2026.02.13	02:07:55.229		0.76950			4
2026.02.13	02:07:55.750	0.76946	0.76952			6
2026.02.13	02:07:56.200	0.76945	0.76951			6
2026.02.13	02:07:58.323	0.76943	0.76949			6
2026.02.13	02:08:00.314	0.76943				2
2026.02.13	02:08:01.043	0.76942				2
2026.02.13	02:08:01.595		0.76948			4
2026.02.13	02:08:06.359	0.76940	0.76947			6
2026.02.13	02:08:07.060	0.76941				2
2026.02.13	02:08:07.682	0.76940	0.76946			6
2026.02.13	02:08:10.378	0.76939	0.76945			6
2026.02.13	02:08:16.300		0.76946			4
2026.02.13	02:08:17.064	0.76936	0.76943			6
2026.02.13	02:08:17.372	0.76937	0.76944			6
2026.02.13	02:08:20.714	0.76939				2
2026.02.13	02:08:24.263	0.76940				2
2026.02.13	02:08:25.461	0.76941				2
2026.02.13	02:08:28.059		0.76945			4
2026.02.13	02:08:30.776	0.76940				2
2026.02.13	02:08:31.141	0.76941				2
2026.02.13	02:08:40.628	0.76939	0.76944			6
2026.02.13	02:08:41.885	0.76935	0.76941			6
2026.02.13	02:08:43.013	0.76937				2
2026.02.13	02:08:44.901		0.76942			4
2026.02.13	02:08:46.611	0.76935	0.76941			6
2026.02.13	02:08:47.293	0.76937	0.76942			6
2026.02.13	02:08:51.164	0.76936				2
2026.02.13	02:08:51.577	0.76935				2
2026.02.13	02:08:54.145	0.76937	0.76944			6
2026.02.13	02:08:54.627	0.76938	0.76945			6
2026.02.13	02:08:55.988		0.76944			4
2026.02.13	02:08:57.530		0.76945			4
2026.02.13	02:09:00.205	0.76938				2
2026.02.13	02:09:07.784	0.76940	0.76946			6
2026.02.13	02:09:12.459	0.76939	0.76945			6
2026.02.13	02:09:18.430		0.76946			4
2026.02.13	02:09:20.102	0.76940				2
2026.02.13	02:09:21.337	0.76942	0.76949			6
2026.02.13	02:09:21.645		0.76948			4
2026.02.13	02:09:22.327		0.76949			4
2026.02.13	02:09:23.806	0.76944				2
2026.02.13	02:09:25.765		0.76948			4
2026.02.13	02:09:28.127	0.76941	0.76947			6
2026.02.13	02:09:29.811	0.76939	0.76945			6
2026.02.13	02:09:31.372	0.76940	0.76946			6
2026.02.13	02:09:32.963		0.76945			4
2026.02.13	02:09:35.290	0.76937	0.76943			6
2026.02.13	02:09:36.472	0.76938				2
2026.02.13	02:09:37.148	0.76939	0.76945			6
2026.02.13	02:09:38.177	0.76940				2
2026.02.13	02:09:45.417	0.76939				2
2026.02.13	02:09:46.779	0.76940				2
2026.02.13	02:09:48.388	0.76937	0.76943			6
2026.02.13	02:09:48.699		0.76944			4
2026.02.13	02:09:50.318	0.76938				2
2026.02.13	02:09:51.875		0.76943			4
2026.02.13	02:09:52.511		0.76944			4
2026.02.13	02:09:54.492	0.76937				2
2026.02.13	02:09:55.241		0.76943			4
2026.02.13	02:09:57.166	0.76938	0.76945			6
2026.02.13	02:09:59.291	0.76941	0.76947			6
2026.02.13	02:10:00.384	0.76941				2
2026.02.13	02:10:00.768		0.76946			4
2026.02.13	02:10:06.952	0.76943	0.76949			6
2026.02.13	02:10:07.358	0.76944	0.76951			6
2026.02.13	02:10:08.265		0.76950			4
2026.02.13	02:10:09.313		0.76949			4
2026.02.13	02:10:15.134	0.76942	0.76948			6
2026.02.13	02:10:15.439		0.76947			4
2026.02.13	02:10:19.725	0.76941	0.76946			6
2026.02.13	02:10:22.683		0.76947			4
2026.02.13	02:10:24.057	0.76943	0.76949			6
2026.02.13	02:10:26.675	0.76944				2
2026.02.13	02:10:29.673	0.76943				2
2026.02.13	02:10:31.983	0.76942	0.76948			6
2026.02.13	02:10:32.987		0.76947			4
2026.02.13	02:10:34.674	0.76940	0.76946			6
2026.02.13	02:10:36.163	0.76939				2
2026.02.13	02:10:36.839	0.76940				2
2026.02.13	02:10:39.302		0.76947			4
2026.02.13	02:10:39.694	0.76941	0.76946			6
2026.02.13	02:10:40.411		0.76947			4
2026.02.13	02:10:40.713		0.76946			4
2026.02.13	02:10:41.794	0.76940	0.76945			6
2026.02.13	02:10:46.322	0.76939	0.76943			6
2026.02.13	02:10:48.075		0.76944			4
2026.02.13	02:10:48.545	0.76937	0.76943			6
2026.02.13	02:10:53.948		0.76942			4
2026.02.13	02:10:54.428		0.76943			4
2026.02.13	02:10:57.610		0.76942			4
2026.02.13	02:11:00.317	0.76937	0.76943			6
2026.02.13	02:11:01.992	0.76940	0.76945			6
2026.02.13	02:11:02.416	0.76939				2
2026.02.13	02:11:02.793	0.76938				2
2026.02.13	02:11:04.726	0.76939	0.76946			6
2026.02.13	02:11:06.895	0.76940				2
2026.02.13	02:11:07.513		0.76947			4
2026.02.13	02:11:08.235		0.76946			4
2026.02.13	02:11:16.173	0.76939	0.76944			6
2026.02.13	02:11:16.932		0.76945			4
2026.02.13	02:11:18.973	0.76938	0.76944			6
2026.02.13	02:11:20.844	0.76939	0.76946			6
2026.02.13	02:11:22.415	0.76940				2
2026.02.13	02:11:23.390		0.76945			4
2026.02.13	02:11:24.242	0.76938	0.76944			6
2026.02.13	02:11:24.609		0.76943			4
2026.02.13	02:11:27.114	0.76941	0.76946			6
2026.02.13	02:11:31.508	0.76940				2
2026.02.13	02:11:31.826		0.76945			4
2026.02.13	02:11:33.900		0.76946			4
2026.02.13	02:11:36.344	0.76942	0.76948			6
2026.02.13	02:11:37.902		0.76947			4
2026.02.13	02:11:39.525	0.76941				2
2026.02.13	02:11:47.352	0.76942	0.76948			6
2026.02.13	02:11:47.697	0.76943				2
2026.02.13	02:11:48.195	0.76942	0.76947			6
2026.02.13	02:11:49.832		0.76948			4
2026.02.13	02:11:51.010	0.76941	0.76947			6
2026.02.13	02:11:52.328	0.76940	0.76946			6
2026.02.13	02:11:52.801		0.76947			4
2026.02.13	02:11:53.865	0.76941	0.76946			6
2026.02.13	02:11:55.275		0.76948			4
2026.02.13	02:11:56.134	0.76942	0.76947			6
2026.02.13	02:11:58.047		0.76949			4
2026.02.13	02:11:58.970	0.76944	0.76948			6
2026.02.13	02:12:00.633	0.76941	0.76946			6
2026.02.13	02:12:00.940	0.76940	0.76945			6
2026.02.13	02:12:01.567	0.76939	0.76944			6
2026.02.13	02:12:09.757	0.76940				2
2026.02.13	02:12:10.636		0.76945			4
2026.02.13	02:12:12.332		0.76946			4
2026.02.13	02:12:18.181	0.76939	0.76944			6
2026.02.13	02:12:18.501	0.76940	0.76946			6
2026.02.13	02:12:24.542	0.76939	0.76944			6
2026.02.13	02:12:30.504		0.76945			4
2026.02.13	02:12:31.457		0.76946			4
2026.02.13	02:12:34.218		0.76945			4
2026.02.13	02:12:35.042	0.76940				2
2026.02.13	02:12:37.563		0.76946			4
2026.02.13	02:12:41.477		0.76945			4
2026.02.13	02:12:41.979		0.76946			4
2026.02.13	02:12:44.141		0.76947			4
2026.02.13	02:12:45.113		0.76945			4
2026.02.13	02:12:47.340	0.76939	0.76944			6
2026.02.13	02:12:52.619		0.76945			4
2026.02.13	02:12:53.613	0.76941	0.76948			6
2026.02.13	02:12:53.947		0.76947			4
2026.02.13	02:12:57.459	0.76942				2
2026.02.13	02:12:57.762		0.76948			4
2026.02.13	02:12:58.207	0.76943				2
2026.02.13	02:12:59.142	0.76944				2
2026.02.13	02:13:03.460	0.76941	0.76947			6
2026.02.13	02:13:04.404		0.76946			4
2026.02.13	02:13:05.100	0.76940	0.76945			6
2026.02.13	02:13:06.825		0.76946			4
2026.02.13	02:13:07.519		0.76945			4
2026.02.13	02:13:10.967	0.76939				2
2026.02.13	02:13:12.144	0.76940	0.76946			6
2026.02.13	02:13:12.850	0.76941				2
2026.02.13	02:13:14.704		0.76947			4
2026.02.13	02:13:15.540		0.76946			4
2026.02.13	02:13:20.577	0.76940				2
2026.02.13	02:13:21.537	0.76941	0.76947			6
2026.02.13	02:13:24.391	0.76942	0.76948			6
2026.02.13	02:13:25.062	0.76943				2
2026.02.13	02:13:26.272	0.76944				2
2026.02.13	02:13:27.403	0.76941				2
2026.02.13	02:13:31.236		0.76947			4
2026.02.13	02:13:34.925		0.76948			4
2026.02.13	02:13:48.305		0.76949			4
2026.02.13	02:13:51.807		0.76948			4
2026.02.13	02:13:55.175	0.76943				2
2026.02.13	02:14:00.521	0.76943	0.76949			6
2026.02.13	02:14:00.868		0.76948			4
2026.02.13	02:14:15.157	0.76944				2
2026.02.13	02:14:17.050		0.76949			4
2026.02.13	02:14:17.376		0.76948			4
2026.02.13	02:14:18.365		0.76949			4
2026.02.13	02:14:18.975		0.76948			4
2026.02.13	02:14:22.031		0.76949			4
2026.02.13	02:14:25.620	0.76943				2
2026.02.13	02:14:27.656		0.76948			4
2026.02.13	02:14:31.782	0.76942				2
2026.02.13	02:14:35.221	0.76940	0.76946			6
2026.02.13	02:14:36.765		0.76947			4
2026.02.13	02:14:38.757	0.76941				2
2026.02.13	02:14:41.020	0.76940				2
2026.02.13	02:14:41.558	0.76941				2
2026.02.13	02:14:58.089	0.76940	0.76946			6
2026.02.13	02:15:00.306	0.76940				2
2026.02.13	02:15:01.550		0.76945			4
2026.02.13	02:15:01.885		0.76946			4
2026.02.13	02:15:02.415		0.76945			4
2026.02.13	02:15:02.850	0.76938	0.76944			6
2026.02.13	02:15:05.157	0.76937	0.76942			6
2026.02.13	02:15:07.672		0.76941			4
2026.02.13	02:15:09.885	0.76934				2
2026.02.13	02:15:10.290	0.76935	0.76942			6
2026.02.13	02:15:11.762	0.76934				2
2026.02.13	02:15:12.563	0.76936	0.76944			6
2026.02.13	02:15:14.266	0.76938	0.76946			6
2026.02.13	02:15:14.585	0.76940	0.76949			6
2026.02.13	02:15:14.900	0.76942	0.76950			6
2026.02.13	02:15:16.741	0.76941	0.76949			6
2026.02.13	02:15:18.113		0.76948			4
2026.02.13	02:15:21.380	0.76945	0.76953			6
2026.02.13	02:15:22.850	0.76947	0.76954			6
2026.02.13	02:15:28.224		0.76953			4
2026.02.13	02:15:29.095	0.76946				2
2026.02.13	02:15:29.413		0.76952			4
2026.02.13	02:15:33.830	0.76947	0.76954			6
2026.02.13	02:15:34.465		0.76952			4
2026.02.13	02:15:34.967		0.76954			4
2026.02.13	02:15:35.465	0.76949	0.76956			6
2026.02.13	02:15:35.964	0.76947	0.76954			6
2026.02.13	02:15:36.467	0.76948	0.76956			6
2026.02.13	02:15:36.966	0.76947	0.76954			6
2026.02.13	02:15:44.590		0.76953			4
2026.02.13	02:15:50.334		0.76954			4
2026.02.13	02:15:53.286	0.76949				2
2026.02.13	02:16:00.476	0.76949				2
2026.02.13	02:16:00.813	0.76950	0.76957			6
2026.02.13	02:16:01.331	0.76951				2
2026.02.13	02:16:02.541		0.76956			4
2026.02.13	02:16:03.351	0.76950				2
2026.02.13	02:16:05.085	0.76951				2
2026.02.13	02:16:05.811	0.76948	0.76954			6
2026.02.13	02:16:11.212		0.76953			4
2026.02.13	02:16:13.471		0.76954			4
2026.02.13	02:16:20.383	0.76947	0.76953			6
2026.02.13	02:16:21.839	0.76949	0.76956			6
2026.02.13	02:16:23.021	0.76950				2
2026.02.13	02:16:23.973	0.76949				2
2026.02.13	02:16:33.504	0.76951	0.76957			6
2026.02.13	02:16:33.951		0.76956			4
2026.02.13	02:16:36.098		0.76957			4
2026.02.13	02:16:43.199		0.76956			4
2026.02.13	02:16:46.334	0.76952				2
2026.02.13	02:16:47.541	0.76955	0.76960			6
2026.02.13	02:16:47.859		0.76959			4
2026.02.13	02:16:58.707	0.76951	0.76956			6
2026.02.13	02:17:00.579	0.76951				2
2026.02.13	02:17:04.591		0.76957			4
2026.02.13	02:17:05.102		0.76956			4
2026.02.13	02:17:08.420		0.76957			4
2026.02.13	02:17:12.668		0.76956			4
2026.02.13	02:17:13.456	0.76949	0.76954			6
2026.02.13	02:17:17.374	0.76948				2
2026.02.13	02:17:17.796		0.76953			4
2026.02.13	02:17:19.231	0.76947				2
2026.02.13	02:17:27.682	0.76948				2
2026.02.13	02:17:30.519		0.76954			4
2026.02.13	02:17:36.431	0.76949				2
2026.02.13	02:17:36.941	0.76946	0.76952			6
2026.02.13	02:17:37.307		0.76953			4
2026.02.13	02:17:38.097		0.76952			4
2026.02.13	02:17:41.576		0.76953			4
2026.02.13	02:17:43.923	0.76947				2
2026.02.13	02:17:47.939	0.76946				2
2026.02.13	02:17:49.951	0.76945	0.76951			6
2026.02.13	02:17:51.541	0.76946				2
2026.02.13	02:17:57.424	0.76945				2
2026.02.13	02:18:01.936	0.76945				2
2026.02.13	02:18:16.175	0.76944	0.76949			6
2026.02.13	02:18:16.806	0.76943				2
2026.02.13	02:18:25.176	0.76944	0.76950			6
2026.02.13	02:18:25.678	0.76943	0.76947			6
2026.02.13	02:18:27.181		0.76949			4
2026.02.13	02:18:27.680	0.76944	0.76950			6
2026.02.13	02:18:28.180	0.76943	0.76949			6
2026.02.13	02:18:28.681	0.76944				2
2026.02.13	02:18:29.181		0.76951			4
2026.02.13	02:18:29.963		0.76950			4
2026.02.13	02:18:33.317	0.76945	0.76949			6
2026.02.13	02:18:33.629	0.76944				2
2026.02.13	02:18:37.172	0.76943				2
2026.02.13	02:18:39.583		0.76950			4
2026.02.13	02:18:40.586		0.76949			4
2026.02.13	02:19:00.077	0.76943				2
2026.02.13	02:19:09.314	0.76944				2
2026.02.13	02:19:13.872	0.76943				2
2026.02.13	02:19:23.369	0.76944				2
2026.02.13	02:19:23.771	0.76943				2
2026.02.13	02:19:27.171	0.76946	0.76952			6
2026.02.13	02:19:28.065	0.76948				2
2026.02.13	02:19:28.564	0.76947				2
2026.02.13	02:19:29.703	0.76946				2
2026.02.13	02:19:43.331	0.76947	0.76951			6
2026.02.13	02:19:49.447	0.76948				2
2026.02.13	02:19:51.524	0.76947				2
2026.02.13	02:19:52.309	0.76946				2
2026.02.13	02:19:53.191	0.76947				2
2026.02.13	02:19:53.654	0.76948	0.76952			6
2026.02.13	02:19:59.245	0.76946				2
2026.02.13	02:20:00.665	0.76947	0.76953			6
2026.02.13	02:20:01.414	0.76948				2
2026.02.13	02:20:03.277		0.76954			4
2026.02.13	02:20:11.725	0.76949				2
2026.02.13	02:20:13.350		0.76955			4
2026.02.13	02:20:14.372	0.76950				2
2026.02.13	02:20:15.433	0.76951				2
2026.02.13	02:20:16.628	0.76952	0.76957			6
2026.02.13	02:20:19.205	0.76954	0.76959			6
2026.02.13	02:20:22.261	0.76950	0.76954			6
2026.02.13	02:20:23.487	0.76949	0.76953			6
2026.02.13	02:20:26.327		0.76954			4
2026.02.13	02:20:30.178	0.76951	0.76956			6
2026.02.13	02:20:30.523		0.76957			4
2026.02.13	02:20:55.392		0.76958			4
2026.02.13	02:20:55.987		0.76957			4
2026.02.13	02:21:00.475	0.76953	0.76959			6
2026.02.13	02:21:00.783		0.76960			4
2026.02.13	02:21:02.344		0.76958			4
2026.02.13	02:21:05.134	0.76952				2
2026.02.13	02:21:05.790	0.76951	0.76957			6
2026.02.13	02:21:10.328		0.76956			4
2026.02.13	02:21:11.562		0.76957			4
2026.02.13	02:21:20.650	0.76952	0.76959			6
2026.02.13	02:21:21.658	0.76953				2
2026.02.13	02:21:22.869	0.76954				2
2026.02.13	02:21:26.408	0.76953				2
2026.02.13	02:21:27.472	0.76954				2
2026.02.13	02:21:29.053		0.76960			4
2026.02.13	02:21:32.105	0.76953				2
2026.02.13	02:21:33.111		0.76959			4
2026.02.13	02:22:00.878	0.76953				2
2026.02.13	02:22:21.038	0.76951	0.76957			6
2026.02.13	02:22:22.152		0.76956			4
2026.02.13	02:22:30.714		0.76957			4
2026.02.13	02:22:37.906		0.76956			4
2026.02.13	02:22:38.219		0.76957			4
2026.02.13	02:22:40.121	0.76948	0.76954			6
2026.02.13	02:22:41.337	0.76949				2
2026.02.13	02:22:42.448	0.76950	0.76956			6
2026.02.13	02:22:42.759	0.76949	0.76955			6
2026.02.13	02:22:43.070	0.76951	0.76956			6
2026.02.13	02:22:51.938		0.76957			4
2026.02.13	02:23:01.655	0.76951				2
2026.02.13	02:23:15.518	0.76952				2
2026.02.13	02:23:37.706	0.76953				2
2026.02.13	02:23:38.021	0.76948	0.76954			6
2026.02.13	02:23:48.127	0.76945	0.76951			6
2026.02.13	02:23:48.628		0.76952			4
2026.02.13	02:23:49.051	0.76946				2
2026.02.13	02:23:49.416	0.76945				2
2026.02.13	02:23:52.710		0.76951			4
2026.02.13	02:23:56.152		0.76952			4
2026.02.13	02:24:00.806	0.76946	0.76954			6
2026.02.13	02:24:10.841	0.76948				2
2026.02.13	02:24:38.924	0.76947	0.76953			6
2026.02.13	02:24:42.779		0.76954			4
2026.02.13	02:24:50.515	0.76946	0.76952			6
2026.02.13	02:24:57.373		0.76951			4
2026.02.13	02:24:59.944	0.76945				2
2026.02.13	02:25:00.728	0.76945				2
2026.02.13	02:25:02.568	0.76944	0.76950			6
2026.02.13	02:25:04.510	0.76945	0.76951			6
2026.02.13	02:25:06.885	0.76943	0.76949			6
2026.02.13	02:25:15.431	0.76945	0.76951			6
2026.02.13	02:25:23.003		0.76950			4
2026.02.13	02:25:23.314		0.76951			4
2026.02.13	02:25:27.019	0.76944	0.76949			6
2026.02.13	02:25:34.862	0.76943				2
2026.02.13	02:25:37.519	0.76941	0.76946			6
2026.02.13	02:25:39.461	0.76942	0.76948			6
2026.02.13	02:25:45.335	0.76941				2
2026.02.13	02:25:46.037		0.76947			4
2026.02.13	02:25:48.723		0.76946			4
2026.02.13	02:25:49.263		0.76947			4
2026.02.13	02:26:02.370	0.76941				2
2026.02.13	02:26:03.218	0.76940	0.76946			6
2026.02.13	02:26:07.073	0.76945	0.76950			6
2026.02.13	02:26:10.633	0.76946				2
2026.02.13	02:26:13.263	0.76945				2
2026.02.13	02:26:14.076		0.76951			4
2026.02.13	02:26:16.088		0.76950			4
2026.02.13	02:26:16.512		0.76951			4
2026.02.13	02:26:18.093	0.76944				2
2026.02.13	02:26:19.203	0.76945				2
2026.02.13	02:26:20.023	0.76946	0.76950			6
2026.02.13	02:26:20.523	0.76947	0.76951			6
2026.02.13	02:26:21.103	0.76945				2
2026.02.13	02:26:25.880		0.76952			4
2026.02.13	02:26:27.770		0.76951			4
2026.02.13	02:26:28.971		0.76950			4
2026.02.13	02:26:30.925	0.76946	0.76951			6
2026.02.13	02:26:32.744	0.76947				2
2026.02.13	02:26:35.217	0.76946				2
2026.02.13	02:26:36.459		0.76952			4
2026.02.13	02:26:37.762		0.76951			4
2026.02.13	02:26:40.939	0.76945				2
2026.02.13	02:26:43.023	0.76947				2
2026.02.13	02:26:45.063	0.76944	0.76950			6
2026.02.13	02:26:48.134		0.76951			4
2026.02.13	02:26:50.648		0.76949			4
2026.02.13	02:27:01.028	0.76944				2
2026.02.13	02:27:01.638		0.76950			4
2026.02.13	02:27:04.706		0.76951			4
2026.02.13	02:27:05.197		0.76950			4
2026.02.13	02:27:11.725		0.76951			4
2026.02.13	02:27:15.559		0.76950			4
2026.02.13	02:27:16.672	0.76945				2
2026.02.13	02:27:19.510	0.76944				2
2026.02.13	02:27:19.931	0.76945	0.76951			6
2026.02.13	02:27:22.732	0.76947	0.76953			6
2026.02.13	02:27:23.673	0.76948	0.76954			6
2026.02.13	02:27:24.686	0.76949	0.76953			6
2026.02.13	02:27:27.649	0.76950	0.76955			6
2026.02.13	02:27:28.693		0.76953			4
2026.02.13	02:27:29.212		0.76954			4
2026.02.13	02:27:30.480	0.76949				2
2026.02.13	02:27:33.335		0.76953			4
2026.02.13	02:27:36.780		0.76954			4
2026.02.13	02:27:37.098	0.76950	0.76956			6
2026.02.13	02:27:37.527		0.76955			4
2026.02.13	02:27:46.390	0.76951				2
2026.02.13	02:27:53.261		0.76954			4
2026.02.13	02:27:55.724	0.76949	0.76953			6
2026.02.13	02:27:56.223		0.76954			4
2026.02.13	02:27:56.728	0.76950	0.76955			6
2026.02.13	02:27:57.772		0.76954			4
2026.02.13	02:27:58.079	0.76949				2
2026.02.13	02:28:01.913	0.76949				2
2026.02.13	02:28:02.257	0.76948				2
2026.02.13	02:28:06.854	0.76950				2
2026.02.13	02:28:07.383	0.76948	0.76953			6
2026.02.13	02:28:07.829		0.76952			4
2026.02.13	02:28:09.638		0.76954			4
2026.02.13	02:28:10.025		0.76952			4
2026.02.13	02:28:17.057		0.76953			4
2026.02.13	02:28:17.535		0.76952			4
2026.02.13	02:28:21.986		0.76953			4
2026.02.13	02:28:22.508	0.76950	0.76956			6
2026.02.13	02:28:25.397	0.76949	0.76954			6
2026.02.13	02:28:27.798		0.76953			4
2026.02.13	02:28:34.408		0.76954			4
2026.02.13	02:28:37.449	0.76948				2
2026.02.13	02:28:38.465	0.76949	0.76955			6
2026.02.13	02:28:38.927	0.76950				2
2026.02.13	02:28:47.793		0.76954			4
2026.02.13	02:28:49.894		0.76955			4
2026.02.13	02:28:50.498	0.76951				2
2026.02.13	02:28:51.340		0.76956			4
2026.02.13	02:29:00.287	0.76952	0.76958			6
2026.02.13	02:29:01.067	0.76951	0.76957			6
2026.02.13	02:29:01.380		0.76956			4
2026.02.13	02:29:02.087	0.76952				2
2026.02.13	02:29:02.822	0.76951				2
2026.02.13	02:29:09.379	0.76952				2
2026.02.13	02:29:12.330		0.76958			4
2026.02.13	02:29:12.642	0.76953				2
2026.02.13	02:29:15.103		0.76959			4
2026.02.13	02:29:36.379		0.76960			4
2026.02.13	02:29:36.739		0.76959			4
2026.02.13	02:29:37.432		0.76960			4
2026.02.13	02:29:42.830		0.76959			4
2026.02.13	02:29:46.423		0.76960			4
2026.02.13	02:29:48.551	0.76956	0.76962			6
2026.02.13	02:29:48.853		0.76961			4
2026.02.13	02:29:49.403		0.76962			4
2026.02.13	02:29:59.107	0.76957				2
2026.02.13	02:30:00.430	0.76958	0.76964			6
2026.02.13	02:30:00.921	0.76957	0.76963			6
2026.02.13	02:30:02.460	0.76956	0.76961			6
2026.02.13	02:30:03.354	0.76954	0.76959			6
2026.02.13	02:30:04.676	0.76956	0.76961			6
2026.02.13	02:30:09.595	0.76955	0.76960			6
2026.02.13	02:30:12.184	0.76954	0.76959			6
2026.02.13	02:30:23.603	0.76953				2
2026.02.13	02:30:24.250	0.76954				2
2026.02.13	02:30:31.604	0.76953				2
2026.02.13	02:30:35.743		0.76957			4
2026.02.13	02:30:38.893	0.76954				2
2026.02.13	02:30:42.144	0.76956	0.76960			6
2026.02.13	02:30:43.894		0.76962			4
2026.02.13	02:30:44.538	0.76955	0.76960			6
2026.02.13	02:30:46.460	0.76954	0.76958			6
2026.02.13	02:30:48.123		0.76959			4
2026.02.13	02:30:49.939		0.76960			4
2026.02.13	02:30:51.310	0.76957				2
2026.02.13	02:30:53.973	0.76956				2
2026.02.13	02:30:54.299		0.76962			4
2026.02.13	02:30:54.813		0.76960			4
2026.02.13	02:30:56.775	0.76957				2
2026.02.13	02:30:57.394		0.76962			4
2026.02.13	02:30:58.403	0.76956	0.76961			6
2026.02.13	02:30:58.805		0.76960			4
2026.02.13	02:30:59.729	0.76957				2
2026.02.13	02:31:00.758	0.76957	0.76962			6
2026.02.13	02:31:03.214		0.76961			4
2026.02.13	02:31:03.574		0.76962			4
2026.02.13	02:31:04.499		0.76961			4
2026.02.13	02:31:05.057		0.76962			4
2026.02.13	02:31:05.774		0.76961			4
2026.02.13	02:31:07.464		0.76962			4
2026.02.13	02:31:33.683	0.76958				2
2026.02.13	02:31:34.833	0.76957				2
2026.02.13	02:31:37.480	0.76956	0.76961			6
2026.02.13	02:31:42.462		0.76960			4
2026.02.13	02:31:44.263	0.76955	0.76959			6
2026.02.13	02:31:44.653	0.76954				2
2026.02.13	02:31:51.454	0.76956	0.76960			6
2026.02.13	02:31:54.638	0.76955				2
2026.02.13	02:31:57.156	0.76957	0.76961			6
2026.02.13	02:31:57.690	0.76956				2
2026.02.13	02:31:58.172	0.76954	0.76959			6
2026.02.13	02:32:00.726	0.76954				2
2026.02.13	02:32:02.946	0.76951	0.76956			6
2026.02.13	02:32:09.080	0.76950				2
2026.02.13	02:32:10.032	0.76951				2
2026.02.13	02:32:18.676		0.76957			4
2026.02.13	02:32:19.321	0.76953				2
2026.02.13	02:32:23.372	0.76952				2
2026.02.13	02:32:35.613	0.76953				2
2026.02.13	02:32:38.961	0.76955	0.76960			6
2026.02.13	02:32:40.565	0.76956				2
2026.02.13	02:32:44.503	0.76955				2
2026.02.13	02:32:45.528	0.76956	0.76961			6
2026.02.13	02:32:46.424		0.76960			4
2026.02.13	02:32:49.432	0.76954				2
2026.02.13	02:32:50.134	0.76956	0.76962			6
2026.02.13	02:32:50.588		0.76961			4
2026.02.13	02:32:53.067	0.76955	0.76960			6
2026.02.13	02:32:53.923	0.76954				2
2026.02.13	02:32:55.081	0.76956	0.76962			6
2026.02.13	02:32:55.589		0.76959			4
2026.02.13	02:32:56.856		0.76960			4
2026.02.13	02:32:57.731	0.76954	0.76961			6
2026.02.13	02:32:58.169		0.76959			4
2026.02.13	02:32:58.897		0.76961			4
2026.02.13	02:33:00.203	0.76954				2
2026.02.13	02:33:00.861	0.76955				2
2026.02.13	02:33:01.301		0.76960			4
2026.02.13	02:33:05.008	0.76949	0.76954			6
2026.02.13	02:33:05.656	0.76948				2
2026.02.13	02:33:06.256	0.76947				2
2026.02.13	02:33:07.121	0.76948				2
2026.02.13	02:33:08.015	0.76949				2
2026.02.13	02:33:08.401		0.76953			4
2026.02.13	02:33:09.014		0.76952			4
2026.02.13	02:33:11.361		0.76953			4
2026.02.13	02:33:12.003	0.76948	0.76954			6
2026.02.13	02:33:20.950	0.76949				2
2026.02.13	02:33:26.385	0.76950	0.76955			6
2026.02.13	02:33:27.969	0.76947	0.76952			6
2026.02.13	02:33:29.114	0.76950	0.76954			6
2026.02.13	02:33:29.778		0.76955			4
2026.02.13	02:33:30.528	0.76951				2
2026.02.13	02:33:32.601		0.76956			4
2026.02.13	02:33:39.188	0.76949	0.76955			6
2026.02.13	02:33:42.459	0.76950				2
2026.02.13	02:33:43.664	0.76951				2
2026.02.13	02:33:48.860	0.76948	0.76953			6
2026.02.13	02:33:49.640		0.76954			4
2026.02.13	02:33:50.303	0.76949	0.76953			6
2026.02.13	02:33:52.523	0.76946	0.76950			6
2026.02.13	02:33:53.510		0.76951			4
2026.02.13	02:33:53.916	0.76947	0.76952			6
2026.02.13	02:33:54.290	0.76946	0.76951			6
2026.02.13	02:34:00.983	0.76947				2
2026.02.13	02:34:06.546	0.76948	0.76953			6
2026.02.13	02:34:11.458	0.76947	0.76952			6
2026.02.13	02:34:14.668		0.76954			4
2026.02.13	02:34:15.856	0.76948				2
2026.02.13	02:34:20.162	0.76951				2
2026.02.13	02:34:20.588	0.76950				2
2026.02.13	02:34:23.802	0.76948	0.76953			6
2026.02.13	02:34:26.292		0.76954			4
2026.02.13	02:34:30.592	0.76947	0.76953			6
2026.02.13	02:34:32.663	0.76948				2
2026.02.13	02:34:35.090		0.76954			4
2026.02.13	02:34:38.089	0.76947				2
2026.02.13	02:34:42.682		0.76953			4
2026.02.13	02:34:47.088	0.76946				2
2026.02.13	02:34:47.423		0.76952			4
2026.02.13	02:34:48.607		0.76953			4
2026.02.13	02:34:48.931	0.76947				2
2026.02.13	02:34:50.475		0.76952			4
2026.02.13	02:34:52.978	0.76948				2
2026.02.13	02:34:54.144	0.76945	0.76950			6
2026.02.13	02:34:55.412	0.76946	0.76952			6
2026.02.13	02:34:55.877	0.76945	0.76950			6
2026.02.13	02:35:00.145	0.76946	0.76951			6
2026.02.13	02:35:21.532	0.76945	0.76950			6
2026.02.13	02:35:22.321	0.76944				2
2026.02.13	02:35:25.423		0.76949			4
2026.02.13	02:35:27.192		0.76950			4
2026.02.13	02:35:28.730	0.76943	0.76948			6
2026.02.13	02:35:36.689		0.76947			4
2026.02.13	02:35:37.186		0.76948			4
2026.02.13	02:35:40.137	0.76942				2
2026.02.13	02:35:41.753		0.76947			4
2026.02.13	02:35:42.749	0.76941	0.76948			6
2026.02.13	02:35:44.002	0.76942				2
2026.02.13	02:35:45.043		0.76947			4
2026.02.13	02:35:47.886	0.76941				2
2026.02.13	02:35:48.664		0.76948			4
2026.02.13	02:35:56.728	0.76940	0.76947			6
2026.02.13	02:36:00.475	0.76940	0.76946			6
2026.02.13	02:36:01.595		0.76945			4
2026.02.13	02:36:08.214		0.76943			4
2026.02.13	02:36:13.535	0.76938	0.76944			6
2026.02.13	02:36:13.870	0.76936	0.76943			6
2026.02.13	02:36:22.101	0.76933	0.76939			6
2026.02.13	02:36:22.420	0.76934	0.76940			6
2026.02.13	02:36:24.742		0.76939			4
2026.02.13	02:36:26.519	0.76933	0.76938			6
2026.02.13	02:36:26.841	0.76932				2
2026.02.13	02:36:27.194	0.76929	0.76935			6
2026.02.13	02:36:27.630		0.76936			4
2026.02.13	02:36:28.352	0.76930				2
2026.02.13	02:36:29.152		0.76935			4
2026.02.13	02:36:29.527	0.76927	0.76933			6
2026.02.13	02:36:33.407	0.76928				2
2026.02.13	02:36:34.619	0.76929				2
2026.02.13	02:36:36.446		0.76934			4
2026.02.13	02:36:36.762		0.76933			4
2026.02.13	02:36:40.555	0.76928				2
2026.02.13	02:36:41.183	0.76929				2
2026.02.13	02:36:43.514	0.76928	0.76932			6
2026.02.13	02:36:44.698	0.76929				2
2026.02.13	02:36:49.560	0.76926				2
2026.02.13	02:36:54.681	0.76927	0.76933			6
2026.02.13	02:36:55.563	0.76926				2
2026.02.13	02:36:56.565	0.76927				2
2026.02.13	02:36:58.800	0.76926				2
2026.02.13	02:36:59.806	0.76927	0.76934			6
2026.02.13	02:37:00.120	0.76928				2
2026.02.13	02:37:02.128	0.76927	0.76932			6
2026.02.13	02:37:03.554		0.76934			4
2026.02.13	02:37:07.033	0.76926	0.76933			6
2026.02.13	02:37:10.164	0.76927				2
2026.02.13	02:37:16.108	0.76930	0.76936			6
2026.02.13	02:37:16.896		0.76935			4
2026.02.13	02:37:17.886		0.76936			4
2026.02.13	02:37:18.313	0.76929	0.76935			6
2026.02.13	02:37:19.312	0.76930	0.76936			6
2026.02.13	02:37:19.714		0.76935			4
2026.02.13	02:37:21.885		0.76934			4
2026.02.13	02:37:26.341	0.76931	0.76935			6
2026.02.13	02:37:26.952	0.76930	0.76934			6
2026.02.13	02:37:28.072		0.76935			4
2026.02.13	02:37:29.633	0.76931				2
2026.02.13	02:37:30.665	0.76930	0.76934			6
2026.02.13	02:37:34.701	0.76931	0.76935			6
2026.02.13	02:37:37.679	0.76934	0.76939			6
2026.02.13	02:37:38.540	0.76935	0.76940			6
2026.02.13	02:37:39.001		0.76939			4
2026.02.13	02:37:40.357		0.76940			4
2026.02.13	02:37:47.035	0.76936	0.76941			6
2026.02.13	02:37:47.711	0.76937				2
2026.02.13	02:37:52.197	0.76936				2
2026.02.13	02:37:55.304	0.76937				2
2026.02.13	02:37:55.618	0.76936	0.76942			6
2026.02.13	02:37:56.157	0.76937				2
2026.02.13	02:37:57.350	0.76936				2
2026.02.13	02:37:58.709	0.76938	0.76944			6
2026.02.13	02:38:03.122	0.76938				2
2026.02.13	02:38:04.339		0.76945			4
2026.02.13	02:38:05.514	0.76939				2
2026.02.13	02:38:06.251		0.76944			4
2026.02.13	02:38:06.742	0.76941	0.76947			6
2026.02.13	02:38:09.041		0.76946			4
2026.02.13	02:38:12.461		0.76947			4
2026.02.13	02:38:13.530	0.76942	0.76948			6
2026.02.13	02:38:14.703	0.76941	0.76947			6
2026.02.13	02:38:15.684	0.76944	0.76949			6
2026.02.13	02:38:16.483		0.76950			4
2026.02.13	02:38:18.647		0.76951			4
2026.02.13	02:38:21.302		0.76950			4
2026.02.13	02:38:21.703		0.76951			4
2026.02.13	02:38:29.196	0.76945				2
2026.02.13	02:38:29.618		0.76950			4
2026.02.13	02:38:29.944		0.76951			4
2026.02.13	02:38:30.373		0.76952			4
2026.02.13	02:38:32.143	0.76944	0.76950			6
2026.02.13	02:38:34.529		0.76951			4
2026.02.13	02:38:34.847	0.76947				2
2026.02.13	02:38:38.693	0.76946				2
2026.02.13	02:38:40.039		0.76949			4
2026.02.13	02:38:42.791	0.76942	0.76947			6
2026.02.13	02:38:43.114	0.76943	0.76948			6
2026.02.13	02:38:43.491	0.76944				2
2026.02.13	02:38:44.340	0.76945				2
2026.02.13	02:38:46.607	0.76943				2
2026.02.13	02:38:47.553	0.76942				2
2026.02.13	02:38:51.267	0.76941				2
2026.02.13	02:38:53.413	0.76942				2
2026.02.13	02:39:00.933	0.76942				2
2026.02.13	02:39:01.240		0.76946			4
2026.02.13	02:39:02.603		0.76949			4
2026.02.13	02:39:03.936	0.76943	0.76947			6
2026.02.13	02:39:05.873		0.76949			4
2026.02.13	02:39:06.209	0.76944	0.76950			6
2026.02.13	02:39:07.867		0.76951			4
2026.02.13	02:39:08.190		0.76950			4
2026.02.13	02:39:11.713	0.76945	0.76952			6
2026.02.13	02:39:12.174		0.76951			4
2026.02.13	02:39:12.757	0.76947	0.76953			6
2026.02.13	02:39:19.450	0.76948	0.76954			6
2026.02.13	02:39:25.950		0.76953			4
2026.02.13	02:39:26.774	0.76947	0.76951			6
2026.02.13	02:39:27.214	0.76946				2
2026.02.13	02:39:27.706	0.76947				2
2026.02.13	02:39:28.326		0.76952			4
2026.02.13	02:39:36.490	0.76944	0.76951			6
2026.02.13	02:39:39.009	0.76945				2
2026.02.13	02:39:39.633		0.76950			4
2026.02.13	02:39:40.255		0.76951			4
2026.02.13	02:39:49.923		0.76950			4
2026.02.13	02:39:53.853	0.76946	0.76951			6
2026.02.13	02:39:56.733	0.76945				2
2026.02.13	02:39:57.038		0.76950			4
2026.02.13	02:40:00.484	0.76948	0.76949			6
2026.02.13	02:40:01.017	0.76945	0.76948			6
2026.02.13	02:40:02.014	0.76942				2
2026.02.13	02:40:02.519	0.76947	0.76951			6
2026.02.13	02:40:02.953	0.76944	0.76950			6
2026.02.13	02:40:03.263	0.76943	0.76948			6
2026.02.13	02:40:04.522	0.76944	0.76950			6
2026.02.13	02:40:14.855		0.76948			4
2026.02.13	02:40:20.230	0.76946	0.76951			6
2026.02.13	02:40:22.303	0.76949	0.76955			6
2026.02.13	02:40:22.622	0.76950	0.76956			6
2026.02.13	02:40:22.959		0.76955			4
2026.02.13	02:40:27.779	0.76951				2
2026.02.13	02:40:30.366	0.76950				2
2026.02.13	02:40:30.987	0.76949				2
2026.02.13	02:40:31.623	0.76950	0.76957			6
2026.02.13	02:40:32.265		0.76956			4
2026.02.13	02:40:33.181		0.76955			4
2026.02.13	02:40:35.389		0.76956			4
2026.02.13	02:40:38.313	0.76949	0.76955			6
2026.02.13	02:40:41.680		0.76954			4
2026.02.13	02:40:46.448		0.76956			4
2026.02.13	02:40:48.056		0.76955			4
2026.02.13	02:40:51.845		0.76953			4
2026.02.13	02:40:54.978		0.76954			4
2026.02.13	02:40:58.863		0.76955			4
2026.02.13	02:41:00.117	0.76949				2
2026.02.13	02:41:08.585	0.76950				2
2026.02.13	02:41:10.750	0.76949	0.76954			6
2026.02.13	02:41:12.500	0.76948				2
2026.02.13	02:41:13.288	0.76949				2
2026.02.13	02:41:18.773	0.76946	0.76952			6
2026.02.13	02:41:20.727		0.76953			4
2026.02.13	02:41:26.593	0.76947				2
2026.02.13	02:41:27.373	0.76948	0.76954			6
2026.02.13	02:41:28.478		0.76955			4
2026.02.13	02:41:31.890	0.76950				2
2026.02.13	02:41:32.465	0.76948	0.76952			6
2026.02.13	02:41:34.380		0.76953			4
2026.02.13	02:41:40.052		0.76954			4
2026.02.13	02:41:41.789	0.76949				2
2026.02.13	02:41:45.670	0.76948	0.76953			6
2026.02.13	02:41:47.470	0.76944	0.76951			6
2026.02.13	02:41:48.094	0.76941	0.76947			6
2026.02.13	02:41:48.986	0.76942				2
2026.02.13	02:41:50.544	0.76941				2
2026.02.13	02:41:51.357	0.76942				2
2026.02.13	02:41:53.419	0.76943	0.76950			6
2026.02.13	02:41:54.877		0.76949			4
2026.02.13	02:41:56.951		0.76950			4
2026.02.13	02:41:57.310	0.76946	0.76953			6
2026.02.13	02:41:57.875	0.76947	0.76954			6
2026.02.13	02:41:58.296	0.76948	0.76953			6
2026.02.13	02:42:00.085	0.76947				2
2026.02.13	02:42:01.104	0.76948				2
2026.02.13	02:42:02.663	0.76946				2
2026.02.13	02:42:10.227		0.76952			4
2026.02.13	02:42:12.348	0.76947				2
2026.02.13	02:42:14.791	0.76948				2
2026.02.13	02:42:15.301		0.76953			4
2026.02.13	02:42:22.925	0.76947				2
2026.02.13	02:42:23.700		0.76952			4
2026.02.13	02:42:24.596	0.76946	0.76951			6
2026.02.13	02:42:27.996	0.76947				2
2026.02.13	02:42:28.543	0.76946				2
2026.02.13	02:42:28.936	0.76945				2
2026.02.13	02:42:30.283		0.76950			4
2026.02.13	02:42:34.685	0.76946				2
2026.02.13	02:42:37.008	0.76945				2
2026.02.13	02:42:38.113	0.76946	0.76951			6
2026.02.13	02:42:40.063		0.76950			4
2026.02.13	02:42:40.379	0.76944	0.76949			6
2026.02.13	02:42:41.438		0.76948			4
2026.02.13	02:42:43.648	0.76943				2
2026.02.13	02:42:47.502		0.76949			4
2026.02.13	02:42:49.563		0.76951			4
2026.02.13	02:42:50.476		0.76949			4
2026.02.13	02:42:56.870	0.76944				2
2026.02.13	02:43:00.387	0.76944				2
2026.02.13	02:43:00.903		0.76950			4
2026.02.13	02:43:01.257		0.76949			4
2026.02.13	02:43:02.976		0.76950			4
2026.02.13	02:43:09.905	0.76943	0.76949			6
2026.02.13	02:43:11.832		0.76950			4
2026.02.13	02:43:21.106		0.76951			4
2026.02.13	02:43:22.627		0.76950			4
2026.02.13	02:43:23.874		0.76948			4
2026.02.13	02:43:24.178		0.76950			4
2026.02.13	02:43:24.576	0.76945	0.76952			6
2026.02.13	02:43:26.357	0.76946	0.76953			6
2026.02.13	02:43:28.066		0.76954			4
2026.02.13	02:43:32.426		0.76953			4
2026.02.13	02:43:32.940		0.76952			4
2026.02.13	02:43:34.641		0.76953			4
2026.02.13	02:43:36.267		0.76954			4
2026.02.13	02:43:39.459	0.76945	0.76951			6
2026.02.13	02:43:39.761	0.76943	0.76950			6
2026.02.13	02:43:44.672		0.76948			4
2026.02.13	02:43:45.412	0.76944	0.76949			6
2026.02.13	02:43:46.615	0.76943	0.76948			6
2026.02.13	02:43:47.962		0.76949			4
2026.02.13	02:43:50.477		0.76948			4
2026.02.13	02:43:54.497	0.76941	0.76947			6
2026.02.13	02:43:55.861	0.76942				2
2026.02.13	02:43:59.099	0.76943				2
2026.02.13	02:44:02.823	0.76943	0.76948			6
2026.02.13	02:44:03.831	0.76945				2
2026.02.13	02:44:04.839	0.76946				2
2026.02.13	02:44:05.390	0.76945	0.76947			6
2026.02.13	02:44:09.210	0.76946	0.76950			6
2026.02.13	02:44:10.305	0.76947				2
2026.02.13	02:44:15.344		0.76952			4
2026.02.13	02:44:16.190	0.76945				2
2026.02.13	02:44:17.161		0.76950			4
2026.02.13	02:44:17.618	0.76944				2
2026.02.13	02:44:18.069		0.76948			4
2026.02.13	02:44:18.382	0.76946	0.76949			6
2026.02.13	02:44:18.699		0.76951			4
2026.02.13	02:44:19.164		0.76950			4
2026.02.13	02:44:20.337	0.76945	0.76951			6
2026.02.13	02:44:21.445	0.76946				2
2026.02.13	02:44:22.022	0.76944	0.76949			6
2026.02.13	02:44:26.334	0.76945	0.76950			6
2026.02.13	02:44:27.076	0.76946	0.76951			6
2026.02.13	02:44:27.478	0.76945	0.76950			6
2026.02.13	02:44:28.398	0.76944				2
2026.02.13	02:44:29.628		0.76949			4
2026.02.13	02:44:32.474	0.76945				2
2026.02.13	02:44:32.849	0.76944	0.76950			6
2026.02.13	02:44:43.432	0.76945	0.76949			6
2026.02.13	02:44:44.769		0.76950			4
2026.02.13	02:44:45.742		0.76949			4
2026.02.13	02:44:46.070	0.76944				2
2026.02.13	02:44:46.544		0.76950			4
2026.02.13	02:44:49.097		0.76949			4
2026.02.13	02:44:57.182		0.76948			4
2026.02.13	02:44:57.540	0.76942	0.76949			6
2026.02.13	02:44:58.113	0.76943	0.76948			6
2026.02.13	02:45:00.845	0.76943				2
2026.02.13	02:45:01.530	0.76942				2
2026.02.13	02:45:03.449	0.76943				2
2026.02.13	02:45:05.664	0.76944				2
2026.02.13	02:45:06.748	0.76943				2
2026.02.13	02:45:07.123	0.76942				2
2026.02.13	02:45:08.477	0.76943				2
2026.02.13	02:45:13.845		0.76949			4
2026.02.13	02:45:15.536		0.76947			4
2026.02.13	02:45:20.206		0.76948			4
2026.02.13	02:45:26.888	0.76944				2
2026.02.13	02:45:31.186		0.76949			4
2026.02.13	02:45:31.604		0.76948			4
2026.02.13	02:45:32.883		0.76949			4
2026.02.13	02:45:34.121		0.76948			4
2026.02.13	02:45:35.823		0.76949			4
2026.02.13	02:45:39.578		0.76948			4
2026.02.13	02:45:39.894	0.76943				2
2026.02.13	02:45:42.839		0.76949			4
2026.02.13	02:45:45.044	0.76942				2
2026.02.13	02:45:45.826	0.76944	0.76948			6
2026.02.13	02:45:47.234	0.76945				2
2026.02.13	02:45:47.614	0.76944				2
2026.02.13	02:45:47.929	0.76942				2
2026.02.13	02:45:49.782	0.76945				2
2026.02.13	02:45:55.562		0.76947			4
2026.02.13	02:45:56.837	0.76942				2
2026.02.13	02:45:59.173	0.76945				2
2026.02.13	02:46:00.399	0.76945				2
2026.02.13	02:46:02.010	0.76942				2
2026.02.13	02:46:02.649	0.76944				2
2026.02.13	02:46:07.755	0.76943				2
2026.02.13	02:46:08.334	0.76944				2
2026.02.13	02:46:12.885	0.76943				2
2026.02.13	02:46:16.083		0.76948			4
2026.02.13	02:46:20.935	0.76941	0.76946			6
2026.02.13	02:46:21.333		0.76948			4
2026.02.13	02:46:22.543	0.76943				2
2026.02.13	02:46:27.734	0.76941				2
2026.02.13	02:46:28.383	0.76942				2
2026.02.13	02:46:30.306		0.76947			4
2026.02.13	02:46:30.649	0.76941	0.76948			6
2026.02.13	02:46:32.372	0.76939	0.76946			6
2026.02.13	02:46:33.173		0.76944			4
2026.02.13	02:46:39.172		0.76945			4
2026.02.13	02:46:40.488	0.76940	0.76946			6
2026.02.13	02:46:45.640		0.76945			4
2026.02.13	02:46:47.562		0.76944			4
2026.02.13	02:46:48.033	0.76941	0.76946			6
2026.02.13	02:46:50.314	0.76940				2
2026.02.13	02:46:50.792		0.76944			4
2026.02.13	02:46:51.912	0.76942	0.76946			6
2026.02.13	02:46:52.532		0.76947			4
2026.02.13	02:47:01.132	0.76943	0.76948			6
2026.02.13	02:47:01.519	0.76942				2
2026.02.13	02:47:02.743		0.76946			4
2026.02.13	02:47:03.637		0.76947			4
2026.02.13	02:47:13.757		0.76946			4
2026.02.13	02:47:14.617	0.76941				2
2026.02.13	02:47:21.243		0.76945			4
2026.02.13	02:47:21.942	0.76938	0.76944			6
2026.02.13	02:47:23.391	0.76940	0.76945			6
2026.02.13	02:47:24.120	0.76941	0.76946			6
2026.02.13	02:47:27.202		0.76947			4
2026.02.13	02:47:30.875		0.76946			4
2026.02.13	02:47:33.309		0.76947			4
2026.02.13	02:47:33.826	0.76942				2
2026.02.13	02:47:34.195	0.76941				2
2026.02.13	02:47:34.501	0.76942				2
2026.02.13	02:47:35.475	0.76941	0.76946			6
2026.02.13	02:47:36.106	0.76942	0.76947			6
2026.02.13	02:47:37.543	0.76941				2
2026.02.13	02:47:40.413	0.76939	0.76943			6
2026.02.13	02:47:40.756	0.76940	0.76944			6
2026.02.13	02:47:41.213		0.76943			4
2026.02.13	02:47:41.563	0.76938				2
2026.02.13	02:47:42.401	0.76939	0.76944			6
2026.02.13	02:47:47.123	0.76940				2
2026.02.13	02:47:48.923		0.76945			4
2026.02.13	02:47:49.625		0.76944			4
2026.02.13	02:47:51.303		0.76945			4
2026.02.13	02:47:52.002		0.76944			4
2026.02.13	02:47:52.738		0.76945			4
2026.02.13	02:47:54.952	0.76939	0.76944			6
2026.02.13	02:47:59.723	0.76940	0.76945			6
2026.02.13	02:48:00.283	0.76940				2
2026.02.13	02:48:00.661	0.76941	0.76947			6
2026.02.13	02:48:01.024	0.76944	0.76946			6
2026.02.13	02:48:01.523	0.76942				2
2026.02.13	02:48:02.951	0.76941	0.76945			6
2026.02.13	02:48:03.292	0.76944	0.76947			6
2026.02.13	02:48:04.855	0.76941	0.76946			6
2026.02.13	02:48:08.780	0.76940	0.76945			6
2026.02.13	02:48:10.233	0.76941	0.76946			6
2026.02.13	02:48:11.843	0.76943				2
2026.02.13	02:48:13.159	0.76942				2
2026.02.13	02:48:15.099	0.76941				2
2026.02.13	02:48:15.911	0.76945	0.76947			6
2026.02.13	02:48:17.317	0.76946	0.76949			6
2026.02.13	02:48:18.136	0.76944	0.76948			6
2026.02.13	02:48:18.449	0.76945	0.76949			6
2026.02.13	02:48:19.390	0.76946	0.76950			6
2026.02.13	02:48:23.268		0.76949			4
2026.02.13	02:48:23.946	0.76944	0.76950			6
