<DATE>	<TIME>	<BID>	<ASK>	<LAST>	<VOLUME>	<FLAGS>
2026.04.02	00:03:30.455	0.79299	0.79632			6
2026.04.02	00:03:54.681		0.79615			4
2026.04.02	00:04:05.327	0.79299				2
2026.04.02	00:04:28.553	0.79323				2
2026.04.02	00:04:57.578	0.79348	0.79615			6
2026.04.02	00:05:00.248	0.79348				2
2026.04.02	00:05:01.473	0.79313				2
2026.04.02	00:05:10.406	0.79458	0.79591			6
2026.04.02	00:05:12.813	0.79346	0.79615			6
2026.04.02	00:05:22.325	0.79347	0.79602			6
2026.04.02	00:05:29.116	0.79358				2
2026.04.02	00:05:30.119	0.79370				2
2026.04.02	00:05:32.464	0.79400				2
2026.04.02	00:05:37.327		0.79596			4
2026.04.02	00:06:01.087	0.79400				2
2026.04.02	00:06:32.577		0.79589			4
2026.04.02	00:06:54.083	0.79418	0.79595			6
2026.04.02	00:07:03.895	0.79418				2
2026.04.02	00:08:01.985	0.79418	0.79595			6
2026.04.02	00:08:43.892		0.79585			4
2026.04.02	00:09:00.074	0.79399				2
2026.04.02	00:09:00.376	0.79413				2
2026.04.02	00:09:00.677	0.79412				2
2026.04.02	00:09:14.263	0.79414				2
2026.04.02	00:09:16.520	0.79425				2
2026.04.02	00:09:16.822	0.79428				2
2026.04.02	00:09:26.523	0.79412				2
2026.04.02	00:09:31.250	0.79436	0.79594			6
2026.04.02	00:09:34.017	0.79430				2
2026.04.02	00:09:35.006	0.79441				2
2026.04.02	00:09:35.506	0.79430				2
2026.04.02	00:09:36.507	0.79436				2
2026.04.02	00:09:37.008	0.79441				2
2026.04.02	00:09:37.509	0.79436				2
2026.04.02	00:10:00.073	0.79428				2
2026.04.02	00:10:01.295		0.79606			4
2026.04.02	00:10:16.526		0.79597			4
2026.04.02	00:10:33.613		0.79584			4
2026.04.02	00:11:00.369	0.79428				2
2026.04.02	00:11:34.289		0.79584			4
2026.04.02	00:11:51.680	0.79433				2
2026.04.02	00:11:52.306	0.79426				2
2026.04.02	00:11:53.045	0.79434				2
2026.04.02	00:12:01.985	0.79434				2
2026.04.02	00:12:23.615		0.79588			4
2026.04.02	00:12:30.357	0.79433				2
2026.04.02	00:12:30.657	0.79440				2
2026.04.02	00:13:03.070	0.79440				2
2026.04.02	00:13:13.371	0.79439				2
2026.04.02	00:13:13.671	0.79440				2
2026.04.02	00:13:18.617		0.79578			4
2026.04.02	00:13:22.637	0.79439				2
2026.04.02	00:13:23.886	0.79440				2
2026.04.02	00:13:31.308	0.79426				2
2026.04.02	00:13:31.608	0.79439				2
2026.04.02	00:13:35.175	0.79396	0.79593			6
2026.04.02	00:13:37.087	0.79422				2
2026.04.02	00:13:37.790	0.79396				2
2026.04.02	00:13:38.090	0.79422				2
2026.04.02	00:13:39.072	0.79396				2
2026.04.02	00:13:39.373	0.79419				2
2026.04.02	00:13:39.941	0.79396				2
2026.04.02	00:13:40.241	0.79419				2
2026.04.02	00:13:40.943	0.79396				2
2026.04.02	00:13:41.243	0.79419				2
2026.04.02	00:13:41.946	0.79396				2
2026.04.02	00:13:42.246	0.79419				2
2026.04.02	00:13:42.605	0.79425				2
2026.04.02	00:13:42.906	0.79418				2
2026.04.02	00:13:43.866	0.79396				2
2026.04.02	00:13:44.166	0.79418				2
2026.04.02	00:13:44.767	0.79384	0.79570			6
2026.04.02	00:13:45.369		0.79569			4
2026.04.02	00:13:46.087		0.79567			4
2026.04.02	00:13:47.072		0.79566			4
2026.04.02	00:13:48.232		0.79565			4
2026.04.02	00:13:49.437		0.79564			4
2026.04.02	00:13:49.737		0.79561			4
2026.04.02	00:13:51.070		0.79560			4
2026.04.02	00:13:52.196		0.79559			4
2026.04.02	00:13:53.076		0.79558			4
2026.04.02	00:13:54.070		0.79555			4
2026.04.02	00:13:55.084		0.79554			4
2026.04.02	00:13:56.469		0.79553			4
2026.04.02	00:14:00.105	0.79384	0.79552			6
2026.04.02	00:14:02.377		0.79553			4
2026.04.02	00:14:05.084		0.79551			4
2026.04.02	00:14:05.385		0.79552			4
2026.04.02	00:14:15.399		0.79526			4
2026.04.02	00:14:15.700		0.79525			4
2026.04.02	00:14:17.603		0.79524			4
2026.04.02	00:14:17.967	0.79361				2
2026.04.02	00:14:18.267		0.79525			4
2026.04.02	00:14:25.870		0.79524			4
2026.04.02	00:14:26.172		0.79518			4
2026.04.02	00:14:29.911		0.79522			4
2026.04.02	00:14:37.571		0.79521			4
2026.04.02	00:14:43.578		0.79520			4
2026.04.02	00:14:47.838	0.79356	0.79481			6
2026.04.02	00:15:00.205	0.79356				2
2026.04.02	00:15:01.105	0.79374				2
2026.04.02	00:15:02.196	0.79375				2
2026.04.02	00:15:03.970	0.79376				2
2026.04.02	00:15:04.874	0.79375				2
2026.04.02	00:15:06.875	0.79376				2
2026.04.02	00:15:11.095	0.79356				2
2026.04.02	00:15:14.060		0.79482			4
2026.04.02	00:15:27.454	0.79379				2
2026.04.02	00:15:47.770		0.79480			4
2026.04.02	00:16:00.639	0.79379				2
2026.04.02	00:16:07.736		0.79486			4
2026.04.02	00:16:08.198		0.79483			4
2026.04.02	00:16:13.706	0.79389				2
2026.04.02	00:16:14.026	0.79379	0.79480			6
2026.04.02	00:16:14.381	0.79389	0.79483			6
2026.04.02	00:16:14.692	0.79379	0.79480			6
2026.04.02	00:16:15.079	0.79389	0.79483			6
2026.04.02	00:16:15.383	0.79379	0.79480			6
2026.04.02	00:16:15.690	0.79389	0.79483			6
2026.04.02	00:16:16.016	0.79379	0.79480			6
2026.04.02	00:16:16.347	0.79389	0.79483			6
2026.04.02	00:16:16.961	0.79379	0.79480			6
2026.04.02	00:16:17.261	0.79389	0.79483			6
2026.04.02	00:16:17.562	0.79379	0.79480			6
2026.04.02	00:16:17.866		0.79483			4
2026.04.02	00:16:26.845		0.79472			4
2026.04.02	00:17:00.157	0.79379				2
2026.04.02	00:17:11.323		0.79486			4
2026.04.02	00:17:11.622		0.79469			4
2026.04.02	00:18:00.093	0.79379				2
2026.04.02	00:18:00.749		0.79471			4
2026.04.02	00:18:02.897	0.79359				2
2026.04.02	00:18:11.388		0.79466			4
2026.04.02	00:18:39.909	0.79349	0.79471			6
2026.04.02	00:18:41.388		0.79451			4
2026.04.02	00:19:05.769	0.79349				2
2026.04.02	00:19:22.356	0.79359				2
2026.04.02	00:19:26.787	0.79350	0.79435			6
2026.04.02	00:20:00.119	0.79350				2
2026.04.02	00:20:07.871	0.79359				2
2026.04.02	00:20:17.337		0.79433			4
2026.04.02	00:20:26.501		0.79429			4
2026.04.02	00:20:26.800		0.79432			4
2026.04.02	00:20:57.855	0.79356				2
2026.04.02	00:21:00.801	0.79317	0.79453			6
2026.04.02	00:21:06.811		0.79438			4
2026.04.02	00:21:07.110		0.79454			4
2026.04.02	00:21:16.731	0.79318	0.79455			6
2026.04.02	00:21:21.246	0.79317	0.79457			6
2026.04.02	00:21:26.067		0.79456			4
2026.04.02	00:21:31.185		0.79441			4
2026.04.02	00:21:31.486		0.79438			4
2026.04.02	00:21:33.294		0.79443			4
2026.04.02	00:21:37.806		0.79438			4
2026.04.02	00:21:39.911		0.79439			4
2026.04.02	00:21:40.510		0.79443			4
2026.04.02	00:21:40.808		0.79447			4
2026.04.02	00:21:42.310	0.79337	0.79429			6
2026.04.02	00:21:43.318	0.79346				2
2026.04.02	00:21:44.923		0.79433			4
2026.04.02	00:21:46.402		0.79432			4
2026.04.02	00:21:46.702		0.79433			4
2026.04.02	00:21:47.003		0.79432			4
2026.04.02	00:21:48.157		0.79431			4
2026.04.02	00:21:50.004		0.79432			4
2026.04.02	00:21:52.393		0.79431			4
2026.04.02	00:21:54.424		0.79432			4
2026.04.02	00:21:57.046		0.79431			4
2026.04.02	00:21:59.719		0.79432			4
2026.04.02	00:22:00.020	0.79346	0.79431			6
2026.04.02	00:22:02.692		0.79430			4
2026.04.02	00:22:06.634		0.79429			4
2026.04.02	00:22:22.762		0.79428			4
2026.04.02	00:22:25.147		0.79430			4
2026.04.02	00:22:31.370		0.79428			4
2026.04.02	00:22:36.971		0.79427			4
2026.04.02	00:22:42.670		0.79428			4
2026.04.02	00:22:45.151		0.79427			4
2026.04.02	00:22:46.634	0.79356	0.79437			6
2026.04.02	00:22:48.010	0.79359	0.79463			6
2026.04.02	00:22:58.272	0.79345	0.79476			6
2026.04.02	00:23:06.518	0.79345				2
2026.04.02	00:23:14.392		0.79475			4
2026.04.02	00:23:32.889		0.79477			4
2026.04.02	00:23:39.970		0.79476			4
2026.04.02	00:23:41.295	0.79359				2
2026.04.02	00:23:42.103	0.79373				2
2026.04.02	00:23:42.409		0.79484			4
2026.04.02	00:23:43.082		0.79482			4
2026.04.02	00:23:43.388		0.79484			4
2026.04.02	00:23:45.640	0.79359	0.79476			6
2026.04.02	00:24:02.043	0.79359				2
2026.04.02	00:24:02.347		0.79475			4
2026.04.02	00:24:19.014		0.79477			4
2026.04.02	00:24:28.382		0.79475			4
2026.04.02	00:24:51.388		0.79474			4
2026.04.02	00:24:58.082		0.79475			4
2026.04.02	00:25:02.552	0.79359				2
2026.04.02	00:25:18.846		0.79477			4
2026.04.02	00:25:28.083		0.79475			4
2026.04.02	00:25:32.604		0.79472			4
2026.04.02	00:25:33.669		0.79471			4
2026.04.02	00:25:35.388	0.79349				2
2026.04.02	00:25:36.973		0.79478			4
2026.04.02	00:25:37.273		0.79479			4
2026.04.02	00:25:56.839		0.79478			4
2026.04.02	00:26:06.847	0.79349				2
2026.04.02	00:26:07.148		0.79480			4
2026.04.02	00:26:13.083		0.79479			4
2026.04.02	00:26:25.869		0.79478			4
2026.04.02	00:26:52.571		0.79479			4
2026.04.02	00:27:02.769	0.79349				2
2026.04.02	00:27:03.070		0.79478			4
2026.04.02	00:27:18.971		0.79479			4
2026.04.02	00:27:29.470		0.79478			4
2026.04.02	00:27:30.048		0.79479			4
2026.04.02	00:28:02.552	0.79349				2
2026.04.02	00:28:02.852		0.79478			4
2026.04.02	00:28:12.105		0.79477			4
2026.04.02	00:28:16.569		0.79478			4
2026.04.02	00:28:20.547		0.79477			4
2026.04.02	00:28:48.686		0.79480			4
2026.04.02	00:28:49.704		0.79481			4
2026.04.02	00:28:58.386		0.79478			4
2026.04.02	00:29:01.266	0.79349				2
2026.04.02	00:29:11.623		0.79477			4
2026.04.02	00:29:12.409		0.79476			4
2026.04.02	00:29:19.571		0.79477			4
2026.04.02	00:29:23.425		0.79476			4
2026.04.02	00:29:35.523		0.79477			4
2026.04.02	00:29:39.328		0.79478			4
2026.04.02	00:29:40.277		0.79477			4
2026.04.02	00:30:00.076	0.79349				2
2026.04.02	00:30:03.663		0.79478			4
2026.04.02	00:30:05.892		0.79479			4
2026.04.02	00:30:07.556		0.79478			4
2026.04.02	00:30:08.300		0.79481			4
2026.04.02	00:30:09.092		0.79482			4
2026.04.02	00:30:11.381		0.79481			4
2026.04.02	00:30:12.407		0.79480			4
2026.04.02	00:30:13.385		0.79479			4
2026.04.02	00:30:18.264		0.79480			4
2026.04.02	00:30:19.571		0.79479			4
2026.04.02	00:30:24.137		0.79480			4
2026.04.02	00:30:24.669		0.79479			4
2026.04.02	00:30:29.770		0.79478			4
2026.04.02	00:30:31.388		0.79472			4
2026.04.02	00:30:33.969		0.79471			4
2026.04.02	00:30:37.630		0.79472			4
2026.04.02	00:30:37.930		0.79471			4
2026.04.02	00:30:40.163		0.79470			4
2026.04.02	00:30:46.651		0.79469			4
2026.04.02	00:30:51.670		0.79468			4
2026.04.02	00:30:57.458		0.79467			4
2026.04.02	00:30:59.762		0.79468			4
2026.04.02	00:31:00.071	0.79349	0.79467			6
2026.04.02	00:31:00.674		0.79468			4
2026.04.02	00:31:05.394	0.79353				2
2026.04.02	00:31:14.678		0.79469			4
2026.04.02	00:31:20.721		0.79468			4
2026.04.02	00:31:26.229	0.79378	0.79471			6
2026.04.02	00:31:28.153		0.79472			4
2026.04.02	00:31:29.444		0.79470			4
2026.04.02	00:31:29.746		0.79468			4
2026.04.02	00:31:31.615		0.79469			4
2026.04.02	00:31:33.171		0.79471			4
2026.04.02	00:31:35.343		0.79472			4
2026.04.02	00:31:42.792		0.79471			4
2026.04.02	00:31:44.841		0.79472			4
2026.04.02	00:31:47.791		0.79471			4
2026.04.02	00:31:49.475	0.79355				2
2026.04.02	00:31:49.776		0.79470			4
2026.04.02	00:31:50.649		0.79471			4
2026.04.02	00:31:53.774		0.79472			4
2026.04.02	00:32:01.061	0.79355				2
2026.04.02	00:32:01.360		0.79473			4
2026.04.02	00:32:10.272		0.79475			4
2026.04.02	00:32:13.869		0.79474			4
2026.04.02	00:32:19.123		0.79470			4
2026.04.02	00:32:21.615		0.79471			4
2026.04.02	00:32:31.652		0.79469			4
2026.04.02	00:32:42.827		0.79468			4
2026.04.02	00:32:47.148		0.79465			4
2026.04.02	00:32:59.870		0.79464			4
2026.04.02	00:33:01.352	0.79355				2
2026.04.02	00:33:04.570		0.79463			4
2026.04.02	00:33:07.663		0.79462			4
2026.04.02	00:33:11.633	0.79368				2
2026.04.02	00:33:30.370		0.79465			4
2026.04.02	00:33:31.036		0.79468			4
2026.04.02	00:33:36.062		0.79467			4
2026.04.02	00:33:54.370		0.79466			4
2026.04.02	00:34:00.285	0.79368				2
2026.04.02	00:34:06.634	0.79369				2
2026.04.02	00:34:12.461		0.79465			4
2026.04.02	00:34:21.670		0.79464			4
2026.04.02	00:34:36.971		0.79463			4
2026.04.02	00:34:42.854		0.79464			4
2026.04.02	00:34:52.284		0.79465			4
2026.04.02	00:34:56.064		0.79466			4
2026.04.02	00:35:01.635	0.79374				2
2026.04.02	00:35:01.937		0.79465			4
2026.04.02	00:35:05.444		0.79464			4
2026.04.02	00:35:16.269		0.79463			4
2026.04.02	00:35:32.169		0.79464			4
2026.04.02	00:35:35.333		0.79463			4
2026.04.02	00:35:36.106		0.79467			4
2026.04.02	00:35:36.406	0.79383	0.79468			6
2026.04.02	00:35:36.707		0.79467			4
2026.04.02	00:35:41.730	0.79381	0.79465			6
2026.04.02	00:35:42.031		0.79466			4
2026.04.02	00:35:44.760		0.79465			4
2026.04.02	00:35:45.061		0.79466			4
2026.04.02	00:35:49.879		0.79465			4
2026.04.02	00:35:53.470		0.79464			4
2026.04.02	00:35:54.164		0.79465			4
2026.04.02	00:35:54.962	0.79382				2
2026.04.02	00:36:00.069	0.79382				2
2026.04.02	00:36:03.670		0.79464			4
2026.04.02	00:36:03.974		0.79463			4
2026.04.02	00:36:05.344		0.79464			4
2026.04.02	00:36:06.069		0.79463			4
2026.04.02	00:36:07.044		0.79464			4
2026.04.02	00:36:09.971		0.79463			4
2026.04.02	00:36:11.890		0.79464			4
2026.04.02	00:36:12.191		0.79463			4
2026.04.02	00:36:14.179		0.79462			4
2026.04.02	00:36:15.369		0.79463			4
2026.04.02	00:36:16.738		0.79462			4
2026.04.02	00:36:17.040		0.79463			4
2026.04.02	00:36:23.770		0.79464			4
2026.04.02	00:36:24.071		0.79462			4
2026.04.02	00:36:26.469		0.79463			4
2026.04.02	00:36:35.819		0.79461			4
2026.04.02	00:36:36.120		0.79462			4
2026.04.02	00:36:41.760		0.79461			4
2026.04.02	00:36:42.061		0.79462			4
2026.04.02	00:36:47.623		0.79461			4
2026.04.02	00:36:47.922		0.79462			4
2026.04.02	00:36:48.223		0.79461			4
2026.04.02	00:36:49.835	0.79383				2
2026.04.02	00:36:55.270		0.79460			4
2026.04.02	00:36:56.743		0.79461			4
2026.04.02	00:36:57.368		0.79460			4
2026.04.02	00:37:00.143	0.79383				2
2026.04.02	00:37:00.440		0.79461			4
2026.04.02	00:37:04.870		0.79460			4
2026.04.02	00:37:06.040		0.79461			4
2026.04.02	00:37:06.970		0.79460			4
2026.04.02	00:37:09.247		0.79461			4
2026.04.02	00:37:09.548		0.79460			4
2026.04.02	00:37:09.848		0.79461			4
2026.04.02	00:37:11.469		0.79460			4
2026.04.02	00:37:15.002		0.79459			4
2026.04.02	00:37:16.743		0.79460			4
2026.04.02	00:37:18.427		0.79459			4
2026.04.02	00:37:19.032		0.79461			4
2026.04.02	00:37:19.332		0.79460			4
2026.04.02	00:37:19.633		0.79459			4
2026.04.02	00:37:22.285		0.79460			4
2026.04.02	00:37:22.587		0.79461			4
2026.04.02	00:37:22.892		0.79460			4
2026.04.02	00:37:23.192		0.79459			4
2026.04.02	00:37:25.574		0.79460			4
2026.04.02	00:37:26.770		0.79462			4
2026.04.02	00:37:27.372		0.79464			4
2026.04.02	00:37:27.674		0.79463			4
2026.04.02	00:37:27.974		0.79464			4
2026.04.02	00:37:28.937		0.79461			4
2026.04.02	00:37:29.237		0.79467			4
2026.04.02	00:37:29.537		0.79468			4
2026.04.02	00:37:29.838		0.79467			4
2026.04.02	00:37:30.137		0.79466			4
2026.04.02	00:37:32.280		0.79467			4
2026.04.02	00:37:33.971		0.79466			4
2026.04.02	00:37:38.469		0.79467			4
2026.04.02	00:37:40.269		0.79466			4
2026.04.02	00:37:45.539		0.79467			4
2026.04.02	00:37:46.269		0.79466			4
2026.04.02	00:37:54.466		0.79467			4
2026.04.02	00:37:55.066		0.79466			4
2026.04.02	00:37:55.366		0.79468			4
2026.04.02	00:37:56.770		0.79467			4
2026.04.02	00:37:59.771		0.79468			4
2026.04.02	00:38:00.071	0.79383	0.79465			6
2026.04.02	00:38:05.330		0.79467			4
2026.04.02	00:38:05.631		0.79468			4
2026.04.02	00:38:05.931		0.79467			4
2026.04.02	00:38:06.231		0.79468			4
2026.04.02	00:38:06.750		0.79470			4
2026.04.02	00:38:07.049		0.79467			4
2026.04.02	00:38:09.275		0.79473			4
2026.04.02	00:38:13.624		0.79472			4
2026.04.02	00:38:15.439		0.79473			4
2026.04.02	00:38:16.396		0.79474			4
2026.04.02	00:38:21.969		0.79473			4
2026.04.02	00:38:22.689		0.79474			4
2026.04.02	00:38:24.280		0.79475			4
2026.04.02	00:38:26.769		0.79474			4
2026.04.02	00:38:29.813		0.79473			4
2026.04.02	00:38:30.114		0.79472			4
2026.04.02	00:38:36.777		0.79473			4
2026.04.02	00:38:39.070		0.79472			4
2026.04.02	00:38:45.325		0.79473			4
2026.04.02	00:38:45.629		0.79472			4
2026.04.02	00:38:47.770		0.79471			4
2026.04.02	00:38:48.659		0.79472			4
2026.04.02	00:38:55.913		0.79471			4
2026.04.02	00:38:59.575		0.79470			4
2026.04.02	00:39:01.269	0.79383				2
2026.04.02	00:39:01.761	0.79376				2
2026.04.02	00:39:02.827		0.79469			4
2026.04.02	00:39:03.938		0.79470			4
2026.04.02	00:39:11.644		0.79471			4
2026.04.02	00:39:17.644		0.79470			4
2026.04.02	00:39:17.945		0.79471			4
2026.04.02	00:39:21.986		0.79472			4
2026.04.02	00:39:22.586		0.79471			4
2026.04.02	00:39:22.886		0.79470			4
2026.04.02	00:39:24.670		0.79471			4
2026.04.02	00:39:29.774		0.79470			4
2026.04.02	00:39:30.899		0.79471			4
2026.04.02	00:39:31.541		0.79470			4
2026.04.02	00:39:31.987		0.79469			4
2026.04.02	00:39:32.287		0.79466			4
2026.04.02	00:39:32.847		0.79468			4
2026.04.02	00:39:35.333		0.79466			4
2026.04.02	00:39:36.814		0.79465			4
2026.04.02	00:39:39.274		0.79466			4
2026.04.02	00:39:43.379		0.79464			4
2026.04.02	00:39:44.528		0.79462			4
2026.04.02	00:39:44.832		0.79463			4
2026.04.02	00:39:45.432		0.79462			4
2026.04.02	00:39:45.732		0.79465			4
2026.04.02	00:39:47.404		0.79464			4
2026.04.02	00:39:51.164		0.79463			4
2026.04.02	00:39:54.473		0.79464			4
2026.04.02	00:39:55.075		0.79467			4
2026.04.02	00:39:58.313		0.79469			4
2026.04.02	00:40:00.220	0.79376	0.79468			6
2026.04.02	00:40:02.470		0.79469			4
2026.04.02	00:40:03.370		0.79470			4
2026.04.02	00:40:05.336		0.79469			4
2026.04.02	00:40:05.637	0.79379				2
2026.04.02	00:40:06.237		0.79468			4
2026.04.02	00:40:06.838		0.79464			4
2026.04.02	00:40:07.138		0.79466			4
2026.04.02	00:40:07.738		0.79467			4
2026.04.02	00:40:09.970		0.79466			4
2026.04.02	00:40:11.612		0.79468			4
2026.04.02	00:40:11.912		0.79470			4
2026.04.02	00:40:15.334		0.79471			4
2026.04.02	00:40:15.635		0.79469			4
2026.04.02	00:40:16.644		0.79470			4
2026.04.02	00:40:16.944		0.79471			4
2026.04.02	00:40:17.544		0.79469			4
2026.04.02	00:40:17.844		0.79470			4
2026.04.02	00:40:21.665		0.79469			4
2026.04.02	00:40:37.551		0.79470			4
2026.04.02	00:40:38.273		0.79469			4
2026.04.02	00:40:39.907		0.79470			4
2026.04.02	00:40:40.207		0.79467			4
2026.04.02	00:40:40.507		0.79462			4
2026.04.02	00:40:40.808		0.79459			4
2026.04.02	00:40:41.408		0.79460			4
2026.04.02	00:40:41.710		0.79461			4
2026.04.02	00:40:42.428		0.79463			4
2026.04.02	00:40:42.965		0.79462			4
2026.04.02	00:40:43.267		0.79461			4
2026.04.02	00:40:43.607		0.79463			4
2026.04.02	00:40:45.369		0.79462			4
2026.04.02	00:40:45.670		0.79464			4
2026.04.02	00:40:46.870		0.79465			4
2026.04.02	00:40:49.569		0.79464			4
2026.04.02	00:40:50.197		0.79463			4
2026.04.02	00:40:54.330		0.79464			4
2026.04.02	00:40:55.597		0.79462			4
2026.04.02	00:40:58.270		0.79459			4
2026.04.02	00:40:58.571		0.79460			4
2026.04.02	00:41:00.070	0.79379				2
2026.04.02	00:41:00.670		0.79458			4
2026.04.02	00:41:00.970		0.79462			4
2026.04.02	00:41:01.270		0.79461			4
2026.04.02	00:41:05.170		0.79462			4
2026.04.02	00:41:06.838		0.79463			4
2026.04.02	00:41:07.139		0.79462			4
2026.04.02	00:41:07.439		0.79461			4
2026.04.02	00:41:10.231		0.79460			4
2026.04.02	00:41:11.217		0.79459			4
2026.04.02	00:41:11.517		0.79457			4
2026.04.02	00:41:11.817		0.79456			4
2026.04.02	00:41:12.118		0.79455			4
2026.04.02	00:41:12.717		0.79457			4
2026.04.02	00:41:14.705		0.79458			4
2026.04.02	00:41:15.006		0.79460			4
2026.04.02	00:41:15.724		0.79458			4
2026.04.02	00:41:33.378		0.79453			4
2026.04.02	00:41:34.734		0.79452			4
2026.04.02	00:41:35.469		0.79453			4
2026.04.02	00:41:36.671		0.79457			4
2026.04.02	00:41:37.270		0.79458			4
2026.04.02	00:41:42.815		0.79456			4
2026.04.02	00:41:43.691		0.79455			4
2026.04.02	00:41:43.996		0.79454			4
2026.04.02	00:41:44.296		0.79456			4
2026.04.02	00:41:47.088		0.79457			4
2026.04.02	00:41:48.070		0.79456			4
2026.04.02	00:41:50.762		0.79457			4
2026.04.02	00:41:51.969		0.79456			4
2026.04.02	00:41:56.149		0.79458			4
2026.04.02	00:41:56.450		0.79457			4
2026.04.02	00:42:00.172	0.79379				2
2026.04.02	00:42:00.820		0.79454			4
2026.04.02	00:42:01.121		0.79455			4
2026.04.02	00:42:01.421		0.79456			4
2026.04.02	00:42:02.565		0.79458			4
2026.04.02	00:42:02.866		0.79459			4
2026.04.02	00:42:06.969		0.79457			4
2026.04.02	00:42:07.270		0.79459			4
2026.04.02	00:42:07.631		0.79458			4
2026.04.02	00:42:07.932		0.79457			4
2026.04.02	00:42:08.317		0.79458			4
2026.04.02	00:42:09.363		0.79459			4
2026.04.02	00:42:20.724		0.79460			4
2026.04.02	00:42:21.970		0.79459			4
2026.04.02	00:42:22.730		0.79460			4
2026.04.02	00:42:23.470		0.79459			4
2026.04.02	00:42:31.245		0.79460			4
2026.04.02	00:42:33.659		0.79461			4
2026.04.02	00:42:34.870		0.79460			4
2026.04.02	00:42:37.586		0.79456			4
2026.04.02	00:42:38.397		0.79457			4
2026.04.02	00:42:42.297		0.79459			4
2026.04.02	00:42:42.599		0.79460			4
2026.04.02	00:42:47.086		0.79459			4
2026.04.02	00:42:48.142		0.79458			4
2026.04.02	00:42:49.905		0.79457			4
2026.04.02	00:42:51.256		0.79458			4
2026.04.02	00:42:51.557		0.79456			4
2026.04.02	00:42:51.858		0.79457			4
2026.04.02	00:42:54.069		0.79458			4
2026.04.02	00:42:55.806		0.79457			4
2026.04.02	00:42:56.785		0.79458			4
2026.04.02	00:42:57.087		0.79456			4
2026.04.02	00:42:57.389		0.79457			4
2026.04.02	00:42:57.997		0.79456			4
2026.04.02	00:42:59.170		0.79455			4
2026.04.02	00:42:59.470		0.79457			4
2026.04.02	00:43:01.869	0.79379				2
2026.04.02	00:43:09.627		0.79459			4
2026.04.02	00:43:10.441		0.79460			4
2026.04.02	00:43:10.743		0.79457			4
2026.04.02	00:43:11.346		0.79459			4
2026.04.02	00:43:12.194		0.79461			4
2026.04.02	00:43:15.079		0.79462			4
2026.04.02	00:43:16.080		0.79463			4
2026.04.02	00:43:16.380		0.79462			4
2026.04.02	00:43:22.270		0.79458			4
2026.04.02	00:43:23.177		0.79459			4
2026.04.02	00:43:26.474		0.79462			4
2026.04.02	00:43:36.514		0.79463			4
2026.04.02	00:43:36.815		0.79462			4
2026.04.02	00:43:37.569		0.79461			4
2026.04.02	00:43:38.207		0.79462			4
2026.04.02	00:43:40.114		0.79460			4
2026.04.02	00:43:40.414		0.79461			4
2026.04.02	00:43:41.173		0.79462			4
2026.04.02	00:43:42.690		0.79463			4
2026.04.02	00:43:42.992		0.79464			4
2026.04.02	00:43:44.461		0.79463			4
2026.04.02	00:43:44.762		0.79464			4
2026.04.02	00:43:45.065		0.79463			4
2026.04.02	00:43:46.569		0.79462			4
2026.04.02	00:43:49.185		0.79463			4
2026.04.02	00:43:55.608		0.79464			4
2026.04.02	00:43:55.907		0.79463			4
2026.04.02	00:43:59.227		0.79464			4
2026.04.02	00:44:00.162	0.79379				2
2026.04.02	00:44:04.767		0.79463			4
2026.04.02	00:44:09.344		0.79464			4
2026.04.02	00:44:10.929		0.79463			4
2026.04.02	00:44:12.673		0.79462			4
2026.04.02	00:44:16.785		0.79463			4
2026.04.02	00:44:21.587		0.79462			4
2026.04.02	00:44:27.081		0.79463			4
2026.04.02	00:44:29.910		0.79462			4
2026.04.02	00:44:30.370		0.79461			4
2026.04.02	00:44:33.664	0.79355	0.79457			6
2026.04.02	00:44:35.814		0.79458			4
2026.04.02	00:44:36.115		0.79459			4
2026.04.02	00:44:37.269		0.79460			4
2026.04.02	00:44:38.708		0.79459			4
2026.04.02	00:44:39.009		0.79458			4
2026.04.02	00:44:42.069		0.79460			4
2026.04.02	00:44:43.066		0.79458			4
2026.04.02	00:44:43.968		0.79459			4
2026.04.02	00:44:44.442		0.79458			4
2026.04.02	00:44:44.742		0.79457			4
2026.04.02	00:44:45.105		0.79458			4
2026.04.02	00:44:45.427		0.79459			4
2026.04.02	00:44:47.167		0.79458			4
2026.04.02	00:44:47.468		0.79459			4
2026.04.02	00:44:48.731		0.79458			4
2026.04.02	00:44:49.632		0.79459			4
2026.04.02	00:44:50.233		0.79457			4
2026.04.02	00:44:51.323		0.79458			4
2026.04.02	00:44:51.623		0.79459			4
2026.04.02	00:44:59.552		0.79457			4
2026.04.02	00:44:59.936		0.79456			4
2026.04.02	00:45:00.990	0.79355				2
2026.04.02	00:45:02.162	0.79335	0.79469			6
2026.04.02	00:45:03.966	0.79339	0.79470			6
2026.04.02	00:45:04.268	0.79335	0.79471			6
2026.04.02	00:45:04.869	0.79355	0.79458			6
2026.04.02	00:45:10.880		0.79459			4
2026.04.02	00:45:11.181		0.79464			4
2026.04.02	00:45:11.481		0.79463			4
2026.04.02	00:45:11.781		0.79461			4
2026.04.02	00:45:13.552		0.79462			4
2026.04.02	00:45:13.853		0.79461			4
2026.04.02	00:45:14.454		0.79462			4
2026.04.02	00:45:14.760		0.79461			4
2026.04.02	00:45:16.041		0.79459			4
2026.04.02	00:45:16.649		0.79454			4
2026.04.02	00:45:17.617		0.79456			4
2026.04.02	00:45:18.318		0.79454			4
2026.04.02	00:45:19.705		0.79457			4
2026.04.02	00:45:21.557		0.79458			4
2026.04.02	00:45:22.160		0.79457			4
2026.04.02	00:45:22.460		0.79459			4
2026.04.02	00:45:24.194		0.79456			4
2026.04.02	00:45:24.501		0.79455			4
2026.04.02	00:45:28.412	0.79361				2
2026.04.02	00:45:31.157		0.79462			4
2026.04.02	00:45:31.459		0.79459			4
2026.04.02	00:45:31.758		0.79460			4
2026.04.02	00:45:32.059		0.79463			4
2026.04.02	00:45:32.366		0.79461			4
2026.04.02	00:45:32.667		0.79463			4
2026.04.02	00:45:32.967		0.79457			4
2026.04.02	00:45:35.528		0.79455			4
2026.04.02	00:45:36.422		0.79461			4
2026.04.02	00:45:36.722		0.79464			4
2026.04.02	00:45:37.023		0.79461			4
2026.04.02	00:45:37.322		0.79464			4
2026.04.02	00:45:37.622		0.79462			4
2026.04.02	00:45:37.923		0.79461			4
2026.04.02	00:45:38.224		0.79464			4
2026.04.02	00:45:42.319		0.79458			4
2026.04.02	00:45:43.087		0.79459			4
2026.04.02	00:45:44.172		0.79458			4
2026.04.02	00:45:46.651		0.79460			4
2026.04.02	00:45:50.759		0.79459			4
2026.04.02	00:45:54.556		0.79460			4
2026.04.02	00:45:54.856		0.79461			4
2026.04.02	00:45:55.578		0.79460			4
2026.04.02	00:46:01.362	0.79361				2
2026.04.02	00:46:03.812		0.79462			4
2026.04.02	00:46:04.112		0.79460			4
2026.04.02	00:46:05.223		0.79459			4
2026.04.02	00:46:09.350		0.79460			4
2026.04.02	00:46:14.250		0.79463			4
2026.04.02	00:46:14.552		0.79462			4
2026.04.02	00:46:18.360		0.79461			4
2026.04.02	00:46:21.983		0.79460			4
2026.04.02	00:46:22.284		0.79464			4
2026.04.02	00:46:22.585		0.79462			4
2026.04.02	00:46:23.413	0.79360				2
2026.04.02	00:46:28.872		0.79466			4
2026.04.02	00:46:31.651		0.79465			4
2026.04.02	00:46:32.255		0.79466			4
2026.04.02	00:46:32.555		0.79462			4
2026.04.02	00:46:32.855		0.79461			4
2026.04.02	00:46:34.000		0.79462			4
2026.04.02	00:46:36.795		0.79460			4
2026.04.02	00:46:37.094		0.79464			4
2026.04.02	00:46:38.097		0.79465			4
2026.04.02	00:46:38.397		0.79467			4
2026.04.02	00:46:39.098		0.79465			4
2026.04.02	00:46:39.404		0.79463			4
2026.04.02	00:46:42.085		0.79462			4
2026.04.02	00:46:44.077		0.79460			4
2026.04.02	00:46:44.380		0.79464			4
2026.04.02	00:46:44.983		0.79461			4
2026.04.02	00:46:45.283		0.79459			4
2026.04.02	00:46:46.193		0.79458			4
2026.04.02	00:46:47.819		0.79460			4
2026.04.02	00:46:49.625		0.79459			4
2026.04.02	00:46:54.668		0.79458			4
2026.04.02	00:46:56.075		0.79457			4
2026.04.02	00:46:56.376		0.79463			4
2026.04.02	00:46:56.975		0.79462			4
2026.04.02	00:46:57.276		0.79461			4
2026.04.02	00:46:58.264		0.79462			4
2026.04.02	00:46:58.565		0.79459			4
2026.04.02	00:46:58.865		0.79462			4
2026.04.02	00:47:00.441	0.79360				2
2026.04.02	00:47:00.742		0.79461			4
2026.04.02	00:47:01.344		0.79460			4
2026.04.02	00:47:02.194	0.79338	0.79477			6
2026.04.02	00:47:04.904	0.79360	0.79460			6
2026.04.02	00:47:07.087		0.79461			4
2026.04.02	00:47:09.369		0.79460			4
2026.04.02	00:47:12.018		0.79462			4
2026.04.02	00:47:12.318		0.79461			4
2026.04.02	00:47:12.618		0.79462			4
2026.04.02	00:47:16.657		0.79463			4
2026.04.02	00:47:18.414	0.79362				2
2026.04.02	00:47:23.019		0.79462			4
2026.04.02	00:47:23.320		0.79461			4
2026.04.02	00:47:26.770		0.79462			4
2026.04.02	00:47:27.074		0.79461			4
2026.04.02	00:47:27.713		0.79460			4
2026.04.02	00:47:28.014		0.79459			4
2026.04.02	00:47:29.551	0.79342				2
2026.04.02	00:48:01.465	0.79342				2
2026.04.02	00:48:01.765		0.79462			4
2026.04.02	00:48:02.066		0.79463			4
2026.04.02	00:48:02.367		0.79462			4
2026.04.02	00:48:02.670		0.79467			4
2026.04.02	00:48:03.280		0.79461			4
2026.04.02	00:48:11.836		0.79460			4
2026.04.02	00:48:12.137		0.79463			4
2026.04.02	00:48:12.439		0.79461			4
2026.04.02	00:48:13.361		0.79459			4
2026.04.02	00:48:22.402		0.79458			4
2026.04.02	00:48:24.552	0.79341				2
2026.04.02	00:48:27.162		0.79459			4
2026.04.02	00:48:35.773		0.79458			4
2026.04.02	00:48:42.359		0.79460			4
2026.04.02	00:48:49.595		0.79459			4
2026.04.02	00:48:52.028		0.79460			4
2026.04.02	00:48:53.758		0.79459			4
2026.04.02	00:49:00.730	0.79341				2
2026.04.02	00:49:01.033		0.79460			4
2026.04.02	00:49:01.635		0.79459			4
2026.04.02	00:49:03.670		0.79458			4
2026.04.02	00:49:05.169		0.79459			4
2026.04.02	00:49:10.938	0.79340				2
2026.04.02	00:49:11.238		0.79465			4
2026.04.02	00:49:11.539		0.79462			4
2026.04.02	00:49:14.524		0.79460			4
2026.04.02	00:49:14.826		0.79459			4
2026.04.02	00:49:16.785		0.79460			4
2026.04.02	00:49:17.087		0.79461			4
2026.04.02	00:49:17.387		0.79462			4
2026.04.02	00:49:17.691		0.79461			4
2026.04.02	00:49:18.037		0.79460			4
2026.04.02	00:49:18.337		0.79461			4
2026.04.02	00:49:19.556	0.79345				2
2026.04.02	00:49:21.997		0.79460			4
2026.04.02	00:49:23.231		0.79461			4
2026.04.02	00:49:23.531		0.79463			4
2026.04.02	00:49:24.859		0.79460			4
2026.04.02	00:49:25.159		0.79459			4
2026.04.02	00:49:25.866		0.79461			4
2026.04.02	00:49:27.913		0.79459			4
2026.04.02	00:49:29.571		0.79461			4
2026.04.02	00:49:33.728		0.79459			4
2026.04.02	00:49:34.804		0.79460			4
2026.04.02	00:49:35.103		0.79459			4
2026.04.02	00:49:36.032		0.79458			4
2026.04.02	00:49:39.510		0.79459			4
2026.04.02	00:49:39.811		0.79461			4
2026.04.02	00:49:42.869		0.79459			4
2026.04.02	00:49:46.914		0.79458			4
2026.04.02	00:49:47.678		0.79461			4
2026.04.02	00:49:47.978		0.79458			4
2026.04.02	00:49:52.244		0.79459			4
2026.04.02	00:49:57.236	0.79380				2
2026.04.02	00:49:57.536	0.79345				2
2026.04.02	00:49:57.869	0.79380				2
2026.04.02	00:49:58.206	0.79345				2
2026.04.02	00:49:58.506	0.79380				2
2026.04.02	00:49:58.840	0.79345				2
2026.04.02	00:49:59.166	0.79380				2
2026.04.02	00:49:59.486	0.79345				2
2026.04.02	00:49:59.805	0.79380				2
2026.04.02	00:50:00.118	0.79380				2
2026.04.02	00:50:00.418	0.79345				2
2026.04.02	00:50:00.720	0.79380				2
2026.04.02	00:50:01.020	0.79345				2
2026.04.02	00:50:12.064		0.79460			4
2026.04.02	00:50:12.970		0.79459			4
2026.04.02	00:50:14.554	0.79340				2
2026.04.02	00:50:16.787		0.79458			4
2026.04.02	00:50:17.090		0.79459			4
2026.04.02	00:50:17.391		0.79460			4
2026.04.02	00:50:18.103		0.79458			4
2026.04.02	00:50:18.440		0.79460			4
2026.04.02	00:50:18.740		0.79459			4
2026.04.02	00:50:20.095		0.79458			4
2026.04.02	00:50:22.326		0.79457			4
2026.04.02	00:50:23.344		0.79458			4
2026.04.02	00:50:23.646		0.79457			4
2026.04.02	00:50:24.547		0.79456			4
2026.04.02	00:50:27.440		0.79458			4
2026.04.02	00:50:27.743		0.79456			4
2026.04.02	00:50:31.870		0.79457			4
2026.04.02	00:50:35.336		0.79459			4
2026.04.02	00:50:35.637		0.79457			4
2026.04.02	00:50:36.332		0.79456			4
2026.04.02	00:50:40.711		0.79451			4
2026.04.02	00:51:00.414	0.79340				2
2026.04.02	00:51:00.970		0.79450			4
2026.04.02	00:51:09.136	0.79347				2
2026.04.02	00:51:11.700		0.79449			4
2026.04.02	00:51:19.327	0.79336				2
2026.04.02	00:51:24.136	0.79347				2
2026.04.02	00:51:24.970		0.79448			4
2026.04.02	00:51:30.856		0.79449			4
2026.04.02	00:51:31.156	0.79339	0.79452			6
2026.04.02	00:51:31.457	0.79336				2
2026.04.02	00:51:33.669		0.79451			4
2026.04.02	00:51:37.219		0.79452			4
2026.04.02	00:51:40.710		0.79451			4
2026.04.02	00:51:41.012		0.79446			4
2026.04.02	00:51:52.648		0.79445			4
2026.04.02	00:51:57.970		0.79446			4
2026.04.02	00:52:00.135	0.79336	0.79445			6
2026.04.02	00:52:04.557	0.79335				2
2026.04.02	00:52:05.469		0.79444			4
2026.04.02	00:52:06.670		0.79445			4
2026.04.02	00:52:15.708		0.79446			4
2026.04.02	00:52:16.008		0.79448			4
2026.04.02	00:52:25.849		0.79447			4
2026.04.02	00:52:27.429		0.79446			4
2026.04.02	00:52:29.770		0.79447			4
2026.04.02	00:52:47.766	0.79357				2
2026.04.02	00:53:00.565	0.79357				2
2026.04.02	00:53:01.925		0.79448			4
2026.04.02	00:53:10.550		0.79447			4
2026.04.02	00:53:11.226		0.79446			4
2026.04.02	00:53:27.638		0.79445			4
2026.04.02	00:53:29.739		0.79446			4
2026.04.02	00:53:31.631		0.79447			4
2026.04.02	00:53:33.363		0.79446			4
2026.04.02	00:53:35.770		0.79447			4
2026.04.02	00:53:42.766	0.79358				2
2026.04.02	00:53:44.256		0.79446			4
2026.04.02	00:53:49.474		0.79447			4
2026.04.02	00:53:55.548		0.79446			4
2026.04.02	00:54:00.368	0.79358				2
2026.04.02	00:54:12.490		0.79445			4
2026.04.02	00:54:16.165		0.79447			4
2026.04.02	00:54:19.148		0.79446			4
2026.04.02	00:54:23.055		0.79445			4
2026.04.02	00:54:28.413		0.79446			4
2026.04.02	00:54:30.370		0.79445			4
2026.04.02	00:54:37.766	0.79357				2
2026.04.02	00:54:39.441	0.79344				2
2026.04.02	00:54:40.341		0.79446			4
2026.04.02	00:54:40.642		0.79445			4
2026.04.02	00:54:40.942		0.79444			4
2026.04.02	00:54:41.243		0.79445			4
2026.04.02	00:54:43.022		0.79444			4
2026.04.02	00:54:56.076		0.79445			4
2026.04.02	00:55:00.911	0.79344				2
2026.04.02	00:55:01.211	0.79356	0.79448			6
2026.04.02	00:55:02.169		0.79449			4
2026.04.02	00:55:09.454	0.79329	0.79460			6
2026.04.02	00:55:09.753	0.79356	0.79449			6
2026.04.02	00:55:15.075		0.79450			4
2026.04.02	00:55:16.264		0.79451			4
2026.04.02	00:55:21.377		0.79452			4
2026.04.02	00:55:34.894		0.79453			4
2026.04.02	00:55:36.698		0.79452			4
2026.04.02	00:55:55.935	0.79355				2
2026.04.02	00:56:00.138	0.79355				2
2026.04.02	00:56:03.440		0.79454			4
2026.04.02	00:56:13.360		0.79453			4
2026.04.02	00:56:24.185		0.79454			4
2026.04.02	00:56:36.808		0.79459			4
2026.04.02	00:56:43.717		0.79460			4
2026.04.02	00:56:46.124		0.79456			4
2026.04.02	00:56:48.524		0.79457			4
2026.04.02	00:56:50.326		0.79456			4
2026.04.02	00:57:00.235	0.79355				2
2026.04.02	00:57:01.740		0.79455			4
2026.04.02	00:57:09.545		0.79456			4
2026.04.02	00:57:12.546		0.79459			4
2026.04.02	00:57:13.148		0.79457			4
2026.04.02	00:57:28.794		0.79456			4
2026.04.02	00:57:40.213		0.79457			4
2026.04.02	00:57:46.216	0.79354				2
2026.04.02	00:57:48.620		0.79458			4
2026.04.02	00:58:00.039	0.79354				2
2026.04.02	00:58:01.839		0.79457			4
2026.04.02	00:58:03.940		0.79461			4
2026.04.02	00:58:13.255		0.79460			4
2026.04.02	00:58:28.894		0.79457			4
2026.04.02	00:58:31.000		0.79460			4
2026.04.02	00:58:33.107		0.79461			4
2026.04.02	00:58:33.406		0.79462			4
2026.04.02	00:58:40.318		0.79461			4
2026.04.02	00:58:41.213	0.79353				2
2026.04.02	00:58:43.316		0.79459			4
2026.04.02	00:58:49.029		0.79461			4
2026.04.02	00:58:56.837		0.79460			4
2026.04.02	00:59:00.142	0.79353				2
2026.04.02	00:59:01.040		0.79461			4
2026.04.02	00:59:01.942		0.79460			4
2026.04.02	00:59:07.653		0.79461			4
2026.04.02	00:59:27.213		0.79462			4
2026.04.02	00:59:31.120		0.79461			4
2026.04.02	00:59:33.233		0.79462			4
2026.04.02	00:59:33.534		0.79463			4
2026.04.02	00:59:38.339		0.79462			4
2026.04.02	00:59:43.751		0.79463			4
2026.04.02	00:59:44.652		0.79470			4
2026.04.02	00:59:45.255		0.79464			4
2026.04.02	00:59:46.157		0.79462			4
2026.04.02	00:59:51.878		0.79461			4
2026.04.02	00:59:53.984		0.79457			4
2026.04.02	00:59:57.596		0.79458			4
2026.04.02	01:00:00.296	0.79353	0.79457			6
2026.04.02	01:00:00.603		0.79461			4
2026.04.02	01:00:00.900		0.79465			4
2026.04.02	01:00:01.501		0.79464			4
2026.04.02	01:00:01.805	0.79325	0.79462			6
2026.04.02	01:00:02.404	0.79341	0.79472			6
2026.04.02	01:00:03.299	0.79340	0.79471			6
2026.04.02	01:00:05.101	0.79364	0.79461			6
2026.04.02	01:00:05.402		0.79463			4
2026.04.02	01:00:06.609	0.79365				2
2026.04.02	01:00:07.810		0.79462			4
2026.04.02	01:00:08.109	0.79353				2
2026.04.02	01:00:18.318		0.79464			4
2026.04.02	01:00:20.121		0.79463			4
2026.04.02	01:00:27.940	0.79354	0.79462			6
2026.04.02	01:00:28.239	0.79353	0.79461			6
2026.04.02	01:00:28.539	0.79354	0.79462			6
2026.04.02	01:00:30.043	0.79355	0.79461			6
2026.04.02	01:00:30.340	0.79354	0.79462			6
2026.04.02	01:00:31.844	0.79353	0.79463			6
2026.04.02	01:00:35.457	0.79354				2
2026.04.02	01:00:37.266	0.79353				2
2026.04.02	01:00:37.564	0.79365				2
2026.04.02	01:00:38.167		0.79462			4
2026.04.02	01:00:40.880	0.79367				2
2026.04.02	01:00:41.184		0.79460			4
2026.04.02	01:00:41.782	0.79368				2
2026.04.02	01:00:42.985		0.79459			4
2026.04.02	01:00:45.382	0.79370				2
2026.04.02	01:00:45.685		0.79462			4
2026.04.02	01:00:46.283	0.79383	0.79461			6
2026.04.02	01:00:46.584	0.79384				2
2026.04.02	01:00:46.883	0.79385				2
2026.04.02	01:00:47.185	0.79386	0.79462			6
2026.04.02	01:00:47.483	0.79370				2
2026.04.02	01:00:48.087		0.79464			4
2026.04.02	01:00:49.589	0.79364				2
2026.04.02	01:00:51.393		0.79461			4
2026.04.02	01:00:53.495		0.79463			4
2026.04.02	01:00:53.796	0.79369				2
2026.04.02	01:00:54.696		0.79462			4
2026.04.02	01:00:56.498	0.79370				2
2026.04.02	01:01:00.099	0.79390				2
2026.04.02	01:01:00.406	0.79392	0.79465			6
2026.04.02	01:01:00.703	0.79388	0.79461			6
2026.04.02	01:01:01.007	0.79386				2
2026.04.02	01:01:01.609		0.79460			4
2026.04.02	01:01:03.407	0.79385				2
2026.04.02	01:01:03.707	0.79386	0.79461			6
2026.04.02	01:01:05.205		0.79460			4
2026.04.02	01:01:06.707		0.79461			4
2026.04.02	01:01:07.308	0.79387				2
2026.04.02	01:01:07.610		0.79460			4
2026.04.02	01:01:15.116		0.79459			4
2026.04.02	01:01:15.717	0.79393				2
2026.04.02	01:01:16.917		0.79460			4
2026.04.02	01:01:17.523		0.79459			4
2026.04.02	01:01:18.423		0.79460			4
2026.04.02	01:01:19.322		0.79459			4
2026.04.02	01:01:20.827	0.79405	0.79453			6
2026.04.02	01:01:21.129	0.79409	0.79450			6
2026.04.02	01:01:27.431	0.79410				2
2026.04.02	01:01:31.335	0.79411	0.79451			6
2026.04.02	01:01:35.539		0.79453			4
2026.04.02	01:01:35.837		0.79452			4
2026.04.02	01:01:36.142	0.79414	0.79447			6
2026.04.02	01:01:36.438	0.79406	0.79455			6
2026.04.02	01:01:37.038		0.79453			4
2026.04.02	01:01:42.451	0.79408				2
2026.04.02	01:01:43.656		0.79454			4
2026.04.02	01:01:53.282	0.79405	0.79457			6
2026.04.02	01:01:55.684	0.79406	0.79456			6
2026.04.02	01:01:55.991	0.79407				2
2026.04.02	01:02:00.200	0.79407				2
2026.04.02	01:02:04.109	0.79408				2
2026.04.02	01:02:11.016	0.79418	0.79457			6
2026.04.02	01:02:11.317	0.79416	0.79458			6
2026.04.02	01:02:13.118	0.79417				2
2026.04.02	01:02:13.422	0.79418	0.79456			6
2026.04.02	01:02:13.719	0.79417	0.79458			6
2026.04.02	01:02:17.024		0.79457			4
2026.04.02	01:02:23.937	0.79420				2
2026.04.02	01:02:28.737	0.79417				2
2026.04.02	01:02:30.240		0.79458			4
2026.04.02	01:02:33.250	0.79420				2
2026.04.02	01:02:34.451	0.79417				2
2026.04.02	01:02:36.555	0.79420				2
2026.04.02	01:02:40.165	0.79416	0.79455			6
2026.04.02	01:02:40.467	0.79410	0.79454			6
2026.04.02	01:02:40.767	0.79409				2
2026.04.02	01:02:41.068	0.79410				2
2026.04.02	01:02:42.273	0.79409	0.79453			6
2026.04.02	01:02:43.177	0.79410	0.79454			6
2026.04.02	01:02:46.183	0.79413				2
2026.04.02	01:02:48.887	0.79415				2
2026.04.02	01:02:49.187	0.79414				2
2026.04.02	01:03:00.012	0.79414				2
2026.04.02	01:03:00.316	0.79411	0.79452			6
2026.04.02	01:03:05.717		0.79453			4
2026.04.02	01:03:06.316	0.79409				2
2026.04.02	01:03:07.521		0.79452			4
2026.04.02	01:03:07.819	0.79410				2
2026.04.02	01:03:08.121	0.79411				2
2026.04.02	01:03:08.718		0.79451			4
2026.04.02	01:03:09.019	0.79410				2
2026.04.02	01:03:09.323	0.79411				2
2026.04.02	01:03:09.620	0.79412	0.79450			6
2026.04.02	01:03:12.022	0.79410	0.79451			6
2026.04.02	01:03:12.923		0.79450			4
2026.04.02	01:03:18.632		0.79451			4
2026.04.02	01:03:22.236	0.79414	0.79450			6
2026.04.02	01:03:31.243	0.79415				2
2026.04.02	01:03:31.544	0.79416	0.79451			6
2026.04.02	01:03:31.842		0.79450			4
2026.04.02	01:03:32.746	0.79418	0.79451			6
2026.04.02	01:03:42.973		0.79452			4
2026.04.02	01:03:43.276	0.79420	0.79453			6
2026.04.02	01:03:43.574		0.79455			4
2026.04.02	01:03:43.875		0.79453			4
2026.04.02	01:03:44.175		0.79454			4
2026.04.02	01:03:44.475		0.79453			4
2026.04.02	01:03:44.774		0.79454			4
2026.04.02	01:03:45.079		0.79453			4
2026.04.02	01:03:45.376		0.79454			4
2026.04.02	01:03:45.977		0.79455			4
2026.04.02	01:03:46.277		0.79453			4
2026.04.02	01:03:46.577		0.79455			4
2026.04.02	01:03:46.879		0.79453			4
2026.04.02	01:03:47.179		0.79455			4
2026.04.02	01:03:47.478	0.79413	0.79450			6
2026.04.02	01:03:50.784	0.79412				2
2026.04.02	01:03:55.886	0.79411	0.79448			6
2026.04.02	01:03:56.188	0.79414	0.79447			6
2026.04.02	01:03:57.091	0.79412				2
2026.04.02	01:04:00.101	0.79412				2
2026.04.02	01:04:07.609		0.79446			4
2026.04.02	01:04:10.612	0.79411				2
2026.04.02	01:04:10.915	0.79413				2
2026.04.02	01:04:16.015	0.79415	0.79447			6
2026.04.02	01:04:16.313	0.79414	0.79446			6
2026.04.02	01:04:19.315		0.79447			4
2026.04.02	01:04:19.616		0.79446			4
2026.04.02	01:04:20.521	0.79418	0.79451			6
2026.04.02	01:04:20.819	0.79411	0.79443			6
2026.04.02	01:04:26.528	0.79409	0.79444			6
2026.04.02	01:04:30.138	0.79416	0.79448			6
2026.04.02	01:04:30.434	0.79403	0.79445			6
2026.04.02	01:04:32.234	0.79408	0.79443			6
2026.04.02	01:04:32.540	0.79407	0.79440			6
2026.04.02	01:04:32.834	0.79408	0.79435			6
2026.04.02	01:04:33.437	0.79407				2
2026.04.02	01:04:34.335		0.79436			4
2026.04.02	01:04:35.242	0.79408				2
2026.04.02	01:04:38.241		0.79437			4
2026.04.02	01:04:39.443	0.79401	0.79440			6
2026.04.02	01:04:39.746	0.79402				2
2026.04.02	01:04:40.043	0.79403	0.79436			6
2026.04.02	01:04:41.549	0.79407	0.79437			6
2026.04.02	01:04:44.854		0.79438			4
2026.04.02	01:04:45.149	0.79410	0.79440			6
2026.04.02	01:04:45.451	0.79407	0.79438			6
2026.04.02	01:04:45.754		0.79440			4
2026.04.02	01:04:46.354		0.79439			4
2026.04.02	01:04:46.652		0.79438			4
2026.04.02	01:04:47.256	0.79408	0.79440			6
2026.04.02	01:04:47.551	0.79411	0.79442			6
2026.04.02	01:04:47.850	0.79401	0.79440			6
2026.04.02	01:04:48.155	0.79404	0.79443			6
2026.04.02	01:04:48.451		0.79441			4
2026.04.02	01:04:55.063	0.79409	0.79442			6
2026.04.02	01:04:55.362	0.79407	0.79441			6
2026.04.02	01:04:57.172	0.79404				2
2026.04.02	01:04:57.473	0.79403	0.79440			6
2026.04.02	01:05:00.181	0.79403				2
2026.04.02	01:05:02.883	0.79404				2
2026.04.02	01:05:04.086	0.79408	0.79438			6
2026.04.02	01:05:04.386		0.79439			4
2026.04.02	01:05:10.696	0.79400	0.79441			6
2026.04.02	01:05:10.993	0.79401				2
2026.04.02	01:05:12.500		0.79440			4
2026.04.02	01:05:14.599		0.79439			4
2026.04.02	01:05:16.705	0.79399				2
2026.04.02	01:05:25.118	0.79404				2
2026.04.02	01:05:25.414	0.79407	0.79438			6
2026.04.02	01:05:26.917	0.79406	0.79436			6
2026.04.02	01:05:27.221	0.79407				2
2026.04.02	01:05:31.425	0.79406				2
2026.04.02	01:05:33.525	0.79407				2
2026.04.02	01:05:33.828	0.79404				2
2026.04.02	01:05:34.726	0.79398	0.79430			6
2026.04.02	01:05:36.525	0.79399				2
2026.04.02	01:05:40.731	0.79403	0.79432			6
2026.04.02	01:05:43.734	0.79399				2
2026.04.02	01:05:44.037	0.79404				2
2026.04.02	01:05:44.639	0.79399				2
2026.04.02	01:05:45.835		0.79430			4
2026.04.02	01:05:46.740	0.79397				2
2026.04.02	01:05:50.647	0.79396	0.79429			6
2026.04.02	01:05:50.950	0.79397				2
2026.04.02	01:05:51.251	0.79396				2
2026.04.02	01:05:51.551	0.79398				2
2026.04.02	01:05:54.853	0.79404				2
2026.04.02	01:05:55.151	0.79398				2
2026.04.02	01:05:58.458	0.79400				2
2026.04.02	01:05:58.758	0.79399				2
2026.04.02	01:05:59.059	0.79398				2
2026.04.02	01:05:59.657	0.79399				2
2026.04.02	01:06:00.262	0.79398				2
2026.04.02	01:06:00.562	0.79399				2
2026.04.02	01:06:01.163	0.79398				2
2026.04.02	01:06:01.462	0.79399				2
2026.04.02	01:06:01.760	0.79396				2
2026.04.02	01:06:02.361	0.79397				2
2026.04.02	01:06:02.664	0.79396				2
2026.04.02	01:06:03.867	0.79397				2
2026.04.02	01:06:04.465	0.79396				2
2026.04.02	01:06:04.764	0.79397				2
2026.04.02	01:06:05.368	0.79396				2
2026.04.02	01:06:05.970	0.79397				2
2026.04.02	01:06:06.571	0.79404	0.79431			6
2026.04.02	01:06:06.874	0.79402	0.79434			6
2026.04.02	01:06:07.172	0.79404	0.79432			6
2026.04.02	01:06:08.975	0.79402	0.79434			6
2026.04.02	01:06:09.274	0.79403	0.79431			6
2026.04.02	01:06:09.580		0.79432			4
2026.04.02	01:06:09.874	0.79402				2
2026.04.02	01:06:10.479	0.79403				2
2026.04.02	01:06:10.781	0.79402	0.79433			6
2026.04.02	01:06:11.380	0.79403	0.79431			6
2026.04.02	01:06:11.981	0.79402	0.79433			6
2026.04.02	01:06:12.280	0.79403	0.79431			6
2026.04.02	01:06:12.583	0.79404	0.79433			6
2026.04.02	01:06:14.390	0.79402				2
2026.04.02	01:06:14.685	0.79404				2
2026.04.02	01:06:15.592	0.79402				2
2026.04.02	01:06:15.890	0.79404				2
2026.04.02	01:06:16.793	0.79402				2
2026.04.02	01:06:17.092	0.79403				2
2026.04.02	01:06:17.397	0.79398	0.79425			6
2026.04.02	01:06:17.694	0.79400				2
2026.04.02	01:06:18.297		0.79426			4
2026.04.02	01:06:19.199	0.79398				2
2026.04.02	01:06:19.499	0.79400				2
2026.04.02	01:06:20.699	0.79398				2
2026.04.02	01:06:20.994	0.79400				2
2026.04.02	01:06:23.400	0.79398				2
2026.04.02	01:06:23.697	0.79400				2
2026.04.02	01:06:24.907	0.79398	0.79425			6
2026.04.02	01:06:25.199	0.79400				2
2026.04.02	01:06:25.502	0.79401				2
2026.04.02	01:06:26.699	0.79400				2
2026.04.02	01:06:27.601	0.79397				2
2026.04.02	01:06:27.901	0.79400				2
2026.04.02	01:06:30.309	0.79397				2
2026.04.02	01:06:30.608	0.79400				2
2026.04.02	01:06:31.808	0.79401				2
2026.04.02	01:06:34.509	0.79397				2
2026.04.02	01:06:34.812	0.79401				2
2026.04.02	01:06:35.108	0.79397				2
2026.04.02	01:06:35.412	0.79401				2
2026.04.02	01:06:37.214	0.79397				2
2026.04.02	01:06:37.515	0.79401				2
2026.04.02	01:06:37.812	0.79397				2
2026.04.02	01:06:38.114	0.79399				2
2026.04.02	01:06:39.912	0.79397				2
2026.04.02	01:06:40.216	0.79400				2
2026.04.02	01:06:40.517	0.79397				2
2026.04.02	01:06:40.816	0.79400				2
2026.04.02	01:06:41.114	0.79397				2
2026.04.02	01:06:41.421	0.79402	0.79424			6
2026.04.02	01:06:42.916	0.79400				2
2026.04.02	01:06:43.517	0.79397				2
2026.04.02	01:06:43.820	0.79400				2
2026.04.02	01:06:44.117	0.79395	0.79429			6
2026.04.02	01:06:44.420	0.79400				2
2026.04.02	01:06:46.524		0.79428			4
2026.04.02	01:06:47.428	0.79396				2
2026.04.02	01:06:47.725	0.79400				2
2026.04.02	01:06:48.029	0.79396				2
2026.04.02	01:06:48.328	0.79400				2
2026.04.02	01:06:52.534	0.79399				2
2026.04.02	01:06:52.833	0.79400				2
2026.04.02	01:06:55.529	0.79396				2
2026.04.02	01:06:55.833	0.79400				2
2026.04.02	01:06:57.932	0.79395				2
2026.04.02	01:06:58.233	0.79400				2
2026.04.02	01:06:59.133	0.79394				2
2026.04.02	01:06:59.431	0.79400				2
2026.04.02	01:07:00.036	0.79400				2
2026.04.02	01:07:02.138		0.79424			4
2026.04.02	01:07:03.338		0.79427			4
2026.04.02	01:07:03.635	0.79399				2
2026.04.02	01:07:06.037	0.79400				2
2026.04.02	01:07:07.545	0.79399				2
2026.04.02	01:07:07.839	0.79400				2
2026.04.02	01:07:08.443	0.79394				2
2026.04.02	01:07:08.740	0.79398				2
2026.04.02	01:07:09.341	0.79395				2
2026.04.02	01:07:09.644	0.79398				2
2026.04.02	01:07:10.245	0.79400				2
2026.04.02	01:07:10.545	0.79395				2
2026.04.02	01:07:10.846	0.79400				2
2026.04.02	01:07:12.042	0.79394				2
2026.04.02	01:07:12.345	0.79400				2
2026.04.02	01:07:14.749	0.79394				2
2026.04.02	01:07:15.045	0.79400				2
2026.04.02	01:07:16.250	0.79394				2
2026.04.02	01:07:16.552	0.79400				2
2026.04.02	01:07:17.758	0.79394				2
2026.04.02	01:07:18.356	0.79400				2
2026.04.02	01:07:19.568	0.79401				2
2026.04.02	01:07:19.865	0.79398				2
2026.04.02	01:07:20.166	0.79394				2
2026.04.02	01:07:20.466	0.79401				2
2026.04.02	01:07:20.771	0.79395				2
2026.04.02	01:07:21.069	0.79394				2
2026.04.02	01:07:21.373	0.79401				2
2026.04.02	01:07:22.276	0.79395				2
2026.04.02	01:07:22.579	0.79394				2
2026.04.02	01:07:22.877	0.79401				2
2026.04.02	01:07:23.783	0.79395				2
2026.04.02	01:07:24.078	0.79394				2
2026.04.02	01:07:24.381	0.79401				2
2026.04.02	01:07:28.288	0.79394				2
2026.04.02	01:07:28.585	0.79401				2
2026.04.02	01:07:28.888	0.79398				2
2026.04.02	01:07:29.185	0.79394				2
2026.04.02	01:07:29.488	0.79401				2
2026.04.02	01:07:29.785	0.79396				2
2026.04.02	01:07:30.089	0.79401				2
2026.04.02	01:07:31.289	0.79396				2
2026.04.02	01:07:31.593	0.79394				2
2026.04.02	01:07:31.896	0.79400				2
2026.04.02	01:07:32.194	0.79396				2
2026.04.02	01:07:32.494	0.79401				2
2026.04.02	01:07:34.004	0.79400				2
2026.04.02	01:07:34.604	0.79394				2
2026.04.02	01:07:34.907	0.79401				2
2026.04.02	01:07:35.209	0.79396				2
2026.04.02	01:07:35.511	0.79394				2
2026.04.02	01:07:35.809	0.79401	0.79428			6
2026.04.02	01:07:36.111	0.79396	0.79427			6
2026.04.02	01:07:36.409	0.79401				2
2026.04.02	01:07:37.610	0.79400				2
2026.04.02	01:07:38.207		0.79428			4
2026.04.02	01:07:38.513	0.79394				2
2026.04.02	01:07:38.808	0.79401				2
2026.04.02	01:07:39.408	0.79394				2
2026.04.02	01:07:39.711	0.79401				2
2026.04.02	01:07:40.009	0.79396				2
2026.04.02	01:07:40.311	0.79401				2
2026.04.02	01:07:41.514	0.79400				2
2026.04.02	01:07:42.415	0.79396				2
2026.04.02	01:07:42.715	0.79394				2
2026.04.02	01:07:43.016	0.79401				2
2026.04.02	01:07:43.311	0.79396				2
2026.04.02	01:07:43.615	0.79394				2
2026.04.02	01:07:43.916	0.79401				2
2026.04.02	01:07:44.216	0.79396				2
2026.04.02	01:07:44.516	0.79401				2
2026.04.02	01:07:46.017	0.79394				2
2026.04.02	01:07:46.313	0.79401				2
2026.04.02	01:07:46.918	0.79396	0.79422			6
2026.04.02	01:07:47.218	0.79401				2
2026.04.02	01:07:48.420	0.79396	0.79423			6
2026.04.02	01:07:49.019	0.79401				2
2026.04.02	01:07:54.727	0.79397				2
2026.04.02	01:07:55.028	0.79401				2
2026.04.02	01:07:55.329	0.79397				2
2026.04.02	01:07:55.926	0.79401				2
2026.04.02	01:07:56.226	0.79397				2
2026.04.02	01:07:56.527	0.79401				2
2026.04.02	01:07:59.537	0.79397				2
2026.04.02	01:08:00.137	0.79401				2
2026.04.02	01:08:00.436	0.79397				2
2026.04.02	01:08:00.737	0.79401				2
2026.04.02	01:08:02.542		0.79422			4
2026.04.02	01:08:02.842	0.79396	0.79423			6
2026.04.02	01:08:03.142	0.79397				2
2026.04.02	01:08:03.441	0.79401				2
2026.04.02	01:08:03.744	0.79397				2
2026.04.02	01:08:04.042	0.79401				2
2026.04.02	01:08:05.542	0.79396				2
2026.04.02	01:08:06.145	0.79401				2
2026.04.02	01:08:06.447	0.79396				2
2026.04.02	01:08:06.746	0.79401				2
2026.04.02	01:08:07.651	0.79397				2
2026.04.02	01:08:07.948	0.79396	0.79422			6
2026.04.02	01:08:08.248	0.79401				2
2026.04.02	01:08:09.150	0.79396	0.79423			6
2026.04.02	01:08:09.750	0.79401				2
2026.04.02	01:08:10.052	0.79400				2
2026.04.02	01:08:11.555	0.79397				2
2026.04.02	01:08:11.853	0.79401	0.79422			6
2026.04.02	01:08:12.151		0.79423			4
2026.04.02	01:08:12.453	0.79396				2
2026.04.02	01:08:12.756	0.79401				2
2026.04.02	01:08:13.361	0.79398				2
2026.04.02	01:08:13.658	0.79400				2
2026.04.02	01:08:14.559	0.79401				2
2026.04.02	01:08:16.961		0.79427			4
2026.04.02	01:08:17.865	0.79398				2
2026.04.02	01:08:18.163	0.79400				2
2026.04.02	01:08:18.463	0.79397				2
2026.04.02	01:08:18.764	0.79400				2
2026.04.02	01:08:19.064	0.79397				2
2026.04.02	01:08:19.369	0.79400				2
2026.04.02	01:08:23.583	0.79401				2
2026.04.02	01:08:28.389	0.79397	0.79426			6
2026.04.02	01:08:28.693	0.79400				2
2026.04.02	01:08:28.992	0.79401				2
2026.04.02	01:08:29.892	0.79399				2
2026.04.02	01:08:35.910		0.79423			4
2026.04.02	01:08:36.211	0.79398				2
2026.04.02	01:08:36.509	0.79399	0.79425			6
2026.04.02	01:08:37.110	0.79400				2
2026.04.02	01:08:41.913	0.79401				2
2026.04.02	01:08:42.213		0.79426			4
2026.04.02	01:08:42.512	0.79400				2
2026.04.02	01:08:42.815	0.79401				2
2026.04.02	01:08:43.113	0.79400				2
2026.04.02	01:08:43.415	0.79401				2
2026.04.02	01:08:43.713	0.79400				2
2026.04.02	01:08:44.015	0.79401				2
2026.04.02	01:08:44.314	0.79400				2
2026.04.02	01:08:45.519	0.79401				2
2026.04.02	01:08:45.818	0.79400				2
2026.04.02	01:08:46.116	0.79401				2
2026.04.02	01:08:46.415	0.79400				2
2026.04.02	01:08:46.718	0.79401				2
2026.04.02	01:08:47.017	0.79400				2
2026.04.02	01:08:47.921	0.79401				2
2026.04.02	01:08:49.118	0.79400				2
2026.04.02	01:08:51.520	0.79398				2
2026.04.02	01:08:51.822	0.79399				2
2026.04.02	01:08:52.121	0.79398				2
2026.04.02	01:08:52.422	0.79399				2
2026.04.02	01:08:52.719	0.79398				2
2026.04.02	01:08:53.023	0.79399				2
2026.04.02	01:08:53.321	0.79398				2
2026.04.02	01:08:53.625	0.79399				2
2026.04.02	01:08:53.923	0.79398				2
2026.04.02	01:08:57.529	0.79399				2
2026.04.02	01:08:57.832	0.79398				2
2026.04.02	01:08:58.130	0.79399				2
2026.04.02	01:08:59.635	0.79398				2
2026.04.02	01:08:59.934	0.79399				2
2026.04.02	01:09:00.238	0.79398				2
2026.04.02	01:09:00.537	0.79399				2
2026.04.02	01:09:01.735	0.79398				2
2026.04.02	01:09:02.035		0.79425			4
2026.04.02	01:09:02.338	0.79399				2
2026.04.02	01:09:02.937	0.79398				2
2026.04.02	01:09:03.237	0.79399				2
2026.04.02	01:09:07.143	0.79400				2
2026.04.02	01:09:07.442	0.79399				2
2026.04.02	01:09:07.744	0.79400				2
2026.04.02	01:09:08.045	0.79399				2
2026.04.02	01:09:08.347	0.79400				2
2026.04.02	01:09:08.647	0.79399				2
2026.04.02	01:09:11.056	0.79400				2
2026.04.02	01:09:11.659	0.79399				2
2026.04.02	01:09:11.959	0.79400				2
2026.04.02	01:09:12.260	0.79399				2
2026.04.02	01:09:12.558	0.79398				2
2026.04.02	01:09:12.861	0.79399				2
2026.04.02	01:09:19.177	0.79400				2
2026.04.02	01:09:19.478	0.79399				2
2026.04.02	01:09:19.778	0.79400				2
2026.04.02	01:09:20.079	0.79399				2
2026.04.02	01:09:22.485	0.79400				2
2026.04.02	01:09:22.783	0.79399				2
2026.04.02	01:09:23.087	0.79400				2
2026.04.02	01:09:23.387	0.79399				2
2026.04.02	01:09:23.686	0.79400				2
2026.04.02	01:09:23.986	0.79399				2
2026.04.02	01:09:24.290	0.79400				2
2026.04.02	01:09:24.587	0.79399				2
2026.04.02	01:09:27.890	0.79400				2
2026.04.02	01:09:28.195	0.79399				2
2026.04.02	01:09:28.493	0.79400				2
2026.04.02	01:09:28.795	0.79399				2
2026.04.02	01:09:29.095	0.79401				2
2026.04.02	01:09:29.393	0.79399				2
2026.04.02	01:09:29.691	0.79401				2
2026.04.02	01:09:31.797	0.79399				2
2026.04.02	01:09:32.100	0.79400				2
2026.04.02	01:09:33.306	0.79399				2
2026.04.02	01:09:33.604	0.79400				2
2026.04.02	01:09:33.908	0.79399				2
2026.04.02	01:09:34.206	0.79400				2
2026.04.02	01:09:34.507	0.79403				2
2026.04.02	01:09:35.712		0.79424			4
2026.04.02	01:09:36.310	0.79404				2
2026.04.02	01:09:37.507	0.79396				2
2026.04.02	01:09:37.808	0.79404				2
2026.04.02	01:09:40.815	0.79400				2
2026.04.02	01:09:41.114	0.79404				2
2026.04.02	01:09:41.417	0.79400				2
2026.04.02	01:09:41.714	0.79404				2
2026.04.02	01:09:42.015	0.79400				2
2026.04.02	01:09:42.315	0.79404				2
2026.04.02	01:09:44.718	0.79400				2
2026.04.02	01:09:45.014	0.79404				2
2026.04.02	01:09:45.313	0.79400				2
2026.04.02	01:09:45.614	0.79404				2
2026.04.02	01:09:47.419	0.79403	0.79425			6
2026.04.02	01:09:48.919	0.79398				2
2026.04.02	01:09:49.217	0.79403				2
2026.04.02	01:09:50.122	0.79398				2
2026.04.02	01:09:50.422	0.79403				2
2026.04.02	01:09:51.322	0.79398				2
2026.04.02	01:09:51.623	0.79403				2
2026.04.02	01:09:54.928	0.79398				2
2026.04.02	01:09:55.231	0.79403				2
2026.04.02	01:09:56.732	0.79398				2
2026.04.02	01:09:57.033	0.79403				2
2026.04.02	01:09:57.332	0.79397				2
2026.04.02	01:09:57.632	0.79403				2
2026.04.02	01:09:58.834	0.79399				2
2026.04.02	01:09:59.135	0.79403				2
2026.04.02	01:09:59.429	0.79404				2
2026.04.02	01:10:00.034	0.79404				2
2026.04.02	01:10:11.149	0.79403	0.79426			6
2026.04.02	01:10:14.457	0.79406				2
2026.04.02	01:10:15.653	0.79405				2
2026.04.02	01:10:22.566	0.79404				2
2026.04.02	01:10:26.175	0.79405				2
2026.04.02	01:10:28.880	0.79404				2
2026.04.02	01:10:34.301	0.79405				2
2026.04.02	01:10:37.909	0.79406				2
2026.04.02	01:10:39.708	0.79407				2
2026.04.02	01:10:42.412	0.79406				2
2026.04.02	01:10:49.922	0.79407				2
2026.04.02	01:10:50.223	0.79406				2
2026.04.02	01:10:50.523	0.79407				2
2026.04.02	01:10:51.724	0.79406				2
2026.04.02	01:11:00.146	0.79406				2
2026.04.02	01:11:00.441	0.79408				2
2026.04.02	01:11:01.641	0.79407				2
2026.04.02	01:11:08.853	0.79406				2
2026.04.02	01:11:11.261	0.79404	0.79426			6
2026.04.02	01:11:11.560	0.79403				2
2026.04.02	01:11:14.563	0.79402				2
2026.04.02	01:11:14.863	0.79403				2
2026.04.02	01:11:17.572		0.79427			4
2026.04.02	01:11:17.872	0.79402				2
2026.04.02	01:11:19.082	0.79403				2
2026.04.02	01:11:21.183	0.79402				2
2026.04.02	01:11:26.292	0.79401				2
2026.04.02	01:11:32.605	0.79400	0.79422			6
2026.04.02	01:11:51.218		0.79426			4
2026.04.02	01:11:52.722		0.79423			4
2026.04.02	01:11:58.730	0.79401				2
2026.04.02	01:11:59.029	0.79402				2
2026.04.02	01:11:59.331	0.79400				2
2026.04.02	01:11:59.931	0.79402				2
2026.04.02	01:12:00.232	0.79400				2
2026.04.02	01:12:00.833	0.79402				2
2026.04.02	01:12:01.131	0.79400				2
2026.04.02	01:12:10.742	0.79399				2
2026.04.02	01:12:14.949		0.79424			4
2026.04.02	01:12:15.247		0.79423			4
2026.04.02	01:12:34.485		0.79421			4
2026.04.02	01:12:34.785		0.79420			4
2026.04.02	01:12:39.304		0.79422			4
2026.04.02	01:12:43.209	0.79400				2
2026.04.02	01:12:44.706	0.79401				2
2026.04.02	01:12:53.112	0.79403	0.79424			6
2026.04.02	01:13:00.020	0.79403				2
2026.04.02	01:13:02.436	0.79404				2
2026.04.02	01:13:02.733	0.79403				2
2026.04.02	01:13:21.067	0.79402				2
2026.04.02	01:13:33.987	0.79403				2
2026.04.02	01:13:39.707	0.79402	0.79423			6
2026.04.02	01:13:40.008	0.79403	0.79424			6
2026.04.02	01:13:46.616	0.79402	0.79423			6
2026.04.02	01:13:46.916	0.79403	0.79425			6
2026.04.02	01:13:49.922	0.79402				2
2026.04.02	01:13:52.640		0.79424			4
2026.04.02	01:14:00.159	0.79401	0.79422			6
2026.04.02	01:14:05.576		0.79420			4
2026.04.02	01:14:05.879	0.79400				2
2026.04.02	01:14:08.884		0.79421			4
2026.04.02	01:14:10.389	0.79401				2
2026.04.02	01:14:14.000		0.79422			4
2026.04.02	01:14:16.406	0.79403				2
2026.04.02	01:14:17.004	0.79401				2
2026.04.02	01:14:19.107	0.79398	0.79416			6
2026.04.02	01:14:19.407	0.79399				2
2026.04.02	01:14:21.207		0.79417			4
2026.04.02	01:14:24.215	0.79400				2
2026.04.02	01:14:25.417	0.79401				2
2026.04.02	01:14:28.425	0.79400				2
2026.04.02	01:14:29.331	0.79401				2
2026.04.02	01:14:29.629	0.79400				2
2026.04.02	01:14:31.733	0.79401				2
2026.04.02	01:14:32.033	0.79400				2
2026.04.02	01:14:32.333	0.79401				2
2026.04.02	01:14:34.740	0.79400				2
2026.04.02	01:14:36.840	0.79399				2
2026.04.02	01:14:38.045	0.79400				2
2026.04.02	01:14:44.062	0.79395	0.79416			6
2026.04.02	01:14:45.869	0.79396				2
2026.04.02	01:14:50.680		0.79414			4
2026.04.02	01:14:51.883	0.79395				2
2026.04.02	01:14:52.182	0.79396				2
2026.04.02	01:14:56.687	0.79395	0.79415			6
2026.04.02	01:14:58.795	0.79396				2
2026.04.02	01:15:00.006	0.79396				2
2026.04.02	01:15:05.407		0.79414			4
2026.04.02	01:15:24.334	0.79397				2
2026.04.02	01:15:25.839	0.79396				2
2026.04.02	01:15:26.443	0.79397	0.79415			6
2026.04.02	01:15:36.054	0.79398				2
2026.04.02	01:15:58.588	0.79399				2
2026.04.02	01:16:00.090	0.79399				2
2026.04.02	01:16:16.020	0.79400				2
2026.04.02	01:16:17.524		0.79416			4
2026.04.02	01:16:44.869	0.79401				2
2026.04.02	01:16:55.996	0.79402				2
2026.04.02	01:17:00.208	0.79402				2
2026.04.02	01:17:00.512	0.79401				2
2026.04.02	01:17:11.931	0.79402				2
2026.04.02	01:17:17.639		0.79416			4
2026.04.02	01:17:40.486	0.79403				2
2026.04.02	01:17:49.216	0.79402				2
2026.04.02	01:17:50.416		0.79414			4
2026.04.02	01:17:51.914	0.79403				2
2026.04.02	01:17:54.917	0.79402				2
2026.04.02	01:17:55.223	0.79403				2
2026.04.02	01:17:56.123	0.79402				2
2026.04.02	01:17:57.624	0.79403				2
2026.04.02	01:17:58.828	0.79402				2
2026.04.02	01:18:00.033	0.79402				2
2026.04.02	01:18:05.440		0.79415			4
2026.04.02	01:18:07.241	0.79403				2
2026.04.02	01:18:13.847	0.79402				2
2026.04.02	01:18:15.651	0.79403				2
2026.04.02	01:18:35.487	0.79402				2
2026.04.02	01:19:00.133	0.79403				2
2026.04.02	01:19:05.539		0.79415			4
2026.04.02	01:19:13.046	0.79404				2
2026.04.02	01:19:14.853	0.79403				2
2026.04.02	01:19:31.099	0.79404				2
2026.04.02	01:19:39.510		0.79416			4
2026.04.02	01:20:00.237	0.79404				2
2026.04.02	01:20:03.841	0.79403				2
2026.04.02	01:20:06.250	0.79404	0.79418			6
2026.04.02	01:20:14.686		0.79417			4
2026.04.02	01:20:15.588	0.79405				2
2026.04.02	01:20:26.717	0.79408	0.79420			6
2026.04.02	01:20:39.636	0.79409				2
2026.04.02	01:20:40.837	0.79408				2
2026.04.02	01:20:49.552	0.79409				2
2026.04.02	01:20:54.968		0.79419			4
2026.04.02	01:21:00.084	0.79409				2
2026.04.02	01:21:01.887	0.79410				2
2026.04.02	01:21:03.696	0.79409				2
2026.04.02	01:21:11.514	0.79408				2
2026.04.02	01:21:22.628	0.79413	0.79423			6
2026.04.02	01:21:25.333	0.79414				2
2026.04.02	01:21:25.634	0.79413				2
2026.04.02	01:21:25.936	0.79414				2
2026.04.02	01:21:26.836	0.79413				2
2026.04.02	01:21:28.039	0.79414				2
2026.04.02	01:21:31.041	0.79413				2
2026.04.02	01:21:31.342	0.79414				2
2026.04.02	01:21:33.149	0.79413				2
2026.04.02	01:21:34.050	0.79414				2
2026.04.02	01:21:35.554	0.79410	0.79421			6
2026.04.02	01:21:41.578	0.79409	0.79419			6
2026.04.02	01:21:45.788	0.79420	0.79421			6
2026.04.02	01:21:46.091	0.79409	0.79419			6
2026.04.02	01:21:46.392	0.79420	0.79421			6
2026.04.02	01:21:46.695	0.79409	0.79419			6
2026.04.02	01:21:46.995	0.79420	0.79421			6
2026.04.02	01:21:47.299	0.79409	0.79419			6
2026.04.02	01:21:47.600	0.79420	0.79421			6
2026.04.02	01:21:47.902	0.79409	0.79419			6
2026.04.02	01:21:48.503	0.79420	0.79421			6
2026.04.02	01:21:48.806	0.79409	0.79419			6
2026.04.02	01:21:49.104	0.79420	0.79421			6
2026.04.02	01:21:49.405	0.79408	0.79419			6
2026.04.02	01:21:52.107		0.79418			4
2026.04.02	01:22:00.216	0.79408				2
2026.04.02	01:22:08.325	0.79409				2
2026.04.02	01:22:10.733		0.79419			4
2026.04.02	01:22:24.272		0.79418			4
2026.04.02	01:22:44.414	0.79410				2
2026.04.02	01:22:49.214	0.79409				2
2026.04.02	01:22:50.418	0.79410				2
2026.04.02	01:23:00.036	0.79410				2
2026.04.02	01:23:00.635	0.79411	0.79417			6
2026.04.02	01:23:02.437	0.79410				2
2026.04.02	01:23:11.457	0.79411				2
2026.04.02	01:23:15.669		0.79418			4
2026.04.02	01:23:17.178		0.79417			4
2026.04.02	01:23:25.598		0.79418			4
2026.04.02	01:23:29.807		0.79417			4
2026.04.02	01:23:55.937	0.79410				2
2026.04.02	01:23:57.739	0.79411				2
2026.04.02	01:24:00.141	0.79411				2
2026.04.02	01:24:00.744	0.79410				2
2026.04.02	01:24:13.981	0.79411				2
2026.04.02	01:24:15.186		0.79416			4
2026.04.02	01:24:21.210		0.79417			4
2026.04.02	01:24:25.116	0.79410	0.79416			6
2026.04.02	01:24:27.520	0.79411				2
2026.04.02	01:24:34.427		0.79417			4
2026.04.02	01:24:35.933		0.79416			4
2026.04.02	01:24:39.238	0.79412				2
2026.04.02	01:24:39.538	0.79411				2
2026.04.02	01:24:44.046		0.79417			4
2026.04.02	01:25:00.285	0.79411	0.79419			6
2026.04.02	01:25:03.897		0.79418			4
2026.04.02	01:25:05.101		0.79417			4
2026.04.02	01:25:05.402		0.79416			4
2026.04.02	01:25:09.907		0.79417			4
2026.04.02	01:25:10.207		0.79418			4
2026.04.02	01:25:11.110		0.79417			4
2026.04.02	01:25:16.521	0.79409	0.79416			6
2026.04.02	01:25:32.442	0.79408	0.79415			6
2026.04.02	01:25:36.943	0.79407	0.79412			6
2026.04.02	01:25:37.249	0.79409	0.79414			6
2026.04.02	01:25:38.147	0.79407	0.79413			6
2026.04.02	01:25:45.677	0.79408				2
2026.04.02	01:25:49.288	0.79405	0.79411			6
2026.04.02	01:25:50.490		0.79412			4
2026.04.02	01:25:53.202		0.79411			4
2026.04.02	01:26:00.109	0.79405				2
2026.04.02	01:26:00.709	0.79406				2
2026.04.02	01:26:01.610	0.79404				2
2026.04.02	01:26:03.714		0.79410			4
2026.04.02	01:26:08.222	0.79406	0.79411			6
2026.04.02	01:26:10.625		0.79412			4
2026.04.02	01:26:22.337		0.79411			4
2026.04.02	01:26:34.659	0.79405	0.79412			6
2026.04.02	01:26:35.260	0.79406	0.79411			6
2026.04.02	01:26:37.062		0.79412			4
2026.04.02	01:26:41.269	0.79405	0.79411			6
2026.04.02	01:26:43.673		0.79412			4
2026.04.02	01:26:46.675	0.79404	0.79413			6
2026.04.02	01:26:58.705		0.79412			4
2026.04.02	01:27:00.207	0.79404	0.79413			6
2026.04.02	01:27:01.407	0.79406				2
2026.04.02	01:27:06.515	0.79404	0.79412			6
2026.04.02	01:27:08.618		0.79413			4
2026.04.02	01:27:21.237		0.79412			4
2026.04.02	01:27:23.337		0.79413			4
2026.04.02	01:27:23.938	0.79406				2
2026.04.02	01:27:25.738	0.79404	0.79412			6
2026.04.02	01:27:27.839		0.79413			4
2026.04.02	01:27:52.808	0.79405				2
2026.04.02	01:28:00.018	0.79405				2
2026.04.02	01:28:12.032		0.79412			4
2026.04.02	01:28:12.930	0.79404	0.79414			6
2026.04.02	01:28:14.132	0.79405	0.79413			6
2026.04.02	01:28:16.836	0.79404	0.79414			6
2026.04.02	01:28:17.437		0.79413			4
2026.04.02	01:28:19.839		0.79414			4
2026.04.02	01:28:20.740	0.79406				2
2026.04.02	01:28:21.043	0.79405	0.79413			6
2026.04.02	01:28:22.242		0.79412			4
2026.04.02	01:28:24.663		0.79413			4
2026.04.02	01:28:41.209	0.79400	0.79409			6
2026.04.02	01:28:41.511		0.79408			4
2026.04.02	01:28:42.712	0.79401				2
2026.04.02	01:28:48.718		0.79409			4
2026.04.02	01:28:49.620	0.79400				2
2026.04.02	01:28:52.926		0.79408			4
2026.04.02	01:28:54.725		0.79409			4
2026.04.02	01:28:58.037		0.79408			4
2026.04.02	01:29:00.135	0.79400				2
2026.04.02	01:29:01.640		0.79407			4
2026.04.02	01:29:04.041		0.79409			4
2026.04.02	01:29:04.942	0.79399	0.79408			6
2026.04.02	01:29:07.952		0.79407			4
2026.04.02	01:29:10.361		0.79408			4
2026.04.02	01:29:13.663		0.79407			4
2026.04.02	01:29:13.965		0.79408			4
2026.04.02	01:29:33.512		0.79409			4
2026.04.02	01:29:33.812	0.79397	0.79406			6
2026.04.02	01:29:35.312		0.79407			4
2026.04.02	01:29:37.414	0.79399	0.79409			6
2026.04.02	01:29:41.922	0.79400	0.79408			6
2026.04.02	01:29:43.120		0.79409			4
2026.04.02	01:29:45.824		0.79408			4
2026.04.02	01:29:51.838		0.79407			4
2026.04.02	01:29:53.935		0.79408			4
2026.04.02	01:30:00.253	0.79401	0.79410			6
2026.04.02	01:30:00.552	0.79399				2
2026.04.02	01:30:00.855	0.79400				2
2026.04.02	01:30:01.152		0.79407			4
2026.04.02	01:30:02.057		0.79408			4
2026.04.02	01:30:02.354	0.79403	0.79406			6
2026.04.02	01:30:04.759	0.79399	0.79408			6
2026.04.02	01:30:05.959		0.79407			4
2026.04.02	01:30:08.064		0.79408			4
2026.04.02	01:30:08.970		0.79407			4
2026.04.02	01:30:11.676		0.79408			4
2026.04.02	01:30:12.278	0.79400				2
2026.04.02	01:30:19.500	0.79402	0.79410			6
2026.04.02	01:30:19.796		0.79408			4
2026.04.02	01:30:20.402		0.79407			4
2026.04.02	01:30:21.600		0.79408			4
2026.04.02	01:30:24.910		0.79410			4
2026.04.02	01:30:29.413		0.79409			4
2026.04.02	01:30:46.556	0.79401				2
2026.04.02	01:30:47.458	0.79400	0.79408			6
2026.04.02	01:30:47.757	0.79398	0.79406			6
2026.04.02	01:30:48.059		0.79404			4
2026.04.02	01:30:49.261		0.79405			4
2026.04.02	01:30:51.972		0.79406			4
2026.04.02	01:30:52.268		0.79405			4
2026.04.02	01:30:54.382		0.79406			4
2026.04.02	01:30:57.087	0.79399				2
2026.04.02	01:30:57.389		0.79408			4
2026.04.02	01:30:58.892	0.79398				2
2026.04.02	01:31:00.097	0.79398	0.79407			6
2026.04.02	01:31:00.399	0.79399	0.79406			6
2026.04.02	01:31:02.504		0.79408			4
2026.04.02	01:31:03.701		0.79407			4
2026.04.02	01:31:05.503	0.79401				2
2026.04.02	01:31:08.508		0.79406			4
2026.04.02	01:31:10.312		0.79407			4
2026.04.02	01:31:15.418	0.79400	0.79409			6
2026.04.02	01:31:16.317	0.79401				2
2026.04.02	01:31:16.918		0.79408			4
2026.04.02	01:31:20.826		0.79409			4
2026.04.02	01:31:21.426		0.79408			4
2026.04.02	01:31:21.731		0.79407			4
2026.04.02	01:31:24.436		0.79408			4
2026.04.02	01:31:24.736		0.79407			4
2026.04.02	01:31:27.141		0.79408			4
2026.04.02	01:31:34.356		0.79409			4
2026.04.02	01:31:36.767		0.79408			4
2026.04.02	01:31:37.670		0.79407			4
2026.04.02	01:31:38.574		0.79406			4
2026.04.02	01:31:39.475		0.79407			4
2026.04.02	01:31:40.681	0.79400				2
2026.04.02	01:31:40.982	0.79401	0.79409			6
2026.04.02	01:31:41.881		0.79408			4
2026.04.02	01:31:42.182		0.79407			4
2026.04.02	01:31:43.688		0.79408			4
2026.04.02	01:31:43.991		0.79407			4
2026.04.02	01:31:44.887		0.79409			4
2026.04.02	01:31:47.291	0.79402	0.79408			6
2026.04.02	01:31:48.491		0.79409			4
2026.04.02	01:31:49.996		0.79408			4
2026.04.02	01:31:53.006	0.79403				2
2026.04.02	01:31:54.505		0.79409			4
2026.04.02	01:31:55.708		0.79408			4
2026.04.02	01:31:57.813	0.79402	0.79409			6
2026.04.02	01:32:00.216	0.79402				2
2026.04.02	01:32:07.117		0.79408			4
2026.04.02	01:32:11.925		0.79409			4
2026.04.02	01:32:17.632	0.79404	0.79411			6
2026.04.02	01:32:17.931		0.79410			4
2026.04.02	01:32:28.144	0.79405	0.79411			6
2026.04.02	01:32:28.443		0.79410			4
2026.04.02	01:32:28.746	0.79404				2
2026.04.02	01:32:29.346	0.79405				2
2026.04.02	01:32:31.145	0.79404				2
2026.04.02	01:32:31.746	0.79405				2
2026.04.02	01:32:33.550	0.79404				2
2026.04.02	01:32:47.983	0.79405	0.79411			6
2026.04.02	01:32:48.281	0.79404	0.79410			6
2026.04.02	01:32:48.584	0.79405	0.79411			6
2026.04.02	01:32:52.487	0.79404	0.79410			6
2026.04.02	01:32:55.793		0.79411			4
2026.04.02	01:32:57.000		0.79410			4
2026.04.02	01:32:59.403		0.79411			4
2026.04.02	01:33:00.004	0.79404				2
2026.04.02	01:33:00.607		0.79410			4
2026.04.02	01:33:00.904		0.79412			4
2026.04.02	01:33:01.806		0.79411			4
2026.04.02	01:33:04.812	0.79405				2
2026.04.02	01:33:08.723		0.79410			4
2026.04.02	01:33:09.332	0.79408	0.79414			6
2026.04.02	01:33:09.629		0.79413			4
2026.04.02	01:33:11.129		0.79414			4
2026.04.02	01:33:13.532		0.79413			4
2026.04.02	01:33:14.434	0.79407	0.79415			6
2026.04.02	01:33:40.296	0.79408	0.79414			6
2026.04.02	01:33:40.599	0.79407	0.79415			6
2026.04.02	01:33:42.404	0.79408	0.79414			6
2026.04.02	01:33:47.209	0.79407	0.79415			6
2026.04.02	01:33:52.615	0.79408				2
2026.04.02	01:33:52.912	0.79409				2
2026.04.02	01:33:53.215	0.79412	0.79418			6
2026.04.02	01:34:00.127	0.79412				2
2026.04.02	01:34:13.061	0.79411				2
2026.04.02	01:34:14.865		0.79419			4
2026.04.02	01:34:15.764		0.79418			4
2026.04.02	01:34:21.480		0.79417			4
2026.04.02	01:34:26.896	0.79412				2
2026.04.02	01:34:27.197		0.79419			4
2026.04.02	01:34:27.794		0.79418			4
2026.04.02	01:34:28.099		0.79417			4
2026.04.02	01:34:30.503	0.79411				2
2026.04.02	01:34:33.503	0.79413	0.79416			6
2026.04.02	01:34:35.907	0.79411	0.79417			6
2026.04.02	01:34:46.422		0.79418			4
2026.04.02	01:34:47.623		0.79417			4
2026.04.02	01:34:48.223		0.79418			4
2026.04.02	01:34:57.536		0.79417			4
2026.04.02	01:35:00.238	0.79411				2
2026.04.02	01:35:00.536		0.79418			4
2026.04.02	01:35:10.448		0.79419			4
2026.04.02	01:35:12.549		0.79420			4
2026.04.02	01:35:16.157	0.79415	0.79422			6
2026.04.02	01:35:16.461	0.79417	0.79424			6
2026.04.02	01:35:17.065	0.79414	0.79422			6
2026.04.02	01:35:17.362		0.79421			4
2026.04.02	01:35:18.868		0.79420			4
2026.04.02	01:35:25.180	0.79413	0.79421			6
2026.04.02	01:35:27.286		0.79422			4
2026.04.02	01:35:27.584		0.79421			4
2026.04.02	01:35:29.989		0.79422			4
2026.04.02	01:35:31.490		0.79421			4
2026.04.02	01:35:59.453	0.79412	0.79422			6
2026.04.02	01:36:00.056	0.79412				2
2026.04.02	01:36:03.064		0.79420			4
2026.04.02	01:36:04.570		0.79421			4
2026.04.02	01:36:05.171		0.79422			4
2026.04.02	01:36:05.472	0.79409	0.79419			6
2026.04.02	01:36:06.975		0.79418			4
2026.04.02	01:36:11.186		0.79419			4
2026.04.02	01:36:12.090		0.79418			4
2026.04.02	01:36:12.389	0.79408				2
2026.04.02	01:36:15.100	0.79407				2
2026.04.02	01:36:16.906		0.79416			4
2026.04.02	01:36:17.207		0.79415			4
2026.04.02	01:36:19.608		0.79416			4
2026.04.02	01:36:22.914		0.79415			4
2026.04.02	01:36:23.215		0.79416			4
2026.04.02	01:36:23.513		0.79415			4
2026.04.02	01:36:24.717		0.79416			4
2026.04.02	01:36:36.729	0.79406	0.79414			6
2026.04.02	01:36:38.233		0.79413			4
2026.04.02	01:37:00.188	0.79405				2
2026.04.02	01:37:02.589	0.79406	0.79412			6
2026.04.02	01:37:05.300		0.79413			4
2026.04.02	01:37:07.406	0.79407	0.79415			6
2026.04.02	01:37:07.708	0.79408				2
2026.04.02	01:37:09.508		0.79418			4
2026.04.02	01:37:11.009		0.79417			4
2026.04.02	01:37:12.209		0.79415			4
2026.04.02	01:37:12.809	0.79407	0.79414			6
2026.04.02	01:37:13.109	0.79406				2
2026.04.02	01:37:13.710		0.79413			4
2026.04.02	01:37:16.117	0.79407	0.79415			6
2026.04.02	01:37:27.852		0.79416			4
2026.04.02	01:37:28.155	0.79409	0.79417			6
2026.04.02	01:37:29.055		0.79418			4
2026.04.02	01:37:29.956	0.79408				2
2026.04.02	01:37:39.582	0.79407				2
2026.04.02	01:37:40.482	0.79408				2
2026.04.02	01:37:40.781	0.79407				2
2026.04.02	01:37:41.082	0.79408				2
2026.04.02	01:37:41.682	0.79407	0.79419			6
2026.04.02	01:37:43.484		0.79418			4
2026.04.02	01:37:45.587	0.79408				2
2026.04.02	01:37:46.489		0.79419			4
2026.04.02	01:37:51.002	0.79407				2
2026.04.02	01:37:52.201		0.79418			4
2026.04.02	01:38:00.016	0.79407				2
2026.04.02	01:38:16.238	0.79408	0.79422			6
2026.04.02	01:38:27.375	0.79409				2
2026.04.02	01:38:29.777		0.79421			4
2026.04.02	01:38:39.090		0.79422			4
2026.04.02	01:38:54.717		0.79421			4
2026.04.02	01:38:55.915		0.79422			4
2026.04.02	01:39:00.127	0.79409				2
2026.04.02	01:39:00.428	0.79408	0.79421			6
2026.04.02	01:39:08.244		0.79422			4
2026.04.02	01:39:13.647	0.79407				2
2026.04.02	01:39:18.161	0.79408				2
2026.04.02	01:39:56.944	0.79409				2
2026.04.02	01:39:58.140		0.79423			4
2026.04.02	01:39:58.444	0.79410				2
2026.04.02	01:39:59.046		0.79422			4
2026.04.02	01:40:00.256	0.79410				2
2026.04.02	01:40:02.048		0.79423			4
2026.04.02	01:40:08.658	0.79409				2
2026.04.02	01:40:11.664		0.79422			4
2026.04.02	01:40:13.170	0.79410				2
2026.04.02	01:40:13.770		0.79423			4
2026.04.02	01:40:15.275		0.79422			4
2026.04.02	01:40:17.078		0.79423			4
2026.04.02	01:40:20.685	0.79411				2
2026.04.02	01:40:23.087		0.79422			4
2026.04.02	01:40:23.392	0.79407	0.79421			6
2026.04.02	01:40:31.811		0.79420			4
2026.04.02	01:40:32.713	0.79405	0.79415			6
2026.04.02	01:40:35.413	0.79406				2
2026.04.02	01:40:37.820	0.79404				2
2026.04.02	01:40:40.527	0.79403	0.79414			6
2026.04.02	01:40:47.741		0.79415			4
2026.04.02	01:40:48.342	0.79404				2
2026.04.02	01:40:51.048		0.79414			4
2026.04.02	01:40:54.660		0.79415			4
2026.04.02	01:40:58.271	0.79403	0.79414			6
2026.04.02	01:40:58.877		0.79415			4
2026.04.02	01:41:00.074	0.79403				2
2026.04.02	01:41:00.375		0.79414			4
2026.04.02	01:41:01.577	0.79404	0.79415			6
2026.04.02	01:41:11.202	0.79403				2
2026.04.02	01:41:13.006	0.79404				2
2026.04.02	01:41:18.113		0.79416			4
2026.04.02	01:41:24.716		0.79415			4
2026.04.02	01:41:26.819		0.79414			4
2026.04.02	01:41:30.722	0.79403				2
2026.04.02	01:41:31.026		0.79415			4
2026.04.02	01:41:33.425	0.79404	0.79414			6
2026.04.02	01:41:40.038		0.79415			4
2026.04.02	01:41:43.043	0.79401	0.79412			6
2026.04.02	01:41:43.337		0.79414			4
2026.04.02	01:41:44.538		0.79413			4
2026.04.02	01:41:44.839		0.79414			4
2026.04.02	01:41:45.141		0.79413			4
2026.04.02	01:41:46.640		0.79414			4
2026.04.02	01:41:47.242		0.79413			4
2026.04.02	01:41:49.950		0.79414			4
2026.04.02	01:41:50.254		0.79413			4
2026.04.02	01:41:57.166		0.79414			4
2026.04.02	01:42:00.179	0.79401	0.79413			6
2026.04.02	01:42:00.476	0.79404	0.79414			6
2026.04.02	01:42:00.779	0.79403	0.79415			6
2026.04.02	01:42:01.379		0.79414			4
2026.04.02	01:42:01.676	0.79404				2
2026.04.02	01:42:05.579	0.79402				2
2026.04.02	01:42:10.387	0.79403				2
2026.04.02	01:42:11.290	0.79402				2
2026.04.02	01:42:12.495	0.79403				2
2026.04.02	01:42:13.398	0.79402				2
2026.04.02	01:42:13.698	0.79403	0.79415			6
2026.04.02	01:42:42.843	0.79402	0.79414			6
2026.04.02	01:42:43.138	0.79401				2
2026.04.02	01:42:50.352	0.79402	0.79415			6
2026.04.02	01:42:53.358		0.79416			4
2026.04.02	01:43:00.275	0.79402				2
2026.04.02	01:43:01.170		0.79415			4
2026.04.02	01:43:03.276		0.79416			4
2026.04.02	01:43:04.482		0.79415			4
2026.04.02	01:43:07.183	0.79401				2
2026.04.02	01:43:20.706	0.79402				2
2026.04.02	01:43:21.310	0.79401				2
2026.04.02	01:43:21.607	0.79402				2
2026.04.02	01:43:23.407		0.79416			4
2026.04.02	01:43:28.513	0.79401	0.79415			6
2026.04.02	01:43:29.115	0.79402	0.79416			6
2026.04.02	01:43:33.624		0.79415			4
2026.04.02	01:43:34.823		0.79416			4
2026.04.02	01:43:38.431		0.79417			4
2026.04.02	01:43:53.463		0.79416			4
2026.04.02	01:44:00.079	0.79402				2
2026.04.02	01:44:07.896		0.79415			4
2026.04.02	01:44:09.098	0.79400	0.79414			6
2026.04.02	01:44:17.210		0.79413			4
2026.04.02	01:44:18.712	0.79401	0.79414			6
2026.04.02	01:44:19.011	0.79400	0.79413			6
2026.04.02	01:44:19.306	0.79401	0.79414			6
2026.04.02	01:44:19.611	0.79400	0.79413			6
2026.04.02	01:44:28.920	0.79397	0.79411			6
2026.04.02	01:44:32.228		0.79410			4
2026.04.02	01:44:35.233	0.79396	0.79409			6
2026.04.02	01:44:37.333	0.79397	0.79411			6
2026.04.02	01:44:46.940	0.79396	0.79410			6
2026.04.02	01:44:48.143	0.79397	0.79412			6
2026.04.02	01:44:48.742	0.79396	0.79410			6
2026.04.02	01:44:49.647	0.79397	0.79412			6
2026.04.02	01:44:53.250	0.79396	0.79410			6
2026.04.02	01:45:00.170	0.79396				2
2026.04.02	01:45:17.326	0.79397				2
2026.04.02	01:45:56.188		0.79410			4
2026.04.02	01:46:00.169	0.79397				2
2026.04.02	01:46:02.318	0.79396				2
2026.04.02	01:46:02.619	0.79395	0.79409			6
2026.04.02	01:46:06.570	0.79396	0.79410			6
2026.04.02	01:46:38.034	0.79395	0.79408			6
2026.04.02	01:46:40.671	0.79396	0.79409			6
2026.04.02	01:46:40.970	0.79395	0.79408			6
2026.04.02	01:46:41.270	0.79396	0.79409			6
2026.04.02	01:46:45.807	0.79395	0.79408			6
2026.04.02	01:46:49.046	0.79396	0.79409			6
2026.04.02	01:46:51.186	0.79395	0.79408			6
2026.04.02	01:46:56.881	0.79396	0.79410			6
2026.04.02	01:47:00.272	0.79396				2
2026.04.02	01:47:50.303		0.79409			4
2026.04.02	01:48:02.338	0.79396				2
2026.04.02	01:48:37.170	0.79395	0.79408			6
2026.04.02	01:48:38.112	0.79393	0.79406			6
2026.04.02	01:48:43.316	0.79392	0.79405			6
2026.04.02	01:48:46.547	0.79391	0.79404			6
2026.04.02	01:48:53.443	0.79389	0.79403			6
2026.04.02	01:48:57.669	0.79388	0.79401			6
2026.04.02	01:48:57.970	0.79391	0.79405			6
2026.04.02	01:49:00.468	0.79391				2
2026.04.02	01:49:04.069	0.79393	0.79406			6
2026.04.02	01:49:08.034	0.79394	0.79407			6
2026.04.02	01:49:28.064	0.79396	0.79410			6
2026.04.02	01:49:29.054	0.79392	0.79406			6
2026.04.02	01:49:29.353	0.79391	0.79405			6
2026.04.02	01:49:29.654	0.79392				2
2026.04.02	01:49:29.955	0.79391				2
2026.04.02	01:49:30.256	0.79392				2
2026.04.02	01:49:33.985	0.79394	0.79406			6
2026.04.02	01:49:37.368	0.79395	0.79407			6
2026.04.02	01:49:42.577	0.79396	0.79409			6
2026.04.02	01:49:48.970		0.79410			4
2026.04.02	01:49:50.493	0.79392	0.79405			6
2026.04.02	01:49:50.796	0.79393				2
2026.04.02	01:49:51.696	0.79392	0.79406			6
2026.04.02	01:49:54.875	0.79394				2
2026.04.02	01:49:56.777		0.79405			4
2026.04.02	01:49:57.178		0.79406			4
2026.04.02	01:49:57.758		0.79405			4
2026.04.02	01:49:58.058		0.79406			4
2026.04.02	01:49:58.656		0.79405			4
2026.04.02	01:50:00.350	0.79394	0.79406			6
2026.04.02	01:50:01.717		0.79404			4
2026.04.02	01:50:03.768	0.79395				2
2026.04.02	01:50:05.698	0.79394				2
2026.04.02	01:50:08.743	0.79395				2
2026.04.02	01:50:12.291		0.79405			4
2026.04.02	01:50:24.497	0.79396				2
2026.04.02	01:50:30.969		0.79404			4
2026.04.02	01:50:37.858	0.79398	0.79407			6
2026.04.02	01:50:40.416	0.79399				2
2026.04.02	01:50:47.186		0.79408			4
2026.04.02	01:50:49.174		0.79407			4
2026.04.02	01:50:51.741	0.79398				2
2026.04.02	01:50:57.068		0.79408			4
2026.04.02	01:51:02.572	0.79398				2
2026.04.02	01:51:02.872		0.79407			4
2026.04.02	01:51:03.850	0.79395	0.79403			6
2026.04.02	01:51:05.109		0.79404			4
2026.04.02	01:51:05.843	0.79396				2
2026.04.02	01:51:06.143		0.79405			4
2026.04.02	01:51:06.444	0.79395				2
2026.04.02	01:51:06.745	0.79396				2
2026.04.02	01:51:07.045	0.79397	0.79404			6
2026.04.02	01:51:07.346	0.79398				2
2026.04.02	01:51:07.646	0.79397	0.79405			6
2026.04.02	01:51:07.946	0.79395	0.79404			6
2026.04.02	01:51:08.247	0.79396				2
2026.04.02	01:51:19.683		0.79405			4
2026.04.02	01:51:20.283		0.79404			4
2026.04.02	01:51:20.972		0.79405			4
2026.04.02	01:51:27.957		0.79404			4
2026.04.02	01:51:28.256		0.79405			4
2026.04.02	01:51:32.175		0.79406			4
2026.04.02	01:51:33.177		0.79405			4
2026.04.02	01:51:38.564	0.79399	0.79408			6
2026.04.02	01:51:40.496	0.79398	0.79406			6
2026.04.02	01:51:41.422		0.79405			4
2026.04.02	01:51:42.348		0.79406			4
2026.04.02	01:51:43.423	0.79399				2
2026.04.02	01:51:43.723		0.79408			4
2026.04.02	01:51:48.418		0.79407			4
2026.04.02	01:51:56.280	0.79401	0.79410			6
2026.04.02	01:52:04.337	0.79401				2
2026.04.02	01:52:04.638	0.79402	0.79411			6
2026.04.02	01:52:04.938	0.79397	0.79405			6
2026.04.02	01:52:05.239	0.79398				2
2026.04.02	01:52:10.948	0.79400	0.79407			6
2026.04.02	01:52:13.251	0.79398	0.79405			6
2026.04.02	01:52:13.923		0.79406			4
2026.04.02	01:52:14.224	0.79399				2
2026.04.02	01:52:14.524	0.79400				2
2026.04.02	01:52:14.824	0.79399	0.79407			6
2026.04.02	01:52:15.124	0.79398	0.79408			6
2026.04.02	01:52:15.424	0.79399	0.79407			6
2026.04.02	01:52:15.724		0.79406			4
2026.04.02	01:52:17.197	0.79400	0.79408			6
2026.04.02	01:52:17.618		0.79406			4
2026.04.02	01:52:17.918	0.79398				2
2026.04.02	01:52:22.623	0.79399				2
2026.04.02	01:52:22.924	0.79398				2
2026.04.02	01:52:23.359		0.79405			4
2026.04.02	01:52:23.659	0.79397	0.79404			6
2026.04.02	01:52:29.211		0.79403			4
2026.04.02	01:52:32.139	0.79396				2
2026.04.02	01:52:50.563		0.79402			4
2026.04.02	01:52:52.208		0.79403			4
2026.04.02	01:53:00.069	0.79396				2
2026.04.02	01:53:01.587	0.79394				2
2026.04.02	01:53:02.304	0.79393	0.79400			6
2026.04.02	01:53:12.883	0.79394				2
2026.04.02	01:53:14.387	0.79393	0.79401			6
2026.04.02	01:53:14.688		0.79400			4
2026.04.02	01:53:33.540	0.79390	0.79397			6
2026.04.02	01:53:33.838	0.79387	0.79395			6
2026.04.02	01:53:34.139	0.79386	0.79392			6
2026.04.02	01:53:34.440	0.79387	0.79393			6
2026.04.02	01:53:34.741		0.79394			4
2026.04.02	01:53:39.845		0.79395			4
2026.04.02	01:53:53.673		0.79394			4
2026.04.02	01:53:57.048		0.79395			4
2026.04.02	01:53:59.671	0.79386	0.79393			6
2026.04.02	01:54:01.177	0.79386				2
2026.04.02	01:54:02.769	0.79387				2
2026.04.02	01:54:03.070		0.79392			4
2026.04.02	01:54:04.031		0.79394			4
2026.04.02	01:54:14.150	0.79388				2
2026.04.02	01:54:19.320		0.79395			4
2026.04.02	01:54:19.620	0.79391	0.79396			6
2026.04.02	01:54:19.921	0.79392	0.79397			6
2026.04.02	01:54:20.450	0.79391				2
2026.04.02	01:54:20.749	0.79390				2
2026.04.02	01:54:25.219	0.79392				2
2026.04.02	01:54:26.658		0.79399			4
2026.04.02	01:54:26.958	0.79393				2
2026.04.02	01:54:31.534	0.79391	0.79398			6
2026.04.02	01:54:37.868	0.79392				2
2026.04.02	01:54:39.088	0.79390	0.79397			6
2026.04.02	01:54:39.688	0.79391				2
2026.04.02	01:54:40.743	0.79390				2
2026.04.02	01:54:44.548	0.79391				2
2026.04.02	01:54:44.848	0.79390				2
2026.04.02	01:54:57.787		0.79398			4
2026.04.02	01:54:59.790		0.79397			4
2026.04.02	01:55:00.098	0.79391				2
2026.04.02	01:55:00.396	0.79392	0.79399			6
2026.04.02	01:55:17.031		0.79398			4
2026.04.02	01:55:18.203		0.79399			4
2026.04.02	01:55:47.991		0.79398			4
2026.04.02	01:55:48.598		0.79399			4
2026.04.02	01:55:53.385	0.79394	0.79400			6
2026.04.02	01:55:57.361	0.79395				2
2026.04.02	01:56:00.121	0.79395				2
2026.04.02	01:56:00.421	0.79396				2
2026.04.02	01:56:02.026		0.79402			4
2026.04.02	01:56:12.902	0.79401				2
2026.04.02	01:56:13.235	0.79396				2
2026.04.02	01:56:13.576	0.79401				2
2026.04.02	01:56:13.940	0.79396				2
2026.04.02	01:56:14.541	0.79401				2
2026.04.02	01:56:14.842	0.79396				2
2026.04.02	01:56:15.141	0.79401				2
2026.04.02	01:56:15.441	0.79396				2
2026.04.02	01:56:15.742	0.79401				2
2026.04.02	01:56:16.043	0.79396				2
2026.04.02	01:56:16.345	0.79401				2
2026.04.02	01:56:16.645	0.79396				2
2026.04.02	01:56:21.985		0.79401			4
2026.04.02	01:56:30.132		0.79404			4
2026.04.02	01:56:30.432	0.79397				2
2026.04.02	01:56:33.669	0.79398				2
2026.04.02	01:56:34.572	0.79399				2
2026.04.02	01:56:34.872	0.79397				2
2026.04.02	01:56:35.173	0.79399				2
2026.04.02	01:56:35.472		0.79405			4
2026.04.02	01:56:36.891	0.79397				2
2026.04.02	01:56:38.986	0.79399				2
2026.04.02	01:57:01.858	0.79399				2
2026.04.02	01:57:07.874	0.79398				2
2026.04.02	01:57:08.713	0.79399				2
2026.04.02	01:57:10.561	0.79398				2
2026.04.02	01:57:10.863	0.79399				2
2026.04.02	01:57:11.933	0.79398				2
2026.04.02	01:57:12.233		0.79404			4
2026.04.02	01:57:19.118	0.79399	0.79405			6
2026.04.02	01:57:28.510	0.79398				2
2026.04.02	01:57:28.810	0.79399				2
2026.04.02	01:57:30.278		0.79404			4
2026.04.02	01:57:35.280	0.79398				2
2026.04.02	01:57:41.737	0.79399	0.79405			6
2026.04.02	01:57:42.845		0.79404			4
2026.04.02	01:57:43.925	0.79398	0.79405			6
2026.04.02	01:57:51.206	0.79402	0.79408			6
2026.04.02	01:57:52.061		0.79407			4
2026.04.02	01:57:53.231		0.79408			4
2026.04.02	01:57:54.455		0.79410			4
2026.04.02	01:57:57.426	0.79403	0.79409			6
2026.04.02	01:57:58.023		0.79410			4
2026.04.02	01:57:59.430		0.79409			4
2026.04.02	01:58:02.977	0.79403	0.79410			6
2026.04.02	01:58:03.277		0.79409			4
2026.04.02	01:58:04.488		0.79410			4
2026.04.02	01:58:04.787	0.79405	0.79411			6
2026.04.02	01:58:20.414	0.79404				2
2026.04.02	01:58:25.243	0.79403				2
2026.04.02	01:58:30.610	0.79401	0.79408			6
2026.04.02	01:58:55.364	0.79400	0.79407			6
2026.04.02	01:58:56.737	0.79399				2
2026.04.02	01:59:01.568	0.79398				2
2026.04.02	01:59:07.228	0.79400				2
2026.04.02	01:59:07.936		0.79408			4
2026.04.02	01:59:08.236	0.79401				2
2026.04.02	01:59:10.883	0.79400				2
2026.04.02	02:00:00.006	0.79400				2
2026.04.02	02:00:00.306	0.79398	0.79407			6
2026.04.02	02:00:00.605	0.79397	0.79408			6
2026.04.02	02:00:01.552	0.79396	0.79406			6
2026.04.02	02:00:03.367	0.79397				2
2026.04.02	02:00:03.666	0.79396				2
2026.04.02	02:00:03.968	0.79394	0.79402			6
2026.04.02	02:00:07.668	0.79392	0.79401			6
2026.04.02	02:00:08.393	0.79393				2
2026.04.02	02:00:09.090	0.79394				2
2026.04.02	02:00:09.390		0.79402			4
2026.04.02	02:00:17.069		0.79403			4
2026.04.02	02:00:17.369		0.79401			4
2026.04.02	02:00:24.819		0.79402			4
2026.04.02	02:00:32.539	0.79395				2
2026.04.02	02:01:00.271	0.79395				2
2026.04.02	02:01:22.375	0.79396				2
2026.04.02	02:01:26.267		0.79403			4
2026.04.02	02:01:27.201	0.79395	0.79404			6
2026.04.02	02:01:34.082	0.79396	0.79403			6
2026.04.02	02:01:35.567	0.79395				2
2026.04.02	02:01:39.013	0.79394	0.79401			6
2026.04.02	02:01:48.420	0.79395				2
2026.04.02	02:01:49.160		0.79402			4
2026.04.02	02:01:50.468		0.79401			4
2026.04.02	02:01:51.463	0.79397	0.79403			6
2026.04.02	02:02:00.140	0.79397				2
2026.04.02	02:02:01.040	0.79394	0.79402			6
2026.04.02	02:02:01.341	0.79395	0.79401			6
2026.04.02	02:02:03.170	0.79396				2
2026.04.02	02:02:05.568	0.79395				2
2026.04.02	02:02:11.722	0.79394	0.79400			6
2026.04.02	02:02:12.702	0.79395				2
2026.04.02	02:02:13.002	0.79394				2
2026.04.02	02:02:13.302	0.79393	0.79401			6
2026.04.02	02:02:13.685		0.79400			4
2026.04.02	02:02:16.683		0.79399			4
2026.04.02	02:02:19.491	0.79394	0.79400			6
2026.04.02	02:02:20.484	0.79393	0.79399			6
2026.04.02	02:02:21.082		0.79400			4
2026.04.02	02:02:22.739	0.79394				2
2026.04.02	02:02:23.040		0.79399			4
2026.04.02	02:02:25.012	0.79392				2
2026.04.02	02:02:28.568	0.79393				2
2026.04.02	02:02:28.869		0.79398			4
2026.04.02	02:02:33.161	0.79392				2
2026.04.02	02:02:42.697	0.79393	0.79399			6
2026.04.02	02:02:46.569		0.79398			4
2026.04.02	02:03:03.011	0.79393				2
2026.04.02	02:03:03.311	0.79392				2
2026.04.02	02:03:05.560	0.79391	0.79397			6
2026.04.02	02:03:06.623	0.79390				2
2026.04.02	02:03:08.267		0.79396			4
2026.04.02	02:03:09.642	0.79389	0.79395			6
2026.04.02	02:03:11.744	0.79390	0.79396			6
2026.04.02	02:03:12.044	0.79389	0.79395			6
2026.04.02	02:03:18.977		0.79396			4
2026.04.02	02:03:21.483		0.79395			4
2026.04.02	02:03:29.708	0.79387	0.79393			6
2026.04.02	02:04:00.411	0.79387				2
2026.04.02	02:04:03.865		0.79394			4
2026.04.02	02:04:13.409		0.79392			4
2026.04.02	02:04:14.774		0.79393			4
2026.04.02	02:04:19.925		0.79392			4
2026.04.02	02:04:30.026	0.79389	0.79390			6
2026.04.02	02:04:31.226	0.79388	0.79389			6
2026.04.02	02:04:32.728	0.79386	0.79392			6
2026.04.02	02:04:35.080	0.79385	0.79390			6
2026.04.02	02:04:42.176	0.79384				2
2026.04.02	02:04:49.187		0.79389			4
2026.04.02	02:04:54.065	0.79382	0.79388			6
2026.04.02	02:04:56.006	0.79383				2
2026.04.02	02:04:58.449	0.79381	0.79386			6
2026.04.02	02:04:59.589	0.79379				2
2026.04.02	02:04:59.890	0.79380				2
2026.04.02	02:05:01.745	0.79380				2
2026.04.02	02:05:03.369	0.79379				2
2026.04.02	02:05:04.730	0.79380				2
2026.04.02	02:05:11.745	0.79383	0.79389			6
2026.04.02	02:05:12.955	0.79381				2
2026.04.02	02:05:14.046	0.79380				2
2026.04.02	02:05:14.346	0.79379	0.79388			6
2026.04.02	02:05:15.824	0.79380	0.79387			6
2026.04.02	02:05:19.170	0.79382				2
2026.04.02	02:05:19.471	0.79381				2
2026.04.02	02:05:19.771	0.79382				2
2026.04.02	02:05:20.071	0.79381				2
2026.04.02	02:05:20.372	0.79382				2
2026.04.02	02:05:23.971	0.79381				2
2026.04.02	02:05:26.170	0.79380				2
2026.04.02	02:05:29.408	0.79379	0.79386			6
2026.04.02	02:05:33.046	0.79380				2
2026.04.02	02:05:33.352	0.79378	0.79384			6
2026.04.02	02:05:34.122	0.79379				2
2026.04.02	02:05:34.423	0.79378				2
2026.04.02	02:05:34.723	0.79377				2
2026.04.02	02:05:35.360	0.79378				2
2026.04.02	02:05:38.544	0.79374				2
2026.04.02	02:05:41.665	0.79375	0.79383			6
2026.04.02	02:05:43.849	0.79374				2
2026.04.02	02:05:45.069	0.79375				2
2026.04.02	02:06:01.087	0.79375				2
2026.04.02	02:06:01.388		0.79380			4
2026.04.02	02:06:10.436	0.79374				2
2026.04.02	02:06:10.736	0.79376	0.79379			6
2026.04.02	02:06:11.037	0.79377	0.79380			6
2026.04.02	02:06:11.339	0.79378	0.79381			6
2026.04.02	02:06:13.145	0.79375	0.79383			6
2026.04.02	02:06:36.160		0.79382			4
2026.04.02	02:06:36.460	0.79379	0.79385			6
2026.04.02	02:06:37.980	0.79378				2
2026.04.02	02:06:41.695		0.79383			4
2026.04.02	02:06:41.996	0.79375	0.79382			6
2026.04.02	02:06:53.469		0.79383			4
2026.04.02	02:07:00.247	0.79375				2
2026.04.02	02:07:00.548	0.79376				2
2026.04.02	02:07:02.173	0.79379	0.79384			6
2026.04.02	02:07:02.474	0.79378				2
2026.04.02	02:07:02.774	0.79379				2
2026.04.02	02:07:03.374		0.79385			4
2026.04.02	02:07:12.183	0.79376	0.79382			6
2026.04.02	02:07:27.835	0.79375				2
2026.04.02	02:07:28.136		0.79383			4
2026.04.02	02:07:29.309	0.79378	0.79384			6
2026.04.02	02:07:29.609	0.79377				2
2026.04.02	02:07:29.909	0.79378				2
2026.04.02	02:07:39.359	0.79376				2
2026.04.02	02:07:39.659	0.79378				2
2026.04.02	02:07:48.123	0.79376				2
2026.04.02	02:07:49.369	0.79378				2
2026.04.02	02:07:49.669	0.79376				2
2026.04.02	02:07:49.969	0.79378				2
2026.04.02	02:07:50.269	0.79376	0.79383			6
2026.04.02	02:08:03.369	0.79376	0.79382			6
2026.04.02	02:08:32.029		0.79381			4
2026.04.02	02:08:57.672	0.79375				2
2026.04.02	02:08:58.273	0.79374	0.79379			6
2026.04.02	02:09:00.407	0.79374				2
2026.04.02	02:09:05.685		0.79380			4
2026.04.02	02:09:16.137	0.79375				2
2026.04.02	02:09:41.392		0.79381			4
2026.04.02	02:10:05.660	0.79375				2
2026.04.02	02:10:08.955	0.79374	0.79380			6
2026.04.02	02:10:18.146	0.79375				2
2026.04.02	02:10:22.019	0.79374				2
2026.04.02	02:10:24.371	0.79375				2
2026.04.02	02:10:30.127	0.79374				2
2026.04.02	02:11:00.597	0.79374				2
2026.04.02	02:11:01.842	0.79375				2
2026.04.02	02:11:03.024	0.79374				2
2026.04.02	02:11:11.249	0.79375	0.79380			6
2026.04.02	02:11:13.503	0.79374				2
2026.04.02	02:11:24.197	0.79371	0.79377			6
2026.04.02	02:12:00.013	0.79371				2
2026.04.02	02:12:29.417		0.79377			4
2026.04.02	02:12:37.569	0.79372				2
2026.04.02	02:12:39.341	0.79371	0.79376			6
2026.04.02	02:12:40.448	0.79370				2
2026.04.02	02:12:44.390	0.79369				2
2026.04.02	02:12:48.046	0.79370	0.79375			6
2026.04.02	02:12:51.728		0.79377			4
2026.04.02	02:12:52.403		0.79376			4
2026.04.02	02:12:52.703	0.79369	0.79375			6
2026.04.02	02:12:53.003	0.79368	0.79376			6
2026.04.02	02:12:57.942	0.79370	0.79377			6
2026.04.02	02:13:02.541	0.79370				2
2026.04.02	02:13:03.028	0.79371				2
2026.04.02	02:13:12.143	0.79370				2
2026.04.02	02:13:12.442	0.79371				2
2026.04.02	02:13:13.142	0.79370				2
2026.04.02	02:13:13.442		0.79376			4
2026.04.02	02:13:15.317	0.79371				2
2026.04.02	02:13:16.020	0.79370				2
2026.04.02	02:13:20.098	0.79371				2
2026.04.02	02:13:21.412	0.79370				2
2026.04.02	02:13:22.353	0.79371				2
2026.04.02	02:13:22.652		0.79377			4
2026.04.02	02:13:25.009	0.79370				2
2026.04.02	02:13:28.568	0.79371				2
2026.04.02	02:13:28.872		0.79376			4
2026.04.02	02:13:30.259	0.79370	0.79377			6
2026.04.02	02:13:50.971	0.79369				2
2026.04.02	02:13:52.291	0.79370				2
2026.04.02	02:13:54.147	0.79371				2
2026.04.02	02:13:57.132	0.79370				2
2026.04.02	02:13:58.263	0.79371				2
2026.04.02	02:14:01.364	0.79370				2
2026.04.02	02:14:05.068	0.79369				2
2026.04.02	02:14:22.620	0.79370				2
2026.04.02	02:14:29.252	0.79369				2
2026.04.02	02:14:31.925		0.79377			4
2026.04.02	02:14:32.862	0.79370				2
2026.04.02	02:14:33.163	0.79371				2
2026.04.02	02:14:36.695		0.79379			4
2026.04.02	02:14:36.997	0.79370	0.79377			6
2026.04.02	02:14:40.635	0.79371				2
2026.04.02	02:14:40.936	0.79370	0.79378			6
2026.04.02	02:14:41.816	0.79369				2
2026.04.02	02:14:44.685		0.79377			4
2026.04.02	02:14:46.099	0.79370				2
2026.04.02	02:14:46.400	0.79369				2
2026.04.02	02:14:46.700	0.79370				2
2026.04.02	02:14:47.823	0.79371				2
2026.04.02	02:15:00.017	0.79371	0.79375			6
2026.04.02	02:15:05.076	0.79370				2
2026.04.02	02:15:07.644	0.79369				2
2026.04.02	02:15:16.433	0.79370				2
2026.04.02	02:15:17.466	0.79372	0.79377			6
2026.04.02	02:15:20.706	0.79371				2
2026.04.02	02:15:21.006	0.79373				2
2026.04.02	02:15:23.455	0.79374				2
2026.04.02	02:15:33.693	0.79373				2
2026.04.02	02:15:41.672	0.79374				2
2026.04.02	02:15:42.811	0.79373	0.79378			6
2026.04.02	02:16:01.187	0.79373				2
2026.04.02	02:16:12.493		0.79379			4
2026.04.02	02:16:15.563		0.79378			4
2026.04.02	02:16:16.272	0.79372				2
2026.04.02	02:16:20.401	0.79373				2
2026.04.02	02:16:20.702		0.79379			4
2026.04.02	02:16:21.087		0.79378			4
2026.04.02	02:16:29.610	0.79374	0.79380			6
2026.04.02	02:16:30.562	0.79375	0.79381			6
2026.04.02	02:16:30.861	0.79374	0.79382			6
2026.04.02	02:16:31.162	0.79375				2
2026.04.02	02:16:32.451	0.79376	0.79381			6
2026.04.02	02:16:33.665	0.79374	0.79380			6
2026.04.02	02:16:33.966		0.79381			4
2026.04.02	02:16:34.266		0.79380			4
2026.04.02	02:16:40.390	0.79376	0.79381			6
2026.04.02	02:16:42.351		0.79382			4
2026.04.02	02:16:54.253	0.79375				2
2026.04.02	02:16:54.552		0.79383			4
2026.04.02	02:17:00.162	0.79375				2
2026.04.02	02:17:02.018	0.79374				2
2026.04.02	02:17:02.619	0.79375				2
2026.04.02	02:17:07.084	0.79376				2
2026.04.02	02:17:11.653	0.79379	0.79385			6
2026.04.02	02:17:15.354	0.79380				2
2026.04.02	02:17:16.305	0.79379				2
2026.04.02	02:17:23.126	0.79378	0.79384			6
2026.04.02	02:17:29.406	0.79379	0.79385			6
2026.04.02	02:17:33.211	0.79380				2
2026.04.02	02:17:34.170	0.79379				2
2026.04.02	02:17:34.471	0.79380				2
2026.04.02	02:17:38.004	0.79378	0.79384			6
2026.04.02	02:17:49.695	0.79379	0.79385			6
2026.04.02	02:17:56.403	0.79378	0.79384			6
2026.04.02	02:18:06.096	0.79378				2
2026.04.02	02:18:07.524	0.79377	0.79385			6
2026.04.02	02:18:07.824	0.79379	0.79384			6
2026.04.02	02:18:15.441	0.79378	0.79383			6
2026.04.02	02:18:30.780	0.79376	0.79382			6
2026.04.02	02:18:51.259	0.79375				2
2026.04.02	02:19:00.480	0.79375				2
2026.04.02	02:19:06.227	0.79378				2
2026.04.02	02:19:06.528	0.79377				2
2026.04.02	02:19:15.237		0.79383			4
2026.04.02	02:19:22.560	0.79376	0.79382			6
2026.04.02	02:19:31.910	0.79375				2
2026.04.02	02:19:32.211	0.79376				2
2026.04.02	02:19:50.061	0.79377				2
2026.04.02	02:19:52.834	0.79379	0.79384			6
2026.04.02	02:19:54.970	0.79380	0.79385			6
2026.04.02	02:19:55.720	0.79381	0.79387			6
2026.04.02	02:19:59.105		0.79386			4
2026.04.02	02:20:01.843	0.79381				2
2026.04.02	02:20:02.750	0.79383	0.79389			6
2026.04.02	02:20:03.051	0.79384	0.79391			6
2026.04.02	02:20:03.351	0.79383	0.79389			6
2026.04.02	02:20:03.952	0.79380	0.79387			6
2026.04.02	02:20:05.591		0.79386			4
2026.04.02	02:20:07.590		0.79387			4
2026.04.02	02:20:13.404		0.79386			4
2026.04.02	02:20:13.704	0.79379				2
2026.04.02	02:20:18.026	0.79380				2
2026.04.02	02:20:50.684		0.79385			4
2026.04.02	02:20:58.442		0.79386			4
2026.04.02	02:21:00.869	0.79380				2
2026.04.02	02:21:03.451	0.79379				2
2026.04.02	02:21:17.338	0.79377	0.79383			6
2026.04.02	02:21:19.263	0.79378	0.79384			6
2026.04.02	02:21:28.205	0.79379	0.79385			6
2026.04.02	02:22:02.643	0.79379				2
2026.04.02	02:22:03.243		0.79384			4
2026.04.02	02:22:03.543		0.79385			4
2026.04.02	02:22:04.747		0.79384			4
2026.04.02	02:22:07.762	0.79378	0.79385			6
2026.04.02	02:22:15.356		0.79384			4
2026.04.02	02:22:18.488	0.79379				2
2026.04.02	02:22:23.335		0.79385			4
2026.04.02	02:22:26.932	0.79380	0.79386			6
2026.04.02	02:22:43.095	0.79379				2
2026.04.02	02:22:53.845	0.79380				2
2026.04.02	02:22:55.298	0.79384	0.79385			6
2026.04.02	02:22:56.807	0.79383	0.79384			6
2026.04.02	02:22:57.710	0.79384	0.79385			6
2026.04.02	02:22:58.011	0.79380	0.79386			6
2026.04.02	02:22:58.311	0.79382	0.79389			6
2026.04.02	02:23:00.278	0.79382				2
2026.04.02	02:23:03.724		0.79388			4
2026.04.02	02:23:08.254	0.79383				2
2026.04.02	02:23:09.680	0.79385	0.79390			6
2026.04.02	02:23:09.980		0.79391			4
2026.04.02	02:23:11.656	0.79384				2
2026.04.02	02:23:12.870		0.79390			4
2026.04.02	02:23:15.370	0.79383	0.79389			6
2026.04.02	02:23:51.270	0.79382	0.79388			6
2026.04.02	02:24:00.307	0.79382				2
2026.04.02	02:24:00.911	0.79383				2
2026.04.02	02:24:01.212		0.79389			4
2026.04.02	02:24:04.345	0.79384				2
2026.04.02	02:24:04.647	0.79385	0.79390			6
2026.04.02	02:24:11.221	0.79384				2
2026.04.02	02:24:13.863	0.79386				2
2026.04.02	02:24:16.340	0.79385				2
2026.04.02	02:24:43.435	0.79384				2
2026.04.02	02:24:45.970	0.79385				2
2026.04.02	02:24:47.487	0.79386	0.79392			6
2026.04.02	02:25:00.260	0.79386				2
2026.04.02	02:25:00.861		0.79393			4
2026.04.02	02:25:08.178	0.79388	0.79395			6
2026.04.02	02:25:11.243	0.79389				2
2026.04.02	02:25:11.843	0.79388				2
2026.04.02	02:25:25.926	0.79391	0.79397			6
2026.04.02	02:25:26.226	0.79390				2
2026.04.02	02:25:34.055	0.79391				2
2026.04.02	02:25:43.292	0.79390				2
2026.04.02	02:25:44.292		0.79396			4
2026.04.02	02:25:48.046	0.79389				2
2026.04.02	02:25:52.588	0.79390				2
2026.04.02	02:26:00.219	0.79390				2
2026.04.02	02:26:00.519	0.79391	0.79398			6
2026.04.02	02:26:04.002	0.79389	0.79396			6
2026.04.02	02:26:25.902	0.79388				2
2026.04.02	02:26:28.473	0.79386	0.79392			6
2026.04.02	02:26:31.570	0.79385				2
2026.04.02	02:26:32.383	0.79386				2
2026.04.02	02:26:38.919	0.79388	0.79393			6
2026.04.02	02:26:41.329	0.79389				2
