<DATE>	<TIME>	<BID>	<ASK>	<LAST>	<VOLUME>	<FLAGS>
2026.04.07	00:03:30.054	0.79609	0.79988			6
2026.04.07	00:04:00.165	0.79611				2
2026.04.07	00:04:14.801	0.79614				2
2026.04.07	00:04:31.984		0.79988			4
2026.04.07	00:04:49.415		0.79983			4
2026.04.07	00:04:54.415		0.79988			4
2026.04.07	00:05:00.190	0.79682				2
2026.04.07	00:05:00.495		0.79984			4
2026.04.07	00:05:00.796	0.79650				2
2026.04.07	00:05:01.612		0.79976			4
2026.04.07	00:05:01.919		0.79977			4
2026.04.07	00:05:11.962		0.79985			4
2026.04.07	00:05:24.349	0.79716	0.79957			6
2026.04.07	00:05:45.968	0.79764	0.79911			6
2026.04.07	00:06:00.158	0.79764				2
2026.04.07	00:07:01.966	0.79764	0.79911			6
2026.04.07	00:07:35.970	0.79762	0.79909			6
2026.04.07	00:08:11.984	0.79762				2
2026.04.07	00:08:30.971	0.79763				2
2026.04.07	00:08:39.992		0.79909			4
2026.04.07	00:09:00.158	0.79763				2
2026.04.07	00:09:25.972		0.79911			4
2026.04.07	00:10:00.158	0.79763				2
2026.04.07	00:10:00.461		0.79887			4
2026.04.07	00:10:30.645	0.79731	0.79866			6
2026.04.07	00:10:52.321	0.79730	0.79865			6
2026.04.07	00:11:00.140	0.79730				2
2026.04.07	00:11:24.521	0.79691	0.79911			6
2026.04.07	00:11:25.629	0.79763	0.79891			6
2026.04.07	00:11:26.055		0.79890			4
2026.04.07	00:11:26.637		0.79891			4
2026.04.07	00:11:27.720		0.79889			4
2026.04.07	00:11:28.323		0.79891			4
2026.04.07	00:11:30.825		0.79888			4
2026.04.07	00:11:35.638		0.79889			4
2026.04.07	00:11:48.766		0.79888			4
2026.04.07	00:11:49.067		0.79889			4
2026.04.07	00:12:01.552	0.79763				2
2026.04.07	00:12:01.852		0.79888			4
2026.04.07	00:12:02.153		0.79889			4
2026.04.07	00:12:07.697		0.79892			4
2026.04.07	00:12:08.367		0.79889			4
2026.04.07	00:12:24.237		0.79888			4
2026.04.07	00:12:47.261		0.79887			4
2026.04.07	00:12:47.938		0.79888			4
2026.04.07	00:12:48.238		0.79887			4
2026.04.07	00:13:00.238	0.79763				2
2026.04.07	00:13:01.133		0.79888			4
2026.04.07	00:13:16.019		0.79887			4
2026.04.07	00:13:16.738		0.79888			4
2026.04.07	00:13:20.942		0.79887			4
2026.04.07	00:13:36.238		0.79886			4
2026.04.07	00:13:44.337		0.79885			4
2026.04.07	00:14:00.523	0.79763				2
2026.04.07	00:14:06.639		0.79884			4
2026.04.07	00:14:08.037		0.79883			4
2026.04.07	00:14:31.232		0.79880			4
2026.04.07	00:14:41.938		0.79879			4
2026.04.07	00:14:56.038	0.79762				2
2026.04.07	00:15:00.004	0.79762				2
2026.04.07	00:15:01.727		0.79880			4
2026.04.07	00:15:08.337		0.79881			4
2026.04.07	00:15:11.639		0.79879			4
2026.04.07	00:15:12.838		0.79878			4
2026.04.07	00:15:15.144		0.79880			4
2026.04.07	00:15:32.287		0.79878			4
2026.04.07	00:15:35.697		0.79880			4
2026.04.07	00:15:38.258		0.79879			4
2026.04.07	00:15:41.475		0.79878			4
2026.04.07	00:15:50.979	0.79764				2
2026.04.07	00:15:58.437		0.79877			4
2026.04.07	00:16:01.137	0.79764				2
2026.04.07	00:16:03.538		0.79878			4
2026.04.07	00:16:43.839		0.79877			4
2026.04.07	00:16:45.981	0.79765				2
2026.04.07	00:17:01.985	0.79765				2
2026.04.07	00:17:10.070		0.79876			4
2026.04.07	00:17:10.372		0.79875			4
2026.04.07	00:17:23.656		0.79876			4
2026.04.07	00:17:27.836		0.79877			4
2026.04.07	00:17:40.982	0.79759				2
2026.04.07	00:18:02.637	0.79759				2
2026.04.07	00:18:12.543		0.79875			4
2026.04.07	00:18:15.498		0.79876			4
2026.04.07	00:18:15.838		0.79877			4
2026.04.07	00:19:01.137	0.79759				2
2026.04.07	00:19:16.737		0.79877			4
2026.04.07	00:19:30.984	0.79763				2
2026.04.07	00:20:01.984	0.79763				2
2026.04.07	00:20:18.538		0.79877			4
2026.04.07	00:21:00.836	0.79763				2
2026.04.07	00:21:19.437		0.79877			4
2026.04.07	00:22:00.837	0.79763				2
2026.04.07	00:22:05.036		0.79878			4
2026.04.07	00:22:31.720		0.79877			4
2026.04.07	00:22:32.021		0.79878			4
2026.04.07	00:22:41.717		0.79877			4
2026.04.07	00:22:42.018		0.79878			4
2026.04.07	00:23:01.108	0.79763				2
2026.04.07	00:23:01.719		0.79877			4
2026.04.07	00:23:02.337		0.79878			4
2026.04.07	00:23:11.777		0.79877			4
2026.04.07	00:23:12.078		0.79878			4
2026.04.07	00:23:21.462		0.79877			4
2026.04.07	00:23:21.763		0.79876			4
2026.04.07	00:23:22.067		0.79877			4
2026.04.07	00:23:27.224		0.79875			4
2026.04.07	00:23:31.738		0.79876			4
2026.04.07	00:23:32.039		0.79875			4
2026.04.07	00:23:32.339		0.79877			4
2026.04.07	00:23:51.729		0.79876			4
2026.04.07	00:23:53.077		0.79877			4
2026.04.07	00:23:55.437		0.79876			4
2026.04.07	00:24:01.775	0.79763				2
2026.04.07	00:24:02.077		0.79874			4
2026.04.07	00:24:12.075		0.79875			4
2026.04.07	00:24:18.076		0.79876			4
2026.04.07	00:24:21.388		0.79875			4
2026.04.07	00:24:21.689		0.79877			4
2026.04.07	00:24:28.439		0.79876			4
2026.04.07	00:24:31.213		0.79875			4
2026.04.07	00:24:42.086		0.79874			4
2026.04.07	00:24:45.869		0.79873			4
2026.04.07	00:24:52.091		0.79872			4
2026.04.07	00:25:00.466	0.79763				2
2026.04.07	00:25:00.766		0.79871			4
2026.04.07	00:25:06.358		0.79872			4
2026.04.07	00:25:12.091		0.79871			4
2026.04.07	00:25:30.837		0.79870			4
2026.04.07	00:25:35.938		0.79871			4
2026.04.07	00:25:42.090		0.79863			4
2026.04.07	00:25:44.085		0.79864			4
2026.04.07	00:25:50.896		0.79866			4
2026.04.07	00:25:52.093		0.79865			4
2026.04.07	00:25:53.144		0.79869			4
2026.04.07	00:26:01.792	0.79763				2
2026.04.07	00:26:02.092		0.79864			4
2026.04.07	00:26:12.196		0.79863			4
2026.04.07	00:26:25.433		0.79864			4
2026.04.07	00:26:32.101		0.79865			4
2026.04.07	00:26:42.189		0.79863			4
2026.04.07	00:26:52.103		0.79862			4
2026.04.07	00:26:54.294		0.79861			4
2026.04.07	00:26:54.595		0.79862			4
2026.04.07	00:27:00.158	0.79763				2
2026.04.07	00:27:06.421		0.79861			4
2026.04.07	00:27:12.103		0.79862			4
2026.04.07	00:27:25.599		0.79860			4
2026.04.07	00:27:42.118		0.79861			4
2026.04.07	00:27:49.150		0.79860			4
2026.04.07	00:27:51.468		0.79861			4
2026.04.07	00:27:54.258		0.79860			4
2026.04.07	00:28:01.810	0.79763				2
2026.04.07	00:28:02.110		0.79861			4
2026.04.07	00:28:23.746	0.79775				2
2026.04.07	00:28:44.327		0.79862			4
2026.04.07	00:28:52.120		0.79861			4
2026.04.07	00:29:01.819	0.79775				2
2026.04.07	00:29:30.838		0.79863			4
2026.04.07	00:29:51.484		0.79861			4
2026.04.07	00:30:00.077	0.79775				2
2026.04.07	00:30:00.378	0.79762	0.79862			6
2026.04.07	00:30:01.825	0.79751				2
2026.04.07	00:30:02.426		0.79864			4
2026.04.07	00:30:03.147		0.79863			4
2026.04.07	00:30:03.447		0.79864			4
2026.04.07	00:30:04.448		0.79862			4
2026.04.07	00:30:07.605	0.79756				2
2026.04.07	00:30:07.905		0.79860			4
2026.04.07	00:30:08.210		0.79859			4
2026.04.07	00:30:12.972		0.79858			4
2026.04.07	00:30:18.237	0.79757				2
2026.04.07	00:30:18.537		0.79857			4
2026.04.07	00:30:23.532	0.79758				2
2026.04.07	00:30:23.832		0.79856			4
2026.04.07	00:30:27.619	0.79759				2
2026.04.07	00:30:27.921		0.79855			4
2026.04.07	00:30:37.138	0.79758	0.79856			6
2026.04.07	00:30:39.873	0.79765				2
2026.04.07	00:30:41.469		0.79855			4
2026.04.07	00:31:04.154	0.79765				2
2026.04.07	00:31:10.711	0.79759				2
2026.04.07	00:31:11.013	0.79760	0.79854			6
2026.04.07	00:31:12.208		0.79860			4
2026.04.07	00:31:14.637	0.79759				2
2026.04.07	00:31:14.936	0.79760				2
2026.04.07	00:31:15.834	0.79759	0.79854			6
2026.04.07	00:31:20.637	0.79760				2
2026.04.07	00:31:24.838		0.79853			4
2026.04.07	00:31:30.741		0.79860			4
2026.04.07	00:31:31.042		0.79853			4
2026.04.07	00:31:35.937	0.79761				2
2026.04.07	00:31:41.372	0.79758	0.79852			6
2026.04.07	00:31:41.673		0.79850			4
2026.04.07	00:31:41.973		0.79849			4
2026.04.07	00:31:42.277	0.79759	0.79850			6
2026.04.07	00:31:42.578	0.79760				2
2026.04.07	00:31:46.392	0.79758				2
2026.04.07	00:31:46.694		0.79851			4
2026.04.07	00:31:49.560	0.79759				2
2026.04.07	00:31:56.937		0.79850			4
2026.04.07	00:32:01.970	0.79759				2
2026.04.07	00:32:04.137	0.79760				2
2026.04.07	00:32:06.836	0.79761				2
2026.04.07	00:32:07.139		0.79849			4
2026.04.07	00:32:11.940	0.79762	0.79858			6
2026.04.07	00:32:16.137		0.79857			4
2026.04.07	00:32:18.248		0.79858			4
2026.04.07	00:32:19.781	0.79761				2
2026.04.07	00:32:21.838	0.79762				2
2026.04.07	00:32:27.838		0.79857			4
2026.04.07	00:32:29.637	0.79763				2
2026.04.07	00:32:37.739	0.79761	0.79859			6
2026.04.07	00:32:38.040	0.79762	0.79848			6
2026.04.07	00:32:38.339	0.79755	0.79847			6
2026.04.07	00:33:00.712	0.79755				2
2026.04.07	00:33:17.037	0.79756	0.79846			6
2026.04.07	00:33:23.905	0.79763	0.79847			6
2026.04.07	00:33:25.320		0.79848			4
2026.04.07	00:33:25.620		0.79846			4
2026.04.07	00:33:27.875	0.79762	0.79847			6
2026.04.07	00:33:29.338	0.79761	0.79848			6
2026.04.07	00:33:38.083	0.79762	0.79847			6
2026.04.07	00:33:38.937		0.79846			4
2026.04.07	00:33:40.689	0.79761	0.79845			6
2026.04.07	00:33:41.937		0.79846			4
2026.04.07	00:34:00.204	0.79761				2
2026.04.07	00:34:00.509	0.79762	0.79845			6
2026.04.07	00:34:06.054	0.79763	0.79844			6
2026.04.07	00:34:13.137		0.79843			4
2026.04.07	00:34:36.237	0.79764				2
2026.04.07	00:34:43.108	0.79763				2
2026.04.07	00:34:46.137	0.79762				2
2026.04.07	00:34:47.124	0.79763				2
2026.04.07	00:34:56.637		0.79842			4
2026.04.07	00:34:58.137		0.79843			4
2026.04.07	00:35:00.208	0.79763				2
2026.04.07	00:35:10.737		0.79842			4
2026.04.07	00:35:12.837		0.79843			4
2026.04.07	00:35:15.537		0.79842			4
2026.04.07	00:35:21.239	0.79764				2
2026.04.07	00:35:24.537	0.79763				2
2026.04.07	00:35:28.138	0.79764				2
2026.04.07	00:35:30.837	0.79763				2
2026.04.07	00:35:35.097	0.79762	0.79843			6
2026.04.07	00:35:35.937	0.79763				2
2026.04.07	00:35:41.585	0.79762				2
2026.04.07	00:35:41.938		0.79844			4
2026.04.07	00:35:42.516	0.79763	0.79843			6
2026.04.07	00:35:43.117	0.79762	0.79844			6
2026.04.07	00:35:43.503	0.79763	0.79843			6
2026.04.07	00:35:46.557	0.79761				2
2026.04.07	00:35:46.857	0.79760	0.79844			6
2026.04.07	00:35:47.732		0.79843			4
2026.04.07	00:35:53.037	0.79761				2
2026.04.07	00:36:00.208	0.79761				2
2026.04.07	00:36:06.538		0.79842			4
2026.04.07	00:36:07.823		0.79843			4
2026.04.07	00:36:09.237		0.79842			4
2026.04.07	00:36:12.310		0.79843			4
2026.04.07	00:36:33.238		0.79842			4
2026.04.07	00:36:43.137		0.79843			4
2026.04.07	00:36:59.036	0.79762				2
2026.04.07	00:36:59.337		0.79842			4
2026.04.07	00:36:59.938	0.79761	0.79843			6
2026.04.07	00:37:01.737	0.79761				2
2026.04.07	00:37:02.038		0.79842			4
2026.04.07	00:37:03.537		0.79843			4
2026.04.07	00:37:05.038		0.79842			4
2026.04.07	00:37:40.138	0.79762				2
2026.04.07	00:37:40.845	0.79763				2
2026.04.07	00:37:41.146		0.79843			4
2026.04.07	00:37:41.938		0.79842			4
2026.04.07	00:37:43.431		0.79843			4
2026.04.07	00:37:45.237		0.79842			4
2026.04.07	00:37:59.294	0.79762				2
2026.04.07	00:37:59.938	0.79761				2
2026.04.07	00:38:01.087	0.79761				2
2026.04.07	00:38:15.838	0.79762				2
2026.04.07	00:38:16.696	0.79761				2
2026.04.07	00:38:17.637	0.79762				2
2026.04.07	00:38:19.140	0.79761				2
2026.04.07	00:38:33.237	0.79762				2
2026.04.07	00:38:49.737		0.79842			4
2026.04.07	00:39:02.937	0.79762				2
2026.04.07	00:39:11.388		0.79841			4
2026.04.07	00:39:12.837		0.79842			4
2026.04.07	00:39:35.037		0.79841			4
2026.04.07	00:39:38.037		0.79842			4
2026.04.07	00:39:41.037	0.79761				2
2026.04.07	00:39:44.937	0.79762				2
2026.04.07	00:39:51.237		0.79841			4
2026.04.07	00:39:52.522	0.79763				2
2026.04.07	00:39:53.637	0.79762				2
2026.04.07	00:39:54.210	0.79764				2
2026.04.07	00:39:54.514		0.79840			4
2026.04.07	00:39:55.388		0.79839			4
2026.04.07	00:40:03.511	0.79764				2
2026.04.07	00:40:03.813	0.79766	0.79843			6
2026.04.07	00:40:04.742	0.79767				2
2026.04.07	00:40:05.041		0.79842			4
2026.04.07	00:40:19.737	0.79766	0.79843			6
2026.04.07	00:40:24.121	0.79765	0.79837			6
2026.04.07	00:40:33.511	0.79766	0.79839			6
2026.04.07	00:40:34.425		0.79837			4
2026.04.07	00:40:38.038	0.79767	0.79839			6
2026.04.07	00:40:46.580	0.79765				2
2026.04.07	00:40:46.879		0.79837			4
2026.04.07	00:40:48.568	0.79764	0.79838			6
2026.04.07	00:40:53.228	0.79767				2
2026.04.07	00:40:56.037	0.79768				2
2026.04.07	00:40:57.884	0.79767				2
2026.04.07	00:40:59.938	0.79768				2
2026.04.07	00:41:02.037	0.79767				2
2026.04.07	00:41:03.250	0.79765	0.79837			6
2026.04.07	00:41:14.534	0.79764	0.79838			6
2026.04.07	00:41:19.722	0.79765				2
2026.04.07	00:41:20.022		0.79837			4
2026.04.07	00:41:57.237		0.79838			4
2026.04.07	00:41:57.613	0.79766	0.79836			6
2026.04.07	00:42:02.040	0.79766				2
2026.04.07	00:42:26.937	0.79767				2
2026.04.07	00:42:33.244	0.79766				2
2026.04.07	00:42:34.721		0.79837			4
2026.04.07	00:42:40.137	0.79765				2
2026.04.07	00:42:42.613	0.79767	0.79836			6
2026.04.07	00:42:43.138	0.79766				2
2026.04.07	00:42:54.463	0.79767				2
2026.04.07	00:42:54.763		0.79837			4
2026.04.07	00:42:57.237		0.79836			4
2026.04.07	00:43:04.737	0.79767				2
2026.04.07	00:43:31.652	0.79761				2
2026.04.07	00:43:31.952	0.79762				2
2026.04.07	00:43:37.726	0.79760	0.79838			6
2026.04.07	00:43:46.656	0.79762	0.79839			6
2026.04.07	00:43:57.007	0.79760				2
2026.04.07	00:43:58.164	0.79762				2
2026.04.07	00:44:02.301	0.79762				2
2026.04.07	00:44:45.536	0.79761				2
2026.04.07	00:44:45.837		0.79840			4
2026.04.07	00:44:51.536	0.79762	0.79839			6
2026.04.07	00:45:00.537	0.79761	0.79840			6
2026.04.07	00:45:02.169	0.79754	0.79849			6
2026.04.07	00:45:02.470	0.79753				2
2026.04.07	00:45:04.875	0.79761	0.79840			6
2026.04.07	00:45:35.337	0.79760	0.79841			6
2026.04.07	00:45:55.907	0.79761	0.79840			6
2026.04.07	00:45:59.936	0.79760				2
2026.04.07	00:46:00.238	0.79760	0.79841			6
2026.04.07	00:46:31.665	0.79759	0.79840			6
2026.04.07	00:47:02.178	0.79747	0.79852			6
2026.04.07	00:47:02.479	0.79753	0.79849			6
2026.04.07	00:47:04.593	0.79759	0.79840			6
2026.04.07	00:47:22.737	0.79758				2
2026.04.07	00:47:23.036		0.79841			4
2026.04.07	00:47:29.038	0.79759	0.79840			6
2026.04.07	00:47:31.669	0.79753				2
2026.04.07	00:47:55.841	0.79757				2
2026.04.07	00:48:01.087	0.79757				2
2026.04.07	00:48:05.795		0.79841			4
2026.04.07	00:48:30.782	0.79766				2
2026.04.07	00:48:31.082		0.79843			4
2026.04.07	00:48:37.304	0.79761				2
2026.04.07	00:48:44.397	0.79768				2
2026.04.07	00:48:46.137		0.79844			4
2026.04.07	00:48:49.822	0.79755	0.79841			6
2026.04.07	00:48:50.122	0.79763				2
2026.04.07	00:48:50.767	0.79750				2
2026.04.07	00:48:51.068	0.79760				2
2026.04.07	00:48:59.842	0.79750				2
2026.04.07	00:49:02.338	0.79750				2
2026.04.07	00:49:04.524		0.79840			4
2026.04.07	00:49:06.889	0.79746				2
2026.04.07	00:49:07.190	0.79758	0.79845			6
2026.04.07	00:49:07.494	0.79766				2
2026.04.07	00:49:10.571		0.79846			4
2026.04.07	00:49:10.871	0.79758	0.79845			6
2026.04.07	00:49:13.753	0.79756				2
2026.04.07	00:49:14.053		0.79847			4
2026.04.07	00:49:14.353		0.79848			4
2026.04.07	00:49:14.917		0.79845			4
2026.04.07	00:49:15.218		0.79844			4
2026.04.07	00:49:15.520	0.79773				2
2026.04.07	00:49:19.568	0.79762				2
2026.04.07	00:49:19.869	0.79755				2
2026.04.07	00:49:22.449		0.79843			4
2026.04.07	00:49:37.622		0.79844			4
2026.04.07	00:49:39.238		0.79845			4
2026.04.07	00:49:39.539	0.79772				2
2026.04.07	00:49:49.601	0.79765				2
2026.04.07	00:49:51.071		0.79846			4
2026.04.07	00:49:52.362		0.79847			4
2026.04.07	00:49:57.305	0.79778				2
2026.04.07	00:50:01.144	0.79778				2
2026.04.07	00:50:01.444		0.79848			4
2026.04.07	00:50:01.746	0.79764				2
2026.04.07	00:50:02.046		0.79849			4
2026.04.07	00:50:06.246	0.79747	0.79850			6
2026.04.07	00:50:08.231		0.79849			4
2026.04.07	00:50:10.074	0.79771				2
2026.04.07	00:50:10.374	0.79781				2
2026.04.07	00:50:21.276	0.79776				2
2026.04.07	00:50:22.808	0.79779				2
2026.04.07	00:50:26.019	0.79788	0.79852			6
2026.04.07	00:50:45.606		0.79850			4
2026.04.07	00:51:00.743	0.79788				2
2026.04.07	00:51:09.924	0.79787	0.79849			6
2026.04.07	00:51:10.230	0.79781	0.79850			6
2026.04.07	00:51:14.132	0.79769	0.79841			6
2026.04.07	00:51:14.432	0.79782	0.79846			6
2026.04.07	00:51:14.732	0.79770	0.79847			6
2026.04.07	00:51:19.861	0.79790	0.79851			6
2026.04.07	00:51:22.555	0.79781				2
2026.04.07	00:51:57.306	0.79784				2
2026.04.07	00:52:01.438	0.79784				2
2026.04.07	00:52:05.374		0.79849			4
2026.04.07	00:52:12.307	0.79782				2
2026.04.07	00:52:20.209		0.79852			4
2026.04.07	00:52:25.374	0.79779	0.79850			6
2026.04.07	00:52:39.655	0.79780				2
2026.04.07	00:52:56.991	0.79777	0.79849			6
2026.04.07	00:52:58.738		0.79848			4
2026.04.07	00:53:00.710	0.79777				2
2026.04.07	00:53:01.303	0.79778				2
2026.04.07	00:53:15.472		0.79851			4
2026.04.07	00:53:18.011	0.79767				2
2026.04.07	00:53:18.312	0.79750	0.79842			6
2026.04.07	00:53:18.613	0.79768	0.79837			6
2026.04.07	00:53:18.914		0.79834			4
2026.04.07	00:53:20.314	0.79756	0.79842			6
2026.04.07	00:53:20.615	0.79754	0.79853			6
2026.04.07	00:53:30.203	0.79765				2
2026.04.07	00:53:40.449		0.79851			4
2026.04.07	00:53:46.680	0.79774				2
2026.04.07	00:54:00.119	0.79774				2
2026.04.07	00:54:00.819		0.79852			4
2026.04.07	00:54:01.119		0.79854			4
2026.04.07	00:54:05.236		0.79853			4
2026.04.07	00:54:05.539		0.79854			4
2026.04.07	00:54:09.370		0.79853			4
2026.04.07	00:54:09.671		0.79854			4
2026.04.07	00:54:10.449		0.79851			4
2026.04.07	00:54:30.853		0.79854			4
2026.04.07	00:54:40.449		0.79852			4
2026.04.07	00:54:41.681	0.79767				2
2026.04.07	00:54:45.074		0.79851			4
2026.04.07	00:54:47.073	0.79778				2
2026.04.07	00:54:47.374	0.79768	0.79849			6
2026.04.07	00:54:49.028	0.79769				2
2026.04.07	00:54:51.254	0.79758				2
2026.04.07	00:54:52.567	0.79749				2
2026.04.07	00:54:59.205	0.79767				2
2026.04.07	00:55:01.212	0.79767				2
2026.04.07	00:55:01.512	0.79755				2
2026.04.07	00:55:09.920	0.79756	0.79846			6
2026.04.07	00:55:14.851		0.79845			4
2026.04.07	00:55:22.949	0.79757				2
2026.04.07	00:55:27.154	0.79760	0.79841			6
2026.04.07	00:55:27.758	0.79755				2
2026.04.07	00:55:30.773		0.79840			4
2026.04.07	00:55:31.978	0.79757				2
2026.04.07	00:55:34.982	0.79758				2
2026.04.07	00:55:38.604		0.79839			4
2026.04.07	00:55:41.616	0.79757	0.79840			6
2026.04.07	00:55:42.218	0.79756	0.79841			6
2026.04.07	00:55:48.541	0.79760				2
2026.04.07	00:55:50.043	0.79761				2
2026.04.07	00:55:58.168		0.79840			4
2026.04.07	00:56:00.273	0.79761				2
2026.04.07	00:56:00.876	0.79764				2
2026.04.07	00:56:02.079	0.79765				2
2026.04.07	00:56:25.245	0.79762				2
2026.04.07	00:56:25.547	0.79760				2
2026.04.07	00:56:25.847	0.79763				2
2026.04.07	00:56:26.446	0.79758				2
2026.04.07	00:56:27.047	0.79764	0.79839			6
2026.04.07	00:56:28.551	0.79758	0.79857			6
2026.04.07	00:56:28.849		0.79858			4
2026.04.07	00:56:29.150	0.79760				2
2026.04.07	00:56:29.751	0.79710	0.79897			6
2026.04.07	00:56:30.051		0.79896			4
2026.04.07	00:56:30.351		0.79895			4
2026.04.07	00:56:30.652		0.79893			4
2026.04.07	00:56:30.953	0.79694	0.79880			6
2026.04.07	00:56:31.552	0.79695				2
2026.04.07	00:56:32.757	0.79697				2
2026.04.07	00:56:33.662	0.79699				2
2026.04.07	00:56:34.262	0.79700				2
2026.04.07	00:56:35.168	0.79701				2
2026.04.07	00:56:36.371	0.79702				2
2026.04.07	00:56:37.273	0.79703				2
2026.04.07	00:56:38.476	0.79704				2
2026.04.07	00:56:39.679	0.79705				2
2026.04.07	00:56:40.882	0.79707				2
2026.04.07	00:56:42.088	0.79708				2
2026.04.07	00:56:42.991	0.79709				2
2026.04.07	00:56:44.495	0.79710				2
2026.04.07	00:56:45.997	0.79711				2
2026.04.07	00:56:47.800	0.79712				2
2026.04.07	00:56:49.610	0.79713				2
2026.04.07	00:56:53.224	0.79714				2
2026.04.07	00:56:57.732	0.79715				2
2026.04.07	00:57:00.136	0.79715				2
2026.04.07	00:57:01.943	0.79719	0.79866			6
2026.04.07	00:57:29.622	0.79720				2
2026.04.07	00:57:29.923	0.79719				2
2026.04.07	00:57:30.525	0.79720				2
2026.04.07	00:57:31.727	0.79721				2
2026.04.07	00:57:32.628	0.79723				2
2026.04.07	00:57:35.035	0.79724				2
2026.04.07	00:57:37.137	0.79726				2
2026.04.07	00:57:39.542	0.79727				2
2026.04.07	00:57:40.741	0.79728				2
2026.04.07	00:57:42.245	0.79743				2
2026.04.07	00:57:44.649	0.79733	0.79870			6
2026.04.07	00:57:57.882	0.79732				2
2026.04.07	00:58:00.294	0.79732				2
2026.04.07	00:58:11.130	0.79731				2
2026.04.07	00:58:28.270	0.79730				2
2026.04.07	00:58:33.097	0.79729				2
2026.04.07	00:58:39.720		0.79866			4
2026.04.07	00:59:00.176	0.79729				2
2026.04.07	00:59:00.774	0.79728				2
2026.04.07	00:59:23.948	0.79727				2
2026.04.07	00:59:39.874		0.79866			4
2026.04.07	01:00:00.041	0.79728				2
2026.04.07	01:00:00.345	0.79739				2
2026.04.07	01:00:00.644		0.79863			4
2026.04.07	01:00:00.942	0.79744	0.79866			6
2026.04.07	01:00:01.249	0.79740	0.79853			6
2026.04.07	01:00:01.545		0.79850			4
2026.04.07	01:00:02.144	0.79712				2
2026.04.07	01:00:02.451	0.79732	0.79878			6
2026.04.07	01:00:02.742	0.79734	0.79870			6
2026.04.07	01:00:03.643	0.79730	0.79866			6
2026.04.07	01:00:05.147	0.79740	0.79852			6
2026.04.07	01:00:06.049		0.79860			4
2026.04.07	01:00:06.348	0.79741	0.79870			6
2026.04.07	01:00:06.655		0.79863			4
2026.04.07	01:00:07.249	0.79738	0.79861			6
2026.04.07	01:00:07.850		0.79859			4
2026.04.07	01:00:08.151	0.79740	0.79857			6
2026.04.07	01:00:09.053	0.79742				2
2026.04.07	01:00:09.652	0.79743				2
2026.04.07	01:00:10.253	0.79745				2
2026.04.07	01:00:12.651		0.79856			4
2026.04.07	01:00:12.952		0.79859			4
2026.04.07	01:00:13.854		0.79856			4
2026.04.07	01:00:14.154		0.79853			4
2026.04.07	01:00:14.454	0.79746	0.79850			6
2026.04.07	01:00:15.960	0.79745	0.79845			6
2026.04.07	01:00:16.262	0.79746	0.79850			6
2026.04.07	01:00:16.863		0.79847			4
2026.04.07	01:00:17.163		0.79849			4
2026.04.07	01:00:17.763	0.79745	0.79845			6
2026.04.07	01:00:18.063	0.79746	0.79849			6
2026.04.07	01:00:18.663	0.79745	0.79845			6
2026.04.07	01:00:18.964	0.79746	0.79849			6
2026.04.07	01:00:19.563		0.79844			4
2026.04.07	01:00:19.864	0.79747	0.79849			6
2026.04.07	01:00:20.765	0.79739	0.79844			6
2026.04.07	01:00:21.063	0.79747	0.79849			6
2026.04.07	01:00:21.665	0.79746	0.79844			6
2026.04.07	01:00:21.974	0.79743				2
2026.04.07	01:00:23.466	0.79742	0.79843			6
2026.04.07	01:00:23.769		0.79841			4
2026.04.07	01:00:24.076		0.79840			4
2026.04.07	01:00:24.368	0.79743	0.79837			6
2026.04.07	01:00:24.669	0.79742	0.79836			6
2026.04.07	01:00:24.969		0.79837			4
2026.04.07	01:00:25.869		0.79836			4
2026.04.07	01:00:27.372	0.79743				2
2026.04.07	01:00:30.076		0.79835			4
2026.04.07	01:00:31.278	0.79744				2
2026.04.07	01:00:34.580	0.79746				2
2026.04.07	01:00:34.881	0.79744	0.79834			6
2026.04.07	01:00:36.984	0.79746	0.79835			6
2026.04.07	01:00:37.285	0.79745	0.79834			6
2026.04.07	01:00:37.882	0.79744				2
2026.04.07	01:00:38.787	0.79745				2
2026.04.07	01:00:39.392		0.79833			4
2026.04.07	01:00:39.989		0.79834			4
2026.04.07	01:00:43.003	0.79747				2
2026.04.07	01:00:43.300	0.79745	0.79833			6
2026.04.07	01:00:43.599	0.79747				2
2026.04.07	01:00:43.900	0.79746				2
2026.04.07	01:00:44.200		0.79832			4
2026.04.07	01:00:45.100	0.79747	0.79844			6
2026.04.07	01:00:45.403		0.79832			4
2026.04.07	01:00:46.303	0.79746	0.79833			6
2026.04.07	01:00:47.810		0.79832			4
2026.04.07	01:00:49.313		0.79814			4
2026.04.07	01:00:49.613	0.79739	0.79818			6
2026.04.07	01:00:50.212		0.79817			4
2026.04.07	01:00:50.512		0.79816			4
2026.04.07	01:00:52.616	0.79740				2
2026.04.07	01:00:54.419	0.79746				2
2026.04.07	01:00:54.715	0.79747				2
2026.04.07	01:00:56.518	0.79761				2
2026.04.07	01:00:56.818	0.79747				2
2026.04.07	01:00:57.118	0.79761				2
2026.04.07	01:00:57.419	0.79747	0.79815			6
2026.04.07	01:00:57.719	0.79761				2
2026.04.07	01:00:58.320	0.79747				2
2026.04.07	01:00:58.620	0.79761				2
2026.04.07	01:00:58.920	0.79747				2
2026.04.07	01:00:59.221	0.79761				2
2026.04.07	01:00:59.524	0.79747				2
2026.04.07	01:00:59.823	0.79761	0.79839			6
2026.04.07	01:01:00.127	0.79752	0.79833			6
2026.04.07	01:01:00.425	0.79753				2
2026.04.07	01:01:00.727		0.79819			4
2026.04.07	01:01:01.025	0.79752	0.79832			6
2026.04.07	01:01:01.328	0.79754				2
2026.04.07	01:01:01.626	0.79753				2
2026.04.07	01:01:02.227	0.79751	0.79831			6
2026.04.07	01:01:03.428	0.79756	0.79828			6
2026.04.07	01:01:03.728		0.79834			4
2026.04.07	01:01:04.030		0.79814			4
2026.04.07	01:01:07.928	0.79760	0.79828			6
2026.04.07	01:01:08.229		0.79831			4
2026.04.07	01:01:08.529		0.79823			4
2026.04.07	01:01:08.828	0.79755	0.79816			6
2026.04.07	01:01:11.228	0.79756				2
2026.04.07	01:01:16.036	0.79755				2
2026.04.07	01:01:19.639	0.79756				2
2026.04.07	01:01:20.838	0.79757				2
2026.04.07	01:01:21.139		0.79815			4
2026.04.07	01:01:23.843	0.79756				2
2026.04.07	01:01:25.344	0.79761	0.79828			6
2026.04.07	01:01:26.547	0.79760	0.79831			6
2026.04.07	01:01:28.948	0.79757				2
2026.04.07	01:01:29.548	0.79759	0.79829			6
2026.04.07	01:01:30.451	0.79758				2
2026.04.07	01:01:30.753		0.79827			4
2026.04.07	01:01:31.049	0.79757				2
2026.04.07	01:01:33.451	0.79758				2
2026.04.07	01:01:39.770		0.79829			4
2026.04.07	01:01:41.275		0.79825			4
2026.04.07	01:01:43.075	0.79759				2
2026.04.07	01:01:44.577		0.79822			4
2026.04.07	01:01:46.684	0.79748	0.79814			6
2026.04.07	01:01:46.983	0.79746	0.79810			6
2026.04.07	01:01:48.485	0.79736				2
2026.04.07	01:01:48.785	0.79749	0.79812			6
2026.04.07	01:01:49.081		0.79816			4
2026.04.07	01:01:50.587	0.79750				2
2026.04.07	01:01:56.888		0.79820			4
2026.04.07	01:01:58.092	0.79752				2
2026.04.07	01:02:00.194	0.79751	0.79805			6
2026.04.07	01:02:00.499		0.79808			4
2026.04.07	01:02:00.796	0.79753	0.79817			6
2026.04.07	01:02:01.096		0.79824			4
2026.04.07	01:02:01.394		0.79819			4
2026.04.07	01:02:02.300		0.79818			4
2026.04.07	01:02:02.595	0.79756	0.79819			6
2026.04.07	01:02:02.902		0.79817			4
2026.04.07	01:02:08.013	0.79752	0.79807			6
2026.04.07	01:02:09.513		0.79805			4
2026.04.07	01:02:11.317		0.79813			4
2026.04.07	01:02:21.539		0.79810			4
2026.04.07	01:02:23.042		0.79812			4
2026.04.07	01:02:23.345	0.79753				2
2026.04.07	01:02:31.757		0.79820			4
2026.04.07	01:02:32.054		0.79817			4
2026.04.07	01:02:36.557		0.79813			4
2026.04.07	01:02:43.465		0.79810			4
2026.04.07	01:02:43.758		0.79811			4
2026.04.07	01:02:44.066		0.79813			4
2026.04.07	01:02:44.363	0.79755	0.79811			6
2026.04.07	01:02:44.668	0.79753	0.79812			6
2026.04.07	01:02:46.768		0.79815			4
2026.04.07	01:02:51.569		0.79812			4
2026.04.07	01:02:53.371		0.79813			4
2026.04.07	01:02:54.874		0.79812			4
2026.04.07	01:02:56.375		0.79811			4
2026.04.07	01:02:57.880		0.79809			4
2026.04.07	01:02:58.483		0.79811			4
2026.04.07	01:02:59.080		0.79813			4
2026.04.07	01:03:00.282	0.79753				2
2026.04.07	01:03:01.485		0.79814			4
2026.04.07	01:03:06.602	0.79754				2
2026.04.07	01:03:13.226	0.79753				2
2026.04.07	01:03:13.527		0.79815			4
2026.04.07	01:03:18.335		0.79811			4
2026.04.07	01:03:18.634		0.79813			4
2026.04.07	01:03:18.931		0.79814			4
2026.04.07	01:03:23.139	0.79756	0.79812			6
2026.04.07	01:03:27.649	0.79755	0.79813			6
2026.04.07	01:03:31.852		0.79808			4
2026.04.07	01:03:32.155	0.79754	0.79804			6
2026.04.07	01:03:32.454		0.79826			4
2026.04.07	01:03:32.754		0.79827			4
2026.04.07	01:03:35.156	0.79755				2
2026.04.07	01:03:37.864		0.79807			4
2026.04.07	01:03:44.771	0.79756	0.79806			6
2026.04.07	01:03:47.476		0.79827			4
2026.04.07	01:03:50.180		0.79830			4
2026.04.07	01:03:51.989		0.79806			4
2026.04.07	01:03:54.687	0.79757	0.79805			6
2026.04.07	01:04:00.108	0.79757				2
2026.04.07	01:04:02.816		0.79804			4
2026.04.07	01:04:04.624	0.79758	0.79803			6
2026.04.07	01:04:05.223	0.79754	0.79801			6
2026.04.07	01:04:07.927	0.79755				2
2026.04.07	01:04:09.728	0.79754				2
2026.04.07	01:04:10.927	0.79755				2
2026.04.07	01:04:14.241	0.79754				2
2026.04.07	01:04:15.441		0.79802			4
2026.04.07	01:04:16.940		0.79801			4
2026.04.07	01:04:18.142		0.79805			4
2026.04.07	01:04:18.439		0.79807			4
2026.04.07	01:04:20.244		0.79805			4
2026.04.07	01:04:30.451		0.79807			4
2026.04.07	01:04:35.869	0.79755				2
2026.04.07	01:04:40.077		0.79805			4
2026.04.07	01:04:40.374		0.79807			4
2026.04.07	01:04:41.883	0.79754				2
2026.04.07	01:04:44.888	0.79755	0.79806			6
2026.04.07	01:04:47.594	0.79753	0.79807			6
2026.04.07	01:04:48.490		0.79806			4
2026.04.07	01:04:49.693	0.79754				2
2026.04.07	01:04:50.294		0.79804			4
2026.04.07	01:04:53.908	0.79753				2
2026.04.07	01:04:57.823	0.79754	0.79802			6
2026.04.07	01:04:58.426		0.79804			4
2026.04.07	01:05:00.228	0.79754				2
2026.04.07	01:05:01.430	0.79753	0.79805			6
2026.04.07	01:05:04.128		0.79803			4
2026.04.07	01:05:05.333	0.79755	0.79802			6
2026.04.07	01:05:08.339	0.79754	0.79803			6
2026.04.07	01:05:11.639	0.79755				2
2026.04.07	01:05:14.644	0.79754				2
2026.04.07	01:05:15.245	0.79748	0.79797			6
2026.04.07	01:05:16.746	0.79754	0.79802			6
2026.04.07	01:05:32.971		0.79803			4
2026.04.07	01:05:33.274		0.79805			4
2026.04.07	01:05:46.800		0.79803			4
2026.04.07	01:05:50.704		0.79804			4
2026.04.07	01:05:53.422		0.79803			4
2026.04.07	01:05:57.036		0.79805			4
2026.04.07	01:06:00.044	0.79754				2
2026.04.07	01:06:01.843		0.79803			4
2026.04.07	01:06:04.549	0.79753	0.79804			6
2026.04.07	01:06:04.851	0.79752	0.79805			6
2026.04.07	01:06:20.483		0.79804			4
2026.04.07	01:06:21.985		0.79803			4
2026.04.07	01:06:23.785	0.79753				2
2026.04.07	01:06:26.801	0.79752				2
2026.04.07	01:06:36.423	0.79753				2
2026.04.07	01:06:42.135		0.79805			4
2026.04.07	01:06:52.050		0.79803			4
2026.04.07	01:06:58.362		0.79807			4
2026.04.07	01:07:00.166	0.79753				2
2026.04.07	01:07:02.571		0.79805			4
2026.04.07	01:07:04.075	0.79757	0.79801			6
2026.04.07	01:07:04.377		0.79803			4
2026.04.07	01:07:05.580	0.79756				2
2026.04.07	01:07:05.881	0.79758	0.79819			6
2026.04.07	01:07:12.497	0.79757				2
2026.04.07	01:07:12.797	0.79754	0.79805			6
2026.04.07	01:07:14.001	0.79755				2
2026.04.07	01:07:14.904		0.79804			4
2026.04.07	01:07:17.319	0.79754	0.79805			6
2026.04.07	01:07:23.034		0.79801			4
2026.04.07	01:07:25.437	0.79755				2
2026.04.07	01:07:28.437		0.79805			4
2026.04.07	01:07:29.344	0.79754				2
2026.04.07	01:07:29.938	0.79755				2
2026.04.07	01:07:35.945		0.79803			4
2026.04.07	01:07:37.148	0.79754				2
2026.04.07	01:07:38.351	0.79755				2
2026.04.07	01:07:41.053	0.79754				2
2026.04.07	01:07:42.251	0.79755				2
2026.04.07	01:07:43.758	0.79754				2
2026.04.07	01:07:45.565	0.79755	0.79801			6
2026.04.07	01:07:46.167		0.79803			4
2026.04.07	01:07:47.375		0.79805			4
2026.04.07	01:07:54.583		0.79804			4
2026.04.07	01:08:00.301	0.79755				2
2026.04.07	01:08:03.915		0.79805			4
2026.04.07	01:08:04.216		0.79803			4
2026.04.07	01:08:05.721		0.79801			4
2026.04.07	01:08:07.524		0.79804			4
2026.04.07	01:08:20.449		0.79802			4
2026.04.07	01:08:24.354	0.79756				2
2026.04.07	01:08:27.958		0.79800			4
2026.04.07	01:08:32.171	0.79755				2
2026.04.07	01:08:43.291		0.79801			4
2026.04.07	01:08:49.911		0.79800			4
2026.04.07	01:08:51.415		0.79801			4
2026.04.07	01:09:00.128	0.79755				2
2026.04.07	01:09:05.839		0.79804			4
2026.04.07	01:09:11.247		0.79802			4
2026.04.07	01:09:11.548		0.79804			4
2026.04.07	01:09:26.876		0.79800			4
2026.04.07	01:09:41.907		0.79804			4
2026.04.07	01:10:00.248	0.79754	0.79803			6
2026.04.07	01:10:00.844		0.79805			4
2026.04.07	01:10:14.974		0.79803			4
2026.04.07	01:10:24.309		0.79805			4
2026.04.07	01:10:32.137	0.79753	0.79806			6
2026.04.07	01:10:36.946	0.79754	0.79805			6
2026.04.07	01:10:44.456		0.79803			4
2026.04.07	01:10:46.564		0.79804			4
2026.04.07	01:11:00.093	0.79754				2
2026.04.07	01:11:01.901		0.79805			4
2026.04.07	01:11:02.804	0.79757	0.79807			6
2026.04.07	01:11:09.424	0.79756				2
2026.04.07	01:11:13.035	0.79755				2
2026.04.07	01:11:13.337		0.79805			4
2026.04.07	01:11:15.437	0.79754				2
2026.04.07	01:11:16.939	0.79755				2
2026.04.07	01:11:19.941		0.79804			4
2026.04.07	01:11:23.548		0.79803			4
2026.04.07	01:11:28.056		0.79806			4
2026.04.07	01:11:48.789	0.79756				2
2026.04.07	01:11:50.301		0.79805			4
2026.04.07	01:11:51.202	0.79757	0.79804			6
2026.04.07	01:11:52.101		0.79801			4
2026.04.07	01:12:00.229	0.79757				2
2026.04.07	01:12:02.634		0.79804			4
2026.04.07	01:12:14.049		0.79801			4
2026.04.07	01:12:14.350		0.79802			4
2026.04.07	01:12:15.249	0.79755	0.79804			6
2026.04.07	01:12:16.451	0.79754				2
2026.04.07	01:12:36.893	0.79756	0.79805			6
2026.04.07	01:12:39.605		0.79800			4
2026.04.07	01:12:46.224	0.79755				2
2026.04.07	01:12:46.523	0.79756				2
2026.04.07	01:12:51.930		0.79801			4
2026.04.07	01:12:53.436		0.79802			4
2026.04.07	01:12:56.137	0.79755				2
2026.04.07	01:12:57.939	0.79756	0.79800			6
2026.04.07	01:12:58.537		0.79801			4
2026.04.07	01:12:59.137		0.79802			4
2026.04.07	01:12:59.738	0.79755				2
2026.04.07	01:13:00.042	0.79755				2
2026.04.07	01:13:06.354	0.79760	0.79803			6
2026.04.07	01:13:10.571	0.79763	0.79810			6
2026.04.07	01:13:10.873	0.79764				2
2026.04.07	01:13:12.371		0.79807			4
2026.04.07	01:13:21.986	0.79767	0.79809			6
2026.04.07	01:13:22.587		0.79808			4
2026.04.07	01:13:24.089		0.79809			4
2026.04.07	01:13:25.895	0.79768				2
2026.04.07	01:13:29.200	0.79767				2
2026.04.07	01:13:37.324	0.79768				2
2026.04.07	01:13:38.530	0.79767	0.79806			6
2026.04.07	01:13:40.630	0.79764	0.79809			6
2026.04.07	01:13:44.842	0.79768				2
2026.04.07	01:13:45.141	0.79764				2
2026.04.07	01:13:47.543	0.79765				2
2026.04.07	01:13:48.143		0.79806			4
2026.04.07	01:13:49.947	0.79766	0.79809			6
2026.04.07	01:13:50.248		0.79810			4
2026.04.07	01:13:51.148		0.79809			4
2026.04.07	01:13:53.550	0.79764				2
2026.04.07	01:14:00.164	0.79764				2
2026.04.07	01:14:01.059	0.79765				2
2026.04.07	01:14:01.360	0.79764				2
2026.04.07	01:14:01.662	0.79765	0.79808			6
2026.04.07	01:14:10.680	0.79766				2
2026.04.07	01:14:11.585	0.79765				2
2026.04.07	01:14:14.888	0.79766	0.79807			6
2026.04.07	01:14:16.987		0.79808			4
2026.04.07	01:14:30.828	0.79767	0.79807			6
2026.04.07	01:14:31.730		0.79806			4
2026.04.07	01:14:48.555	0.79766	0.79807			6
2026.04.07	01:14:58.471	0.79767				2
2026.04.07	01:15:00.277	0.79767				2
2026.04.07	01:15:01.183	0.79766				2
2026.04.07	01:15:05.082	0.79767				2
2026.04.07	01:15:09.293		0.79806			4
2026.04.07	01:15:18.009	0.79772				2
2026.04.07	01:15:18.305	0.79768				2
2026.04.07	01:15:19.208		0.79804			4
2026.04.07	01:15:19.807	0.79767	0.79806			6
2026.04.07	01:15:20.410		0.79803			4
2026.04.07	01:15:21.010		0.79805			4
2026.04.07	01:15:21.312		0.79804			4
2026.04.07	01:15:24.322		0.79805			4
2026.04.07	01:15:25.528		0.79804			4
2026.04.07	01:15:28.531	0.79771	0.79809			6
2026.04.07	01:15:28.826	0.79766				2
2026.04.07	01:15:29.130	0.79767	0.79805			6
2026.04.07	01:15:29.429	0.79770				2
2026.04.07	01:15:30.331	0.79768	0.79806			6
2026.04.07	01:15:31.535	0.79770				2
2026.04.07	01:15:32.430	0.79769	0.79808			6
2026.04.07	01:15:33.331	0.79770	0.79807			6
2026.04.07	01:15:35.435	0.79769	0.79808			6
2026.04.07	01:15:38.439	0.79770	0.79807			6
2026.04.07	01:15:39.039	0.79776				2
2026.04.07	01:15:39.343		0.79808			4
2026.04.07	01:15:39.941		0.79807			4
2026.04.07	01:15:40.241		0.79808			4
2026.04.07	01:15:41.441		0.79807			4
2026.04.07	01:15:41.744	0.79777				2
2026.04.07	01:15:49.253		0.79808			4
2026.04.07	01:15:50.155	0.79776				2
2026.04.07	01:15:52.562	0.79775				2
2026.04.07	01:15:52.857	0.79776				2
2026.04.07	01:15:54.357	0.79777				2
2026.04.07	01:16:00.072	0.79777				2
2026.04.07	01:16:01.273		0.79810			4
2026.04.07	01:16:01.571		0.79813			4
2026.04.07	01:16:03.375		0.79811			4
2026.04.07	01:16:04.278		0.79813			4
2026.04.07	01:16:09.988	0.79779	0.79811			6
2026.04.07	01:16:10.291	0.79778	0.79810			6
2026.04.07	01:16:11.187		0.79811			4
2026.04.07	01:16:11.787		0.79812			4
2026.04.07	01:16:13.292		0.79811			4
2026.04.07	01:16:13.590		0.79812			4
2026.04.07	01:16:15.389	0.79777	0.79813			6
2026.04.07	01:16:16.893	0.79779				2
2026.04.07	01:16:17.193	0.79780	0.79812			6
2026.04.07	01:16:17.500	0.79778	0.79811			6
2026.04.07	01:16:18.097	0.79774	0.79808			6
2026.04.07	01:16:18.398	0.79772	0.79809			6
2026.04.07	01:16:18.699		0.79810			4
2026.04.07	01:16:18.997	0.79779				2
2026.04.07	01:16:21.401	0.79777	0.79811			6
2026.04.07	01:16:21.705	0.79780	0.79812			6
2026.04.07	01:16:25.607	0.79779	0.79813			6
2026.04.07	01:16:27.716	0.79780	0.79812			6
2026.04.07	01:16:30.116	0.79779	0.79813			6
2026.04.07	01:16:30.419	0.79780	0.79812			6
2026.04.07	01:16:30.724	0.79778	0.79814			6
2026.04.07	01:16:33.127	0.79779	0.79813			6
2026.04.07	01:16:37.041	0.79778				2
2026.04.07	01:16:38.539	0.79777				2
2026.04.07	01:16:39.741	0.79778				2
2026.04.07	01:17:00.179	0.79778				2
2026.04.07	01:17:04.084	0.79779	0.79809			6
2026.04.07	01:17:04.382	0.79774	0.79806			6
2026.04.07	01:17:04.684		0.79804			4
2026.04.07	01:17:04.982		0.79805			4
2026.04.07	01:17:05.281	0.79773	0.79804			6
2026.04.07	01:17:05.582	0.79768				2
2026.04.07	01:17:05.880	0.79769	0.79803			6
2026.04.07	01:17:06.485		0.79804			4
2026.04.07	01:17:07.084	0.79768				2
2026.04.07	01:17:12.186	0.79765	0.79797			6
2026.04.07	01:17:13.990		0.79796			4
2026.04.07	01:17:18.501	0.79768				2
2026.04.07	01:17:18.799		0.79800			4
2026.04.07	01:17:29.930	0.79769	0.79799			6
2026.04.07	01:17:33.844	0.79770				2
2026.04.07	01:17:36.849	0.79769				2
2026.04.07	01:17:43.756	0.79770				2
2026.04.07	01:18:00.286	0.79770				2
2026.04.07	01:18:03.284	0.79766				2
2026.04.07	01:18:05.993	0.79763				2
2026.04.07	01:18:06.292	0.79766				2
2026.04.07	01:18:18.926	0.79767	0.79798			6
2026.04.07	01:18:23.735	0.79766	0.79799			6
2026.04.07	01:18:33.349	0.79767	0.79798			6
2026.04.07	01:18:37.853	0.79768	0.79797			6
2026.04.07	01:18:38.152	0.79756	0.79794			6
2026.04.07	01:18:38.453	0.79763				2
2026.04.07	01:18:39.955	0.79764	0.79797			6
2026.04.07	01:18:40.256	0.79763	0.79794			6
2026.04.07	01:18:40.556	0.79762	0.79795			6
2026.04.07	01:18:42.360	0.79761				2
2026.04.07	01:18:42.664	0.79754	0.79791			6
2026.04.07	01:18:45.071		0.79792			4
2026.04.07	01:18:47.780		0.79793			4
2026.04.07	01:18:48.081		0.79792			4
2026.04.07	01:18:56.811	0.79752				2
2026.04.07	01:18:58.619	0.79754				2
2026.04.07	01:19:00.122	0.79754				2
2026.04.07	01:19:00.427	0.79759	0.79793			6
2026.04.07	01:19:08.836	0.79757				2
2026.04.07	01:19:09.139	0.79759				2
2026.04.07	01:19:09.442	0.79760	0.79797			6
2026.04.07	01:19:15.148		0.79796			4
2026.04.07	01:19:16.048	0.79770	0.79789			6
2026.04.07	01:19:31.376		0.79788			4
2026.04.07	01:19:36.793	0.79771	0.79790			6
2026.04.07	01:19:41.298		0.79789			4
2026.04.07	01:20:00.245	0.79771				2
2026.04.07	01:20:01.145	0.79768	0.79787			6
2026.04.07	01:20:07.750	0.79771	0.79789			6
2026.04.07	01:20:10.452	0.79770	0.79787			6
2026.04.07	01:20:21.265		0.79788			4
2026.04.07	01:20:34.794	0.79771	0.79789			6
2026.04.07	01:20:35.393		0.79788			4
2026.04.07	01:20:42.599	0.79772	0.79790			6
2026.04.07	01:20:42.903		0.79789			4
2026.04.07	01:20:43.800	0.79774	0.79791			6
2026.04.07	01:20:44.400		0.79792			4
2026.04.07	01:20:48.615	0.79773	0.79790			6
2026.04.07	01:20:54.626	0.79775	0.79791			6
2026.04.07	01:21:00.038	0.79775				2
2026.04.07	01:21:24.374	0.79774	0.79792			6
2026.04.07	01:21:24.674	0.79775	0.79791			6
2026.04.07	01:21:37.603	0.79778	0.79794			6
2026.04.07	01:21:51.734	0.79776	0.79793			6
2026.04.07	01:21:54.737	0.79775	0.79792			6
2026.04.07	01:21:56.539	0.79776				2
2026.04.07	01:22:00.149	0.79776				2
2026.04.07	01:22:22.082		0.79791			4
2026.04.07	01:22:55.141	0.79775	0.79790			6
2026.04.07	01:22:58.148	0.79776	0.79791			6
2026.04.07	01:23:00.251	0.79776				2
2026.04.07	01:23:04.462	0.79780	0.79795			6
2026.04.07	01:23:06.557	0.79781	0.79797			6
2026.04.07	01:23:16.491	0.79783	0.79799			6
2026.04.07	01:23:26.101	0.79784	0.79800			6
2026.04.07	01:23:28.510	0.79785	0.79802			6
2026.04.07	01:23:31.210	0.79784	0.79801			6
2026.04.07	01:23:41.130		0.79800			4
2026.04.07	01:23:42.331	0.79782	0.79798			6
2026.04.07	01:23:42.933	0.79783	0.79799			6
2026.04.07	01:23:43.835	0.79785	0.79801			6
2026.04.07	01:23:44.139	0.79783	0.79800			6
2026.04.07	01:23:44.434	0.79784	0.79801			6
2026.04.07	01:23:45.041	0.79788	0.79805			6
2026.04.07	01:23:45.338	0.79784	0.79801			6
2026.04.07	01:23:46.238	0.79783	0.79800			6
2026.04.07	01:23:46.536	0.79782	0.79799			6
2026.04.07	01:23:48.943	0.79781	0.79798			6
2026.04.07	01:23:53.144	0.79787	0.79804			6
2026.04.07	01:23:53.751	0.79792	0.79809			6
2026.04.07	01:23:54.650	0.79791	0.79807			6
2026.04.07	01:23:55.243	0.79792	0.79808			6
2026.04.07	01:23:57.045	0.79791	0.79807			6
2026.04.07	01:23:57.348	0.79790	0.79806			6
2026.04.07	01:23:58.547	0.79788	0.79804			6
2026.04.07	01:23:59.153	0.79789	0.79806			6
2026.04.07	01:24:00.049	0.79789				2
2026.04.07	01:24:00.353	0.79788	0.79804			6
2026.04.07	01:24:02.455	0.79787	0.79803			6
2026.04.07	01:24:03.053	0.79788	0.79805			6
2026.04.07	01:24:14.465	0.79789	0.79806			6
2026.04.07	01:24:14.763		0.79805			4
2026.04.07	01:24:20.781		0.79806			4
2026.04.07	01:24:27.713	0.79792	0.79808			6
2026.04.07	01:24:28.606	0.79793	0.79809			6
2026.04.07	01:24:34.017	0.79792	0.79808			6
2026.04.07	01:24:38.826	0.79791	0.79807			6
2026.04.07	01:24:46.039	0.79789	0.79805			6
2026.04.07	01:24:54.142	0.79787	0.79804			6
2026.04.07	01:25:00.147	0.79786	0.79803			6
2026.04.07	01:25:04.055		0.79802			4
2026.04.07	01:25:16.676	0.79787	0.79803			6
2026.04.07	01:25:23.881	0.79790	0.79806			6
2026.04.07	01:25:35.289	0.79789	0.79805			6
2026.04.07	01:25:45.212	0.79788	0.79803			6
2026.04.07	01:25:55.136	0.79787	0.79804			6
2026.04.07	01:26:00.242	0.79787				2
2026.04.07	01:26:00.547	0.79786	0.79803			6
2026.04.07	01:26:04.750		0.79802			4
2026.04.07	01:26:07.449	0.79787	0.79803			6
2026.04.07	01:26:20.371	0.79786	0.79801			6
2026.04.07	01:26:21.871	0.79785				2
2026.04.07	01:26:40.803	0.79786	0.79802			6
2026.04.07	01:27:00.038	0.79786				2
2026.04.07	01:27:04.845		0.79801			4
2026.04.07	01:27:05.146		0.79800			4
2026.04.07	01:27:05.751	0.79787	0.79802			6
2026.04.07	01:27:09.053	0.79788				2
2026.04.07	01:27:10.552	0.79789				2
2026.04.07	01:27:10.853	0.79788				2
2026.04.07	01:27:17.156	0.79787				2
2026.04.07	01:27:18.958	0.79788				2
2026.04.07	01:27:27.374	0.79787				2
2026.04.07	01:27:28.277	0.79788	0.79804			6
2026.04.07	01:27:34.891	0.79789	0.79805			6
2026.04.07	01:27:35.183	0.79790	0.79806			6
2026.04.07	01:27:36.990	0.79789				2
2026.04.07	01:27:41.201	0.79790				2
2026.04.07	01:27:42.698	0.79789				2
2026.04.07	01:27:43.599	0.79790				2
2026.04.07	01:27:46.006	0.79789				2
2026.04.07	01:27:46.307	0.79790				2
2026.04.07	01:27:47.210	0.79789	0.79807			6
2026.04.07	01:27:47.510	0.79791	0.79808			6
2026.04.07	01:27:49.611	0.79792				2
2026.04.07	01:27:57.732	0.79791	0.79807			6
2026.04.07	01:28:00.137	0.79791				2
2026.04.07	01:28:07.949	0.79790				2
2026.04.07	01:28:22.383	0.79789	0.79806			6
2026.04.07	01:28:32.603	0.79791				2
2026.04.07	01:28:34.708	0.79790				2
2026.04.07	01:28:53.041	0.79789				2
2026.04.07	01:28:53.944	0.79790				2
2026.04.07	01:29:00.250	0.79790				2
2026.04.07	01:29:22.499		0.79806			4
2026.04.07	01:29:26.407	0.79789				2
2026.04.07	01:29:35.433		0.79805			4
2026.04.07	01:29:39.338	0.79788				2
2026.04.07	01:29:51.355	0.79786	0.79800			6
2026.04.07	01:29:51.657	0.79785				2
2026.04.07	01:30:00.097	0.79785				2
2026.04.07	01:30:00.389	0.79786	0.79803			6
2026.04.07	01:30:01.298	0.79780	0.79796			6
2026.04.07	01:30:02.493	0.79789	0.79792			6
2026.04.07	01:30:04.898	0.79780	0.79796			6
2026.04.07	01:30:11.215		0.79797			4
2026.04.07	01:30:23.536	0.79779	0.79795			6
2026.04.07	01:30:24.138	0.79780	0.79796			6
2026.04.07	01:30:24.738	0.79781	0.79797			6
2026.04.07	01:30:45.756	0.79782				2
2026.04.07	01:30:50.862	0.79781				2
2026.04.07	01:30:58.682	0.79782				2
2026.04.07	01:30:58.982	0.79784	0.79799			6
2026.04.07	01:31:00.185	0.79784				2
2026.04.07	01:31:04.693	0.79782				2
2026.04.07	01:31:11.303	0.79781	0.79798			6
2026.04.07	01:31:11.911	0.79780	0.79796			6
2026.04.07	01:31:14.015	0.79781	0.79797			6
2026.04.07	01:31:17.029	0.79786	0.79801			6
2026.04.07	01:31:28.739	0.79785				2
2026.04.07	01:31:35.342	0.79786				2
2026.04.07	01:31:38.345	0.79785				2
2026.04.07	01:31:41.350	0.79786				2
2026.04.07	01:31:42.546	0.79785	0.79799			6
2026.04.07	01:31:59.058	0.79786				2
2026.04.07	01:31:59.657		0.79803			4
2026.04.07	01:32:00.259	0.79786				2
2026.04.07	01:32:02.962	0.79796				2
2026.04.07	01:32:03.263	0.79786	0.79800			6
2026.04.07	01:32:03.561	0.79796	0.79803			6
2026.04.07	01:32:03.866	0.79786	0.79800			6
2026.04.07	01:32:04.468	0.79796	0.79803			6
2026.04.07	01:32:04.762	0.79786	0.79801			6
2026.04.07	01:32:05.066	0.79796	0.79802			6
2026.04.07	01:32:05.365	0.79786	0.79799			6
2026.04.07	01:32:05.666	0.79795	0.79802			6
2026.04.07	01:32:05.966	0.79786	0.79799			6
2026.04.07	01:32:06.267	0.79795	0.79802			6
2026.04.07	01:32:06.565	0.79786	0.79799			6
2026.04.07	01:32:06.868		0.79802			4
2026.04.07	01:32:08.367	0.79787				2
2026.04.07	01:32:09.266	0.79789	0.79803			6
2026.04.07	01:32:10.466	0.79790				2
2026.04.07	01:32:11.068	0.79789				2
2026.04.07	01:32:11.665	0.79791				2
2026.04.07	01:32:12.867	0.79789				2
2026.04.07	01:32:15.870		0.79804			4
2026.04.07	01:32:17.073	0.79790				2
2026.04.07	01:32:17.372	0.79789	0.79805			6
2026.04.07	01:32:24.279	0.79787	0.79804			6
2026.04.07	01:32:25.784	0.79786				2
2026.04.07	01:32:39.599	0.79787				2
2026.04.07	01:32:54.945	0.79789				2
2026.04.07	01:33:00.045	0.79789				2
2026.04.07	01:33:05.151		0.79805			4
2026.04.07	01:34:00.141	0.79789				2
2026.04.07	01:34:05.240		0.79805			4
2026.04.07	01:34:34.673	0.79788	0.79804			6
2026.04.07	01:35:00.205	0.79788				2
2026.04.07	01:35:08.916	0.79789				2
2026.04.07	01:35:09.210		0.79805			4
2026.04.07	01:35:25.738	0.79787	0.79803			6
2026.04.07	01:35:30.848	0.79786	0.79799			6
2026.04.07	01:35:31.149		0.79800			4
2026.04.07	01:35:31.448		0.79799			4
2026.04.07	01:35:31.746	0.79785				2
2026.04.07	01:35:34.152	0.79786				2
2026.04.07	01:35:39.551	0.79790	0.79801			6
2026.04.07	01:35:40.462		0.79802			4
2026.04.07	01:35:40.758	0.79791	0.79804			6
2026.04.07	01:35:42.558	0.79790	0.79803			6
2026.04.07	01:35:52.175	0.79789				2
2026.04.07	01:35:52.776	0.79784	0.79800			6
2026.04.07	01:36:00.290	0.79784				2
2026.04.07	01:36:03.892	0.79783	0.79801			6
2026.04.07	01:36:05.693	0.79785				2
2026.04.07	01:36:09.598	0.79783	0.79799			6
2026.04.07	01:36:09.902		0.79800			4
2026.04.07	01:36:17.713	0.79785				2
2026.04.07	01:36:20.123	0.79787	0.79801			6
2026.04.07	01:36:21.927	0.79788	0.79804			6
2026.04.07	01:36:22.223	0.79789	0.79805			6
2026.04.07	01:37:00.070	0.79789				2
2026.04.07	01:37:06.679		0.79804			4
2026.04.07	01:37:11.485		0.79805			4
2026.04.07	01:37:13.593		0.79804			4
2026.04.07	01:37:16.595		0.79805			4
2026.04.07	01:37:37.341		0.79804			4
2026.04.07	01:38:00.168	0.79789				2
2026.04.07	01:38:06.778	0.79787	0.79802			6
2026.04.07	01:38:30.525		0.79803			4
2026.04.07	01:39:00.251	0.79787				2
2026.04.07	01:39:11.372	0.79786	0.79802			6
2026.04.07	01:39:12.270	0.79787	0.79803			6
2026.04.07	01:39:17.082	0.79789	0.79804			6
2026.04.07	01:39:30.320		0.79803			4
2026.04.07	01:39:33.020		0.79804			4
2026.04.07	01:39:33.620		0.79803			4
2026.04.07	01:39:35.122		0.79804			4
2026.04.07	01:39:35.422		0.79803			4
2026.04.07	01:39:37.226		0.79804			4
2026.04.07	01:39:37.525		0.79803			4
2026.04.07	01:39:37.825		0.79804			4
2026.04.07	01:39:38.124		0.79803			4
2026.04.07	01:39:39.025		0.79804			4
2026.04.07	01:39:39.627		0.79803			4
2026.04.07	01:39:40.527		0.79804			4
2026.04.07	01:39:42.030		0.79803			4
2026.04.07	01:39:42.926	0.79788				2
2026.04.07	01:40:00.047	0.79788				2
2026.04.07	01:40:17.456		0.79802			4
2026.04.07	01:40:19.262		0.79803			4
2026.04.07	01:40:20.166	0.79785	0.79799			6
2026.04.07	01:40:20.466	0.79786	0.79802			6
2026.04.07	01:41:00.152	0.79786				2
2026.04.07	01:41:03.455		0.79801			4
2026.04.07	01:41:04.051		0.79800			4
2026.04.07	01:41:05.853		0.79801			4
2026.04.07	01:41:30.225	0.79784	0.79800			6
2026.04.07	01:41:50.656		0.79799			4
2026.04.07	01:41:51.852		0.79800			4
2026.04.07	01:41:53.654		0.79799			4
2026.04.07	01:42:00.272	0.79784				2
2026.04.07	01:42:09.287		0.79800			4
2026.04.07	01:42:35.141	0.79785	0.79801			6
2026.04.07	01:42:52.573		0.79800			4
2026.04.07	01:42:57.994		0.79801			4
2026.04.07	01:43:00.102	0.79785				2
2026.04.07	01:43:02.507		0.79800			4
2026.04.07	01:43:03.410	0.79784				2
2026.04.07	01:43:05.516	0.79783	0.79798			6
2026.04.07	01:44:00.238	0.79783				2
2026.04.07	01:44:00.539		0.79801			4
2026.04.07	01:44:02.040		0.79798			4
2026.04.07	01:44:14.054	0.79784	0.79799			6
2026.04.07	01:44:14.356	0.79786	0.79801			6
2026.04.07	01:44:22.172	0.79787	0.79802			6
2026.04.07	01:44:47.131	0.79788	0.79803			6
2026.04.07	01:44:52.545	0.79787	0.79802			6
2026.04.07	01:44:59.754	0.79788	0.79803			6
2026.04.07	01:45:00.058	0.79788				2
2026.04.07	01:45:00.353	0.79789				2
2026.04.07	01:45:00.654		0.79804			4
2026.04.07	01:45:01.556	0.79788	0.79802			6
2026.04.07	01:45:01.856		0.79803			4
2026.04.07	01:45:02.754		0.79802			4
2026.04.07	01:45:03.053	0.79790	0.79804			6
2026.04.07	01:45:03.355	0.79788	0.79803			6
2026.04.07	01:45:03.954	0.79789	0.79804			6
2026.04.07	01:45:05.458	0.79793	0.79808			6
2026.04.07	01:45:16.130	0.79792	0.79806			6
2026.04.07	01:45:16.737	0.79793				2
2026.04.07	01:45:24.740	0.79792				2
2026.04.07	01:45:25.343	0.79793				2
2026.04.07	01:45:59.336	0.79792				2
2026.04.07	01:46:00.209	0.79792				2
2026.04.07	01:46:03.363	0.79790	0.79805			6
2026.04.07	01:46:03.664	0.79791	0.79803			6
2026.04.07	01:46:05.124	0.79790	0.79804			6
2026.04.07	01:46:07.437	0.79791				2
2026.04.07	01:46:07.737		0.79803			4
2026.04.07	01:46:16.736		0.79804			4
2026.04.07	01:46:23.901		0.79803			4
2026.04.07	01:46:42.152	0.79789	0.79800			6
2026.04.07	01:46:56.823		0.79801			4
2026.04.07	01:46:57.421		0.79802			4
2026.04.07	01:46:58.437	0.79790				2
2026.04.07	01:47:00.525	0.79790				2
2026.04.07	01:47:02.336		0.79801			4
2026.04.07	01:47:21.388	0.79789				2
2026.04.07	01:47:24.237	0.79790				2
2026.04.07	01:47:39.237	0.79789				2
2026.04.07	01:47:40.463	0.79790				2
2026.04.07	01:47:40.763	0.79791	0.79802			6
2026.04.07	01:47:42.286		0.79803			4
2026.04.07	01:47:45.533	0.79790				2
2026.04.07	01:47:45.832	0.79789	0.79800			6
2026.04.07	01:47:46.135		0.79801			4
2026.04.07	01:47:46.434		0.79800			4
2026.04.07	01:47:48.169	0.79788	0.79801			6
2026.04.07	01:47:48.470		0.79800			4
2026.04.07	01:47:49.163	0.79789				2
2026.04.07	01:48:04.437	0.79789				2
2026.04.07	01:48:08.314	0.79788				2
2026.04.07	01:48:08.637		0.79801			4
2026.04.07	01:48:14.050		0.79802			4
2026.04.07	01:48:15.537		0.79801			4
2026.04.07	01:48:18.837		0.79802			4
2026.04.07	01:48:20.315		0.79801			4
2026.04.07	01:48:37.139		0.79802			4
2026.04.07	01:48:39.237		0.79801			4
2026.04.07	01:48:45.787	0.79787				2
2026.04.07	01:48:46.911		0.79798			4
2026.04.07	01:48:50.063		0.79797			4
2026.04.07	01:48:51.602		0.79798			4
2026.04.07	01:48:55.136		0.79797			4
2026.04.07	01:48:58.437		0.79798			4
2026.04.07	01:49:01.088	0.79787				2
2026.04.07	01:49:03.529	0.79786				2
2026.04.07	01:49:04.241	0.79785	0.79797			6
2026.04.07	01:49:05.937		0.79798			4
2026.04.07	01:49:08.618		0.79797			4
2026.04.07	01:49:10.139		0.79798			4
2026.04.07	01:49:14.638	0.79786	0.79801			6
2026.04.07	01:49:15.238	0.79787	0.79802			6
2026.04.07	01:49:19.436		0.79801			4
2026.04.07	01:49:26.938		0.79802			4
2026.04.07	01:49:29.337		0.79801			4
2026.04.07	01:50:01.077	0.79787				2
2026.04.07	01:50:02.336	0.79788				2
2026.04.07	01:50:03.251	0.79787				2
2026.04.07	01:50:03.551		0.79802			4
2026.04.07	01:50:06.537		0.79801			4
2026.04.07	01:50:17.225	0.79785	0.79799			6
2026.04.07	01:50:17.826	0.79784				2
2026.04.07	01:50:18.126		0.79798			4
2026.04.07	01:50:19.740		0.79799			4
2026.04.07	01:50:20.501		0.79798			4
2026.04.07	01:50:22.945	0.79785	0.79799			6
2026.04.07	01:50:26.338		0.79798			4
2026.04.07	01:50:29.450	0.79787	0.79801			6
2026.04.07	01:50:45.836	0.79788				2
2026.04.07	01:50:52.437	0.79787				2
2026.04.07	01:51:00.687	0.79787				2
2026.04.07	01:51:06.364		0.79800			4
2026.04.07	01:51:06.664	0.79786	0.79802			6
2026.04.07	01:51:07.736	0.79787				2
2026.04.07	01:51:08.037		0.79800			4
2026.04.07	01:51:19.437		0.79801			4
2026.04.07	01:51:45.237	0.79788				2
2026.04.07	01:51:45.538		0.79800			4
2026.04.07	01:52:01.984	0.79788				2
2026.04.07	01:52:06.813		0.79799			4
2026.04.07	01:52:08.336		0.79800			4
2026.04.07	01:52:09.861	0.79789				2
2026.04.07	01:52:10.603	0.79791	0.79802			6
2026.04.07	01:52:11.936		0.79803			4
2026.04.07	01:52:19.179	0.79792				2
2026.04.07	01:52:22.737		0.79802			4
2026.04.07	01:52:28.075		0.79803			4
2026.04.07	01:52:30.920		0.79802			4
2026.04.07	01:52:31.220		0.79803			4
2026.04.07	01:52:31.594		0.79802			4
2026.04.07	01:52:50.397		0.79804			4
2026.04.07	01:52:59.338		0.79803			4
2026.04.07	01:53:02.985	0.79792				2
2026.04.07	01:53:03.287	0.79790	0.79802			6
2026.04.07	01:53:07.751	0.79791	0.79800			6
2026.04.07	01:53:08.051		0.79802			4
2026.04.07	01:53:10.437		0.79801			4
2026.04.07	01:53:10.737		0.79802			4
2026.04.07	01:53:12.836	0.79792				2
2026.04.07	01:53:14.938	0.79791				2
2026.04.07	01:53:17.208	0.79792				2
2026.04.07	01:53:19.137		0.79803			4
2026.04.07	01:53:20.937	0.79791				2
2026.04.07	01:53:40.613	0.79788	0.79802			6
2026.04.07	01:53:41.663	0.79789				2
2026.04.07	01:53:41.963	0.79791				2
2026.04.07	01:53:51.521	0.79792	0.79806			6
2026.04.07	01:53:53.937		0.79807			4
2026.04.07	01:53:58.127		0.79806			4
2026.04.07	01:53:58.428		0.79805			4
2026.04.07	01:53:58.728		0.79806			4
2026.04.07	01:54:00.326	0.79792				2
2026.04.07	01:54:03.896		0.79802			4
2026.04.07	01:54:05.037	0.79791				2
2026.04.07	01:54:05.337		0.79803			4
2026.04.07	01:54:26.936		0.79804			4
2026.04.07	01:54:29.637		0.79803			4
2026.04.07	01:54:32.036		0.79804			4
2026.04.07	01:54:46.136	0.79792				2
2026.04.07	01:54:46.437		0.79803			4
2026.04.07	01:54:47.983	0.79791				2
2026.04.07	01:54:48.284		0.79804			4
2026.04.07	01:54:50.036	0.79792				2
2026.04.07	01:54:50.337		0.79803			4
2026.04.07	01:54:54.537	0.79791				2
2026.04.07	01:54:54.839		0.79804			4
2026.04.07	01:55:02.927	0.79791				2
2026.04.07	01:55:04.136		0.79803			4
2026.04.07	01:55:41.337	0.79792				2
2026.04.07	01:55:49.291	0.79791				2
2026.04.07	01:55:49.594	0.79792				2
2026.04.07	01:56:00.237	0.79792				2
2026.04.07	01:56:02.939	0.79794	0.79807			6
2026.04.07	01:56:09.670	0.79795	0.79806			6
2026.04.07	01:56:11.640		0.79807			4
2026.04.07	01:56:13.383	0.79797	0.79809			6
2026.04.07	01:56:14.478		0.79808			4
2026.04.07	01:56:15.351	0.79796	0.79809			6
2026.04.07	01:56:17.382		0.79808			4
2026.04.07	01:56:18.851		0.79807			4
2026.04.07	01:56:19.151	0.79797	0.79809			6
2026.04.07	01:56:20.920	0.79798	0.79810			6
2026.04.07	01:56:29.943	0.79799				2
2026.04.07	01:56:30.244	0.79798				2
2026.04.07	01:56:31.184	0.79799				2
2026.04.07	01:56:32.636	0.79798				2
2026.04.07	01:56:37.079	0.79799				2
2026.04.07	01:56:38.584	0.79798				2
2026.04.07	01:56:38.886	0.79797	0.79811			6
2026.04.07	01:56:39.940	0.79798				2
2026.04.07	01:56:41.886	0.79797				2
2026.04.07	01:56:47.753	0.79796	0.79809			6
2026.04.07	01:56:55.842	0.79794				2
2026.04.07	01:57:02.056	0.79794				2
2026.04.07	01:57:03.269	0.79793	0.79808			6
2026.04.07	01:57:04.170	0.79794	0.79809			6
2026.04.07	01:57:08.502	0.79793	0.79808			6
2026.04.07	01:57:11.450	0.79792	0.79806			6
2026.04.07	01:57:12.237	0.79791				2
2026.04.07	01:57:12.539		0.79805			4
2026.04.07	01:57:15.841	0.79792				2
2026.04.07	01:57:18.237	0.79791				2
2026.04.07	01:57:22.249	0.79792	0.79806			6
2026.04.07	01:57:29.637	0.79791				2
2026.04.07	01:57:29.937		0.79805			4
2026.04.07	01:57:34.302	0.79793	0.79808			6
2026.04.07	01:58:01.136	0.79793				2
2026.04.07	01:58:11.464	0.79794				2
2026.04.07	01:58:14.036		0.79807			4
2026.04.07	01:58:16.737		0.79808			4
2026.04.07	01:58:20.037		0.79807			4
2026.04.07	01:58:22.608		0.79808			4
2026.04.07	01:58:25.716		0.79807			4
2026.04.07	01:58:31.408	0.79791	0.79805			6
2026.04.07	01:58:33.158	0.79792				2
2026.04.07	01:58:44.096	0.79794	0.79807			6
2026.04.07	01:59:01.673	0.79794				2
2026.04.07	01:59:01.971		0.79808			4
2026.04.07	01:59:03.553	0.79795				2
2026.04.07	01:59:04.281		0.79807			4
2026.04.07	01:59:04.581	0.79793				2
2026.04.07	01:59:06.244	0.79794				2
2026.04.07	01:59:51.221		0.79808			4
2026.04.07	01:59:51.521		0.79809			4
2026.04.07	01:59:54.815	0.79796				2
2026.04.07	01:59:55.116		0.79807			4
2026.04.07	02:00:00.077	0.79796				2
2026.04.07	02:00:02.486	0.79795				2
2026.04.07	02:00:05.038	0.79796				2
2026.04.07	02:00:05.340	0.79797				2
2026.04.07	02:00:05.639	0.79798	0.79808			6
2026.04.07	02:00:06.536	0.79799				2
2026.04.07	02:00:10.064	0.79798	0.79809			6
2026.04.07	02:00:12.647	0.79793	0.79803			6
2026.04.07	02:00:12.946		0.79804			4
2026.04.07	02:00:13.246		0.79803			4
2026.04.07	02:00:14.067		0.79805			4
2026.04.07	02:00:14.367		0.79803			4
2026.04.07	02:00:15.011		0.79805			4
2026.04.07	02:00:18.085		0.79803			4
2026.04.07	02:00:18.837		0.79804			4
2026.04.07	02:00:27.313		0.79803			4
2026.04.07	02:00:32.731	0.79796	0.79806			6
2026.04.07	02:00:35.636		0.79805			4
2026.04.07	02:00:38.937	0.79795				2
2026.04.07	02:00:55.221		0.79804			4
2026.04.07	02:00:56.909	0.79796	0.79805			6
2026.04.07	02:00:59.038	0.79795				2
2026.04.07	02:00:59.338		0.79806			4
2026.04.07	02:01:03.487	0.79794				2
2026.04.07	02:01:03.787	0.79793	0.79803			6
2026.04.07	02:01:06.536		0.79802			4
2026.04.07	02:01:10.148		0.79804			4
2026.04.07	02:01:10.448		0.79803			4
2026.04.07	02:01:10.748	0.79794	0.79804			6
2026.04.07	02:01:15.453		0.79806			4
2026.04.07	02:01:17.355		0.79805			4
2026.04.07	02:01:19.356	0.79792	0.79804			6
2026.04.07	02:01:20.291		0.79803			4
2026.04.07	02:01:20.591	0.79791	0.79800			6
2026.04.07	02:01:21.191		0.79798			4
2026.04.07	02:01:25.513	0.79792				2
2026.04.07	02:01:27.237	0.79791				2
2026.04.07	02:01:27.537		0.79799			4
2026.04.07	02:01:29.937		0.79798			4
2026.04.07	02:01:30.237	0.79792	0.79802			6
2026.04.07	02:01:30.537		0.79798			4
2026.04.07	02:01:34.137	0.79791				2
2026.04.07	02:01:34.437		0.79799			4
2026.04.07	02:01:37.168	0.79792	0.79803			6
2026.04.07	02:01:39.104	0.79795	0.79805			6
2026.04.07	02:01:52.317		0.79804			4
2026.04.07	02:01:56.337		0.79805			4
2026.04.07	02:02:00.805	0.79795				2
2026.04.07	02:02:02.897		0.79804			4
2026.04.07	02:02:07.390		0.79805			4
2026.04.07	02:02:07.706		0.79804			4
2026.04.07	02:02:09.628		0.79805			4
2026.04.07	02:02:15.084	0.79800	0.79801			6
2026.04.07	02:02:17.791	0.79796	0.79805			6
2026.04.07	02:02:18.601		0.79804			4
2026.04.07	02:02:23.636		0.79805			4
2026.04.07	02:02:25.639		0.79807			4
2026.04.07	02:02:29.469		0.79806			4
2026.04.07	02:02:29.769		0.79807			4
2026.04.07	02:02:30.783		0.79805			4
2026.04.07	02:02:36.838	0.79795	0.79803			6
2026.04.07	02:02:37.137		0.79804			4
2026.04.07	02:02:38.415		0.79805			4
2026.04.07	02:02:42.237		0.79806			4
2026.04.07	02:02:43.079	0.79796				2
2026.04.07	02:02:43.379		0.79804			4
2026.04.07	02:02:47.951	0.79795				2
2026.04.07	02:02:48.250		0.79805			4
2026.04.07	02:03:01.985	0.79795				2
2026.04.07	02:03:02.681		0.79804			4
2026.04.07	02:03:02.982		0.79805			4
2026.04.07	02:03:16.137		0.79806			4
2026.04.07	02:03:23.625		0.79805			4
2026.04.07	02:03:24.225	0.79799				2
2026.04.07	02:03:24.525	0.79795	0.79803			6
2026.04.07	02:03:24.825	0.79799	0.79805			6
2026.04.07	02:03:25.126	0.79795	0.79803			6
2026.04.07	02:03:25.426	0.79799	0.79805			6
2026.04.07	02:03:25.725	0.79795	0.79803			6
2026.04.07	02:03:26.026	0.79799	0.79805			6
2026.04.07	02:03:26.327	0.79795	0.79803			6
2026.04.07	02:03:26.626	0.79799	0.79805			6
2026.04.07	02:03:26.928	0.79795	0.79803			6
2026.04.07	02:03:27.228	0.79799	0.79805			6
2026.04.07	02:03:27.528	0.79795	0.79803			6
2026.04.07	02:03:27.829		0.79805			4
2026.04.07	02:03:28.878		0.79806			4
2026.04.07	02:03:30.006		0.79805			4
2026.04.07	02:03:30.482		0.79806			4
2026.04.07	02:03:33.237		0.79805			4
2026.04.07	02:03:58.081	0.79792	0.79803			6
2026.04.07	02:04:00.313	0.79792				2
2026.04.07	02:04:11.637		0.79802			4
2026.04.07	02:04:20.037	0.79793				2
2026.04.07	02:04:47.237		0.79803			4
2026.04.07	02:04:47.535		0.79805			4
2026.04.07	02:04:53.272	0.79792				2
2026.04.07	02:04:56.937	0.79793				2
2026.04.07	02:05:02.636	0.79792				2
2026.04.07	02:05:03.729		0.79802			4
2026.04.07	02:05:04.028		0.79805			4
2026.04.07	02:05:05.026		0.79802			4
2026.04.07	02:05:05.629	0.79793	0.79801			6
2026.04.07	02:05:06.442	0.79792	0.79800			6
2026.04.07	02:05:16.417	0.79793	0.79802			6
2026.04.07	02:05:17.612	0.79792				2
2026.04.07	02:05:17.912		0.79801			4
2026.04.07	02:05:18.515		0.79802			4
2026.04.07	02:05:33.202	0.79793				2
2026.04.07	02:05:33.502	0.79794	0.79806			6
2026.04.07	02:05:38.036	0.79795				2
2026.04.07	02:05:38.337		0.79805			4
2026.04.07	02:05:46.676		0.79804			4
2026.04.07	02:06:01.087	0.79795				2
2026.04.07	02:06:01.387	0.79796	0.79805			6
2026.04.07	02:06:03.525	0.79798	0.79807			6
2026.04.07	02:06:04.124	0.79799	0.79808			6
2026.04.07	02:06:05.771		0.79807			4
2026.04.07	02:06:10.518	0.79798				2
2026.04.07	02:06:17.330	0.79799				2
2026.04.07	02:06:23.037	0.79800				2
2026.04.07	02:06:24.736	0.79798				2
2026.04.07	02:06:25.036	0.79800				2
2026.04.07	02:06:38.816	0.79798				2
2026.04.07	02:06:42.837	0.79799				2
2026.04.07	02:06:43.138		0.79806			4
2026.04.07	02:06:45.041	0.79798				2
2026.04.07	02:06:45.341	0.79799				2
2026.04.07	02:06:47.909		0.79807			4
2026.04.07	02:06:53.450	0.79800				2
2026.04.07	02:06:53.750		0.79806			4
2026.04.07	02:06:54.736	0.79796	0.79805			6
2026.04.07	02:06:56.492	0.79798	0.79807			6
2026.04.07	02:06:58.432		0.79806			4
2026.04.07	02:07:01.089	0.79798	0.79807			6
2026.04.07	02:07:01.690	0.79799				2
2026.04.07	02:07:23.209	0.79801	0.79809			6
2026.04.07	02:07:24.401		0.79811			4
2026.04.07	02:07:28.736		0.79810			4
2026.04.07	02:07:37.372	0.79802				2
2026.04.07	02:07:37.672		0.79811			4
2026.04.07	02:07:46.737		0.79810			4
2026.04.07	02:07:49.682		0.79811			4
2026.04.07	02:07:57.863		0.79813			4
2026.04.07	02:07:59.037	0.79803				2
2026.04.07	02:07:59.338	0.79800	0.79811			6
2026.04.07	02:08:00.106	0.79800				2
2026.04.07	02:08:00.716		0.79810			4
2026.04.07	02:08:03.778		0.79808			4
2026.04.07	02:08:05.037	0.79799				2
2026.04.07	02:08:12.775	0.79798	0.79807			6
2026.04.07	02:08:14.690		0.79808			4
2026.04.07	02:08:16.049	0.79797	0.79807			6
2026.04.07	02:08:16.346		0.79806			4
2026.04.07	02:08:16.983		0.79807			4
2026.04.07	02:08:17.284		0.79806			4
2026.04.07	02:08:23.116		0.79807			4
2026.04.07	02:08:23.416		0.79806			4
2026.04.07	02:08:36.203	0.79795	0.79805			6
2026.04.07	02:08:59.337		0.79806			4
2026.04.07	02:09:00.827	0.79795				2
2026.04.07	02:09:01.127	0.79797	0.79807			6
2026.04.07	02:09:03.237	0.79798				2
2026.04.07	02:09:05.526		0.79806			4
2026.04.07	02:09:09.538		0.79807			4
2026.04.07	02:09:13.591		0.79806			4
2026.04.07	02:09:20.443	0.79797	0.79804			6
2026.04.07	02:09:24.236	0.79796				2
2026.04.07	02:09:24.538		0.79805			4
2026.04.07	02:09:53.465	0.79795	0.79804			6
2026.04.07	02:10:00.238	0.79795				2
2026.04.07	02:10:01.387		0.79805			4
2026.04.07	02:10:02.450		0.79804			4
2026.04.07	02:10:02.750		0.79805			4
2026.04.07	02:10:10.437		0.79804			4
2026.04.07	02:10:10.738		0.79805			4
2026.04.07	02:10:14.071		0.79804			4
2026.04.07	02:10:14.371		0.79805			4
2026.04.07	02:10:17.772		0.79804			4
2026.04.07	02:10:18.072		0.79805			4
2026.04.07	02:10:24.098		0.79804			4
2026.04.07	02:10:26.071	0.79794	0.79803			6
2026.04.07	02:10:56.091		0.79804			4
2026.04.07	02:10:58.483		0.79803			4
2026.04.07	02:11:02.914	0.79794	0.79804			6
2026.04.07	02:11:06.399		0.79803			4
2026.04.07	02:11:06.699		0.79804			4
2026.04.07	02:11:26.958		0.79803			4
2026.04.07	02:11:40.871	0.79795	0.79805			6
2026.04.07	02:11:47.938		0.79804			4
2026.04.07	02:11:55.745		0.79805			4
2026.04.07	02:12:00.328	0.79795				2
2026.04.07	02:12:00.629		0.79804			4
2026.04.07	02:12:03.093		0.79805			4
2026.04.07	02:12:05.780		0.79804			4
2026.04.07	02:12:08.249	0.79796				2
2026.04.07	02:12:32.265	0.79797	0.79806			6
2026.04.07	02:12:42.391		0.79805			4
2026.04.07	02:12:48.537		0.79804			4
2026.04.07	02:13:00.237	0.79797				2
2026.04.07	02:13:15.977		0.79805			4
2026.04.07	02:13:42.603	0.79796	0.79806			6
2026.04.07	02:13:44.706	0.79797	0.79805			6
2026.04.07	02:13:52.050	0.79796				2
2026.04.07	02:13:52.350	0.79795	0.79804			6
2026.04.07	02:13:52.650	0.79796				2
2026.04.07	02:13:56.471		0.79805			4
2026.04.07	02:13:59.722		0.79804			4
2026.04.07	02:14:00.489	0.79796				2
2026.04.07	02:14:08.937		0.79805			4
2026.04.07	02:14:34.609	0.79795				2
2026.04.07	02:14:38.037	0.79796				2
2026.04.07	02:14:53.204	0.79794	0.79803			6
2026.04.07	02:14:59.097	0.79795				2
2026.04.07	02:14:59.395		0.79804			4
2026.04.07	02:15:00.012	0.79795				2
2026.04.07	02:15:01.881		0.79803			4
2026.04.07	02:15:02.182		0.79804			4
2026.04.07	02:15:04.221	0.79793	0.79802			6
2026.04.07	02:15:09.101		0.79801			4
2026.04.07	02:15:11.345		0.79802			4
2026.04.07	02:15:11.909		0.79801			4
2026.04.07	02:15:12.209		0.79802			4
2026.04.07	02:15:16.299		0.79801			4
2026.04.07	02:15:16.600		0.79802			4
2026.04.07	02:15:22.065	0.79794				2
2026.04.07	02:15:22.662		0.79801			4
2026.04.07	02:15:26.963	0.79793				2
2026.04.07	02:15:27.263		0.79802			4
2026.04.07	02:15:44.360	0.79794				2
2026.04.07	02:15:45.192	0.79795	0.79805			6
2026.04.07	02:15:54.237	0.79796				2
2026.04.07	02:16:04.387	0.79795				2
2026.04.07	02:16:04.689	0.79794	0.79801			6
2026.04.07	02:16:05.742	0.79793				2
2026.04.07	02:16:10.218		0.79802			4
2026.04.07	02:16:10.876		0.79801			4
2026.04.07	02:16:15.625		0.79802			4
2026.04.07	02:16:19.739		0.79801			4
2026.04.07	02:16:20.923		0.79802			4
2026.04.07	02:16:21.224		0.79801			4
2026.04.07	02:16:21.524		0.79802			4
2026.04.07	02:16:24.978		0.79801			4
2026.04.07	02:16:26.717		0.79802			4
2026.04.07	02:16:27.017		0.79801			4
2026.04.07	02:16:36.237		0.79802			4
2026.04.07	02:16:43.323	0.79794				2
2026.04.07	02:16:43.621		0.79801			4
2026.04.07	02:16:48.236	0.79793				2
2026.04.07	02:16:54.103	0.79794	0.79800			6
2026.04.07	02:17:04.410	0.79794				2
2026.04.07	02:17:08.548	0.79796	0.79803			6
2026.04.07	02:17:11.937	0.79797				2
2026.04.07	02:17:16.227	0.79796	0.79804			6
2026.04.07	02:17:24.237	0.79797				2
2026.04.07	02:17:34.136	0.79796				2
2026.04.07	02:17:36.540		0.79803			4
2026.04.07	02:17:36.839	0.79795				2
2026.04.07	02:17:42.644	0.79796				2
2026.04.07	02:17:42.944	0.79795				2
2026.04.07	02:17:43.623	0.79796				2
2026.04.07	02:17:50.165	0.79795				2
2026.04.07	02:17:50.465	0.79796				2
2026.04.07	02:17:50.765	0.79795				2
2026.04.07	02:17:56.298	0.79796				2
2026.04.07	02:18:00.895	0.79796				2
2026.04.07	02:18:04.038	0.79794	0.79801			6
2026.04.07	02:18:19.977	0.79797	0.79804			6
2026.04.07	02:18:36.836	0.79796				2
2026.04.07	02:19:01.087	0.79796				2
2026.04.07	02:19:30.236		0.79804			4
2026.04.07	02:20:00.293	0.79796				2
2026.04.07	02:20:04.728	0.79794	0.79801			6
2026.04.07	02:20:36.554	0.79795				2
2026.04.07	02:20:46.165		0.79802			4
2026.04.07	02:20:47.749	0.79796				2
2026.04.07	02:20:56.673		0.79803			4
2026.04.07	02:21:04.708	0.79796				2
2026.04.07	02:21:06.677		0.79804			4
2026.04.07	02:21:09.211	0.79799	0.79806			6
2026.04.07	02:21:13.197	0.79797	0.79804			6
2026.04.07	02:21:59.639	0.79799	0.79805			6
2026.04.07	02:22:02.036	0.79799				2
2026.04.07	02:22:18.236	0.79798				2
2026.04.07	02:22:29.849	0.79800	0.79806			6
2026.04.07	02:22:33.171	0.79803	0.79809			6
2026.04.07	02:22:33.471		0.79810			4
2026.04.07	02:22:35.620		0.79809			4
2026.04.07	02:22:49.043		0.79810			4
2026.04.07	02:22:57.222	0.79804				2
2026.04.07	02:22:57.523		0.79809			4
2026.04.07	02:23:01.152	0.79804				2
2026.04.07	02:23:06.881	0.79803				2
2026.04.07	02:23:34.245	0.79802				2
2026.04.07	02:23:34.543	0.79803				2
2026.04.07	02:24:00.819	0.79803	0.79809			6
2026.04.07	02:24:03.752	0.79805	0.79811			6
2026.04.07	02:24:05.442	0.79804				2
2026.04.07	02:24:05.742		0.79810			4
2026.04.07	02:24:06.825	0.79805	0.79811			6
2026.04.07	02:24:13.698	0.79804				2
2026.04.07	02:24:17.337		0.79810			4
2026.04.07	02:24:17.807		0.79811			4
2026.04.07	02:24:25.994	0.79803				2
2026.04.07	02:24:26.598	0.79804				2
2026.04.07	02:24:26.899		0.79810			4
2026.04.07	02:24:28.090		0.79811			4
2026.04.07	02:24:28.439		0.79810			4
2026.04.07	02:24:29.689		0.79811			4
2026.04.07	02:24:30.853	0.79803	0.79810			6
2026.04.07	02:24:31.874	0.79804				2
2026.04.07	02:24:38.492	0.79803	0.79809			6
2026.04.07	02:24:50.106	0.79804	0.79810			6
2026.04.07	02:25:00.025	0.79804				2
2026.04.07	02:25:03.237	0.79803				2
2026.04.07	02:25:17.275	0.79804				2
2026.04.07	02:25:17.575	0.79803				2
2026.04.07	02:25:20.644		0.79809			4
2026.04.07	02:25:20.960		0.79810			4
2026.04.07	02:25:38.516		0.79809			4
2026.04.07	02:25:42.558		0.79810			4
2026.04.07	02:25:48.898		0.79809			4
2026.04.07	02:25:50.401		0.79810			4
2026.04.07	02:26:01.044	0.79803				2
2026.04.07	02:26:01.363		0.79809			4
2026.04.07	02:26:05.401		0.79810			4
2026.04.07	02:27:00.307	0.79803				2
2026.04.07	02:27:17.767		0.79810			4
2026.04.07	02:27:18.418	0.79804				2
2026.04.07	02:27:18.719	0.79806	0.79812			6
2026.04.07	02:27:20.415		0.79813			4
2026.04.07	02:27:23.447	0.79807	0.79814			6
2026.04.07	02:27:24.493	0.79806	0.79813			6
2026.04.07	02:27:51.700		0.79814			4
2026.04.07	02:28:00.344	0.79806				2
2026.04.07	02:28:38.893	0.79807				2
2026.04.07	02:28:39.195		0.79813			4
2026.04.07	02:28:42.419	0.79806	0.79814			6
2026.04.07	02:28:48.837	0.79807	0.79813			6
2026.04.07	02:28:52.795	0.79806				2
2026.04.07	02:28:53.095		0.79814			4
2026.04.07	02:29:03.179	0.79806				2
2026.04.07	02:29:12.237	0.79807				2
2026.04.07	02:29:23.637	0.79806				2
2026.04.07	02:29:48.314	0.79810	0.79816			6
2026.04.07	02:29:51.813	0.79807	0.79813			6
2026.04.07	02:29:53.469	0.79808	0.79815			6
2026.04.07	02:30:01.514	0.79808				2
2026.04.07	02:30:01.817	0.79810	0.79816			6
2026.04.07	02:30:03.266		0.79818			4
2026.04.07	02:30:12.237	0.79811				2
2026.04.07	02:30:12.537	0.79810	0.79817			6
2026.04.07	02:30:15.477		0.79816			4
2026.04.07	02:30:18.995		0.79817			4
2026.04.07	02:30:21.754		0.79815			4
2026.04.07	02:30:27.537		0.79816			4
2026.04.07	02:30:37.845	0.79809				2
2026.04.07	02:30:38.144	0.79808	0.79815			6
2026.04.07	02:30:42.425	0.79807				2
2026.04.07	02:30:49.627	0.79808				2
2026.04.07	02:30:51.106	0.79807	0.79814			6
2026.04.07	02:31:01.088	0.79807				2
2026.04.07	02:31:12.757	0.79808				2
2026.04.07	02:31:14.101	0.79809	0.79815			6
2026.04.07	02:31:15.965	0.79807	0.79813			6
2026.04.07	02:31:47.822	0.79808	0.79816			6
2026.04.07	02:31:48.926	0.79807				2
2026.04.07	02:31:53.388	0.79809				2
2026.04.07	02:32:00.349	0.79809				2
2026.04.07	02:32:00.648	0.79807	0.79815			6
2026.04.07	02:32:01.249	0.79808				2
2026.04.07	02:32:01.550		0.79816			4
2026.04.07	02:32:03.466	0.79809				2
2026.04.07	02:32:18.638	0.79810	0.79818			6
2026.04.07	02:32:28.373		0.79819			4
2026.04.07	02:32:33.907	0.79812				2
2026.04.07	02:32:50.063		0.79820			4
2026.04.07	02:33:06.005	0.79812				2
2026.04.07	02:33:07.263	0.79811				2
2026.04.07	02:33:09.556	0.79812	0.79819			6
2026.04.07	02:33:26.637		0.79820			4
2026.04.07	02:33:33.435		0.79819			4
2026.04.07	02:33:40.701	0.79814	0.79820			6
2026.04.07	02:33:45.671	0.79812	0.79819			6
2026.04.07	02:34:00.265	0.79812				2
2026.04.07	02:34:13.296		0.79820			4
2026.04.07	02:34:25.701		0.79819			4
2026.04.07	02:34:26.003		0.79820			4
2026.04.07	02:34:36.750		0.79819			4
2026.04.07	02:34:37.050		0.79820			4
2026.04.07	02:34:54.464		0.79819			4
2026.04.07	02:35:00.298	0.79812				2
2026.04.07	02:35:00.597	0.79814	0.79821			6
2026.04.07	02:35:00.898	0.79815	0.79822			6
2026.04.07	02:35:03.034	0.79814	0.79821			6
2026.04.07	02:35:03.335	0.79815				2
2026.04.07	02:35:04.477	0.79814				2
2026.04.07	02:35:04.777	0.79815	0.79822			6
2026.04.07	02:35:29.835		0.79823			4
2026.04.07	02:35:30.456		0.79822			4
2026.04.07	02:35:30.758		0.79821			4
2026.04.07	02:35:35.393		0.79822			4
2026.04.07	02:35:45.425	0.79817	0.79826			6
2026.04.07	02:35:48.571		0.79825			4
2026.04.07	02:36:00.046	0.79820				2
2026.04.07	02:36:00.345		0.79824			4
2026.04.07	02:36:00.644	0.79817				2
2026.04.07	02:36:00.946	0.79820				2
2026.04.07	02:36:01.246	0.79817				2
2026.04.07	02:36:01.546	0.79820				2
2026.04.07	02:36:01.846	0.79817				2
2026.04.07	02:36:02.146	0.79820				2
2026.04.07	02:36:02.445	0.79817				2
2026.04.07	02:36:02.746	0.79820				2
2026.04.07	02:36:03.046	0.79817				2
2026.04.07	02:36:03.348	0.79820				2
2026.04.07	02:36:03.660	0.79817				2
2026.04.07	02:36:05.913		0.79823			4
2026.04.07	02:36:06.726		0.79824			4
2026.04.07	02:36:07.113		0.79823			4
2026.04.07	02:36:08.751		0.79824			4
2026.04.07	02:36:10.211		0.79823			4
2026.04.07	02:36:10.510		0.79824			4
2026.04.07	02:36:11.037		0.79823			4
2026.04.07	02:36:11.637		0.79824			4
2026.04.07	02:36:12.512		0.79823			4
2026.04.07	02:36:14.548		0.79825			4
2026.04.07	02:36:14.862		0.79824			4
2026.04.07	02:36:23.973		0.79823			4
2026.04.07	02:36:25.272		0.79824			4
2026.04.07	02:36:30.255		0.79825			4
2026.04.07	02:36:32.574		0.79823			4
2026.04.07	02:36:45.692	0.79816				2
2026.04.07	02:36:51.466		0.79824			4
2026.04.07	02:36:58.221		0.79823			4
2026.04.07	02:37:00.172	0.79816				2
2026.04.07	02:37:01.550		0.79822			4
2026.04.07	02:37:03.465		0.79821			4
2026.04.07	02:37:03.768		0.79822			4
2026.04.07	02:37:06.118		0.79823			4
2026.04.07	02:37:06.421		0.79822			4
2026.04.07	02:37:41.189		0.79823			4
2026.04.07	02:37:44.257		0.79822			4
2026.04.07	02:37:44.557		0.79823			4
2026.04.07	02:37:53.936		0.79822			4
2026.04.07	02:37:55.955		0.79824			4
2026.04.07	02:37:56.255	0.79818				2
2026.04.07	02:37:58.833		0.79825			4
2026.04.07	02:37:59.879		0.79824			4
2026.04.07	02:38:00.180	0.79818	0.79825			6
2026.04.07	02:38:01.795		0.79824			4
2026.04.07	02:38:03.551		0.79823			4
2026.04.07	02:38:03.851		0.79824			4
2026.04.07	02:38:13.846		0.79825			4
2026.04.07	02:38:16.708		0.79826			4
2026.04.07	02:38:17.681	0.79817	0.79825			6
2026.04.07	02:38:19.902		0.79823			4
2026.04.07	02:38:29.077		0.79826			4
2026.04.07	02:38:29.377		0.79825			4
2026.04.07	02:38:35.845		0.79824			4
2026.04.07	02:38:46.796		0.79823			4
2026.04.07	02:38:52.775	0.79813	0.79820			6
2026.04.07	02:38:53.939		0.79818			4
2026.04.07	02:39:00.147	0.79813				2
2026.04.07	02:39:09.237		0.79819			4
2026.04.07	02:39:11.088	0.79814				2
2026.04.07	02:39:12.075		0.79820			4
2026.04.07	02:39:12.375		0.79818			4
2026.04.07	02:39:15.041		0.79820			4
2026.04.07	02:39:15.343		0.79818			4
2026.04.07	02:39:19.085		0.79820			4
2026.04.07	02:39:20.530		0.79822			4
2026.04.07	02:39:57.456		0.79823			4
2026.04.07	02:39:58.754	0.79813	0.79821			6
2026.04.07	02:40:00.129	0.79813				2
2026.04.07	02:40:02.082		0.79820			4
2026.04.07	02:40:02.381		0.79821			4
2026.04.07	02:41:01.088	0.79812				2
2026.04.07	02:41:05.059		0.79821			4
2026.04.07	02:41:30.598	0.79813				2
2026.04.07	02:41:59.235	0.79815	0.79823			6
2026.04.07	02:42:01.033	0.79815				2
2026.04.07	02:42:49.457	0.79817				2
2026.04.07	02:42:49.758	0.79815				2
2026.04.07	02:43:00.116	0.79815	0.79823			6
2026.04.07	02:43:05.909	0.79816				2
2026.04.07	02:43:06.208		0.79824			4
2026.04.07	02:43:06.973	0.79815				2
2026.04.07	02:43:07.273		0.79823			4
2026.04.07	02:43:09.680	0.79816				2
2026.04.07	02:43:19.833	0.79815				2
2026.04.07	02:43:20.135	0.79818	0.79825			6
2026.04.07	02:43:20.434	0.79819	0.79828			6
2026.04.07	02:43:22.373		0.79827			4
2026.04.07	02:43:32.669	0.79821				2
2026.04.07	02:43:39.231	0.79822	0.79829			6
2026.04.07	02:43:59.337		0.79828			4
2026.04.07	02:44:01.087	0.79822				2
2026.04.07	02:44:02.405		0.79829			4
2026.04.07	02:44:03.631		0.79828			4
2026.04.07	02:44:14.684	0.79823	0.79829			6
2026.04.07	02:44:15.741	0.79824	0.79830			6
2026.04.07	02:44:19.464	0.79825	0.79831			6
2026.04.07	02:44:22.423	0.79826	0.79832			6
2026.04.07	02:44:23.134	0.79825				2
2026.04.07	02:44:23.434	0.79826				2
2026.04.07	02:44:33.072	0.79822	0.79829			6
2026.04.07	02:44:33.879		0.79828			4
2026.04.07	02:44:34.180		0.79829			4
2026.04.07	02:44:38.510		0.79828			4
2026.04.07	02:44:40.034		0.79827			4
2026.04.07	02:44:41.854		0.79829			4
2026.04.07	02:44:45.297	0.79823	0.79830			6
2026.04.07	02:44:47.825	0.79820	0.79826			6
2026.04.07	02:44:49.870	0.79821				2
2026.04.07	02:44:50.171		0.79828			4
2026.04.07	02:44:50.472		0.79827			4
2026.04.07	02:44:51.068	0.79820				2
2026.04.07	02:44:51.367		0.79826			4
2026.04.07	02:44:53.740	0.79819				2
2026.04.07	02:44:54.039	0.79816	0.79822			6
2026.04.07	02:45:00.129	0.79816				2
2026.04.07	02:45:01.769		0.79821			4
2026.04.07	02:45:10.522	0.79813	0.79819			6
2026.04.07	02:45:18.609	0.79812	0.79818			6
2026.04.07	02:45:19.240	0.79813				2
2026.04.07	02:45:19.541	0.79812				2
2026.04.07	02:45:20.726	0.79811				2
2026.04.07	02:45:21.221	0.79813				2
2026.04.07	02:45:21.522	0.79811				2
2026.04.07	02:45:22.156	0.79812	0.79819			6
2026.04.07	02:45:22.456	0.79811	0.79818			6
2026.04.07	02:45:22.757	0.79812				2
2026.04.07	02:45:23.645	0.79810	0.79819			6
2026.04.07	02:45:24.950		0.79817			4
2026.04.07	02:45:26.752	0.79811				2
2026.04.07	02:45:30.398	0.79810	0.79818			6
2026.04.07	02:45:30.997		0.79816			4
2026.04.07	02:45:32.611		0.79820			4
2026.04.07	02:45:32.913		0.79819			4
2026.04.07	02:45:33.828		0.79820			4
2026.04.07	02:45:35.317		0.79817			4
2026.04.07	02:45:36.071		0.79820			4
2026.04.07	02:45:42.472	0.79811	0.79819			6
2026.04.07	02:45:45.277		0.79818			4
2026.04.07	02:45:55.633		0.79820			4
2026.04.07	02:45:55.935		0.79819			4
2026.04.07	02:45:56.876		0.79818			4
2026.04.07	02:46:00.197	0.79811				2
2026.04.07	02:46:00.496	0.79810	0.79816			6
2026.04.07	02:46:01.985	0.79811				2
2026.04.07	02:46:03.482		0.79817			4
2026.04.07	02:46:07.667	0.79812				2
2026.04.07	02:46:07.967	0.79811				2
2026.04.07	02:46:09.161	0.79813	0.79819			6
2026.04.07	02:46:10.380		0.79821			4
2026.04.07	02:46:10.683	0.79814				2
2026.04.07	02:46:11.035	0.79813				2
2026.04.07	02:46:11.335		0.79819			4
2026.04.07	02:46:11.635	0.79814	0.79820			6
2026.04.07	02:46:12.239	0.79812	0.79818			6
2026.04.07	02:46:15.116	0.79813				2
2026.04.07	02:46:15.419		0.79819			4
2026.04.07	02:46:20.768	0.79815	0.79821			6
2026.04.07	02:46:22.263	0.79811	0.79817			6
2026.04.07	02:46:25.969		0.79818			4
2026.04.07	02:46:32.392		0.79817			4
2026.04.07	02:46:32.693		0.79818			4
2026.04.07	02:46:32.992		0.79817			4
2026.04.07	02:46:39.244		0.79818			4
2026.04.07	02:46:39.920		0.79817			4
2026.04.07	02:46:41.272		0.79818			4
2026.04.07	02:46:42.367		0.79817			4
2026.04.07	02:46:43.409		0.79818			4
2026.04.07	02:46:45.191	0.79812	0.79817			6
2026.04.07	02:46:48.540		0.79818			4
2026.04.07	02:46:50.615	0.79811	0.79817			6
2026.04.07	02:46:51.595		0.79818			4
2026.04.07	02:46:51.896	0.79810	0.79816			6
2026.04.07	02:46:52.197	0.79808	0.79815			6
2026.04.07	02:46:52.820	0.79811	0.79816			6
2026.04.07	02:46:53.120		0.79817			4
2026.04.07	02:46:55.082	0.79812				2
2026.04.07	02:46:58.878	0.79811	0.79816			6
2026.04.07	02:46:59.427		0.79818			4
2026.04.07	02:47:01.592	0.79811	0.79816			6
2026.04.07	02:47:01.893		0.79818			4
2026.04.07	02:47:03.424		0.79816			4
2026.04.07	02:47:04.410		0.79818			4
2026.04.07	02:47:07.844	0.79812	0.79817			6
2026.04.07	02:47:08.145	0.79811	0.79818			6
2026.04.07	02:47:08.744		0.79817			4
2026.04.07	02:47:09.645		0.79819			4
2026.04.07	02:47:10.963		0.79818			4
2026.04.07	02:47:12.552		0.79817			4
2026.04.07	02:47:14.249		0.79818			4
2026.04.07	02:47:19.770		0.79817			4
2026.04.07	02:47:40.615		0.79816			4
2026.04.07	02:47:41.547		0.79817			4
2026.04.07	02:47:52.137	0.79813	0.79818			6
2026.04.07	02:47:55.774		0.79819			4
2026.04.07	02:47:56.465		0.79818			4
2026.04.07	02:47:57.690	0.79812				2
2026.04.07	02:47:59.893	0.79813				2
2026.04.07	02:48:00.194	0.79813				2
2026.04.07	02:48:02.400		0.79819			4
2026.04.07	02:48:02.739	0.79812				2
2026.04.07	02:48:03.040	0.79813				2
2026.04.07	02:48:04.507	0.79812	0.79820			6
2026.04.07	02:48:04.807	0.79811	0.79817			6
2026.04.07	02:48:09.561		0.79816			4
2026.04.07	02:48:11.098		0.79817			4
2026.04.07	02:48:12.109		0.79816			4
2026.04.07	02:48:12.409		0.79817			4
2026.04.07	02:48:13.311		0.79816			4
2026.04.07	02:48:13.912		0.79817			4
2026.04.07	02:48:14.213		0.79816			4
2026.04.07	02:48:14.815		0.79817			4
2026.04.07	02:48:31.633		0.79816			4
2026.04.07	02:48:31.934		0.79817			4
2026.04.07	02:48:53.243	0.79808	0.79814			6
2026.04.07	02:48:54.445	0.79811	0.79816			6
2026.04.07	02:48:56.109		0.79817			4
2026.04.07	02:49:00.043	0.79811				2
2026.04.07	02:49:08.988	0.79810				2
2026.04.07	02:49:14.861	0.79811				2
2026.04.07	02:49:15.162	0.79812	0.79818			6
2026.04.07	02:49:15.462		0.79817			4
2026.04.07	02:49:26.978	0.79813				2
2026.04.07	02:49:27.279		0.79819			4
2026.04.07	02:49:27.579	0.79812	0.79818			6
2026.04.07	02:49:29.089	0.79813				2
2026.04.07	02:49:29.389		0.79819			4
2026.04.07	02:49:29.830	0.79812	0.79818			6
2026.04.07	02:49:32.807		0.79819			4
2026.04.07	02:49:33.175		0.79818			4
2026.04.07	02:49:33.709		0.79819			4
2026.04.07	02:49:34.009		0.79817			4
2026.04.07	02:49:35.494	0.79811	0.79816			6
2026.04.07	02:49:36.720		0.79818			4
2026.04.07	02:49:55.336		0.79817			4
2026.04.07	02:49:55.988		0.79818			4
2026.04.07	02:49:56.291		0.79817			4
2026.04.07	02:50:00.214	0.79811				2
2026.04.07	02:50:00.514	0.79812				2
2026.04.07	02:50:01.407		0.79818			4
2026.04.07	02:50:05.428		0.79817			4
2026.04.07	02:50:06.155	0.79811				2
2026.04.07	02:50:06.769	0.79812	0.79818			6
2026.04.07	02:50:07.069		0.79817			4
2026.04.07	02:50:15.921	0.79811	0.79818			6
2026.04.07	02:50:20.766		0.79817			4
2026.04.07	02:50:43.825	0.79810				2
2026.04.07	02:50:44.127		0.79818			4
2026.04.07	02:50:47.410	0.79811	0.79817			6
2026.04.07	02:50:55.488		0.79818			4
2026.04.07	02:50:57.446		0.79817			4
2026.04.07	02:51:00.150	0.79811				2
2026.04.07	02:51:36.673	0.79810				2
2026.04.07	02:51:39.118	0.79808	0.79815			6
2026.04.07	02:51:42.187	0.79807	0.79812			6
2026.04.07	02:51:42.487		0.79814			4
2026.04.07	02:51:47.082		0.79812			4
2026.04.07	02:51:49.579	0.79805	0.79810			6
2026.04.07	02:51:56.820		0.79811			4
2026.04.07	02:51:57.648	0.79807	0.79813			6
2026.04.07	02:51:59.366		0.79812			4
2026.04.07	02:52:01.298	0.79807				2
2026.04.07	02:52:02.892		0.79813			4
2026.04.07	02:52:05.395	0.79806	0.79812			6
2026.04.07	02:52:05.695	0.79807				2
2026.04.07	02:52:07.542	0.79806				2
2026.04.07	02:52:08.139	0.79807	0.79813			6
2026.04.07	02:52:14.652	0.79808	0.79814			6
2026.04.07	02:52:15.530		0.79813			4
2026.04.07	02:52:19.483	0.79807				2
2026.04.07	02:52:22.893		0.79814			4
2026.04.07	02:52:23.493		0.79813			4
2026.04.07	02:52:25.509		0.79814			4
2026.04.07	02:52:26.554	0.79808	0.79813			6
2026.04.07	02:52:33.716	0.79807				2
2026.04.07	02:52:35.831	0.79806	0.79812			6
2026.04.07	02:52:36.132	0.79805	0.79811			6
2026.04.07	02:52:38.036		0.79810			4
2026.04.07	02:52:43.441		0.79811			4
2026.04.07	02:52:53.337		0.79812			4
2026.04.07	02:52:55.405	0.79806				2
2026.04.07	02:52:55.705	0.79807	0.79813			6
2026.04.07	02:52:57.948	0.79806	0.79812			6
2026.04.07	02:52:58.248		0.79811			4
2026.04.07	02:52:58.548	0.79807	0.79812			6
2026.04.07	02:53:00.835	0.79807	0.79814			6
2026.04.07	02:53:02.591		0.79812			4
2026.04.07	02:53:03.665		0.79814			4
2026.04.07	02:53:07.355		0.79812			4
2026.04.07	02:53:10.883	0.79806	0.79814			6
2026.04.07	02:53:13.658	0.79809	0.79815			6
2026.04.07	02:53:13.957	0.79810	0.79816			6
2026.04.07	02:53:18.640	0.79808	0.79815			6
2026.04.07	02:53:26.578		0.79814			4
2026.04.07	02:53:28.051	0.79809	0.79816			6
2026.04.07	02:53:48.236		0.79815			4
2026.04.07	02:53:49.254	0.79808	0.79814			6
2026.04.07	02:54:00.160	0.79808				2
2026.04.07	02:54:06.637	0.79807				2
2026.04.07	02:54:06.939		0.79815			4
2026.04.07	02:54:07.542	0.79809				2
2026.04.07	02:54:24.449	0.79808	0.79817			6
2026.04.07	02:55:01.985	0.79808				2
2026.04.07	02:55:03.673	0.79810				2
2026.04.07	02:55:05.610	0.79808	0.79816			6
2026.04.07	02:55:06.728		0.79815			4
2026.04.07	02:55:10.277	0.79809				2
2026.04.07	02:55:13.529	0.79808				2
2026.04.07	02:55:17.774	0.79810	0.79817			6
2026.04.07	02:55:20.916	0.79809	0.79816			6
2026.04.07	02:55:22.052		0.79815			4
2026.04.07	02:55:31.560		0.79817			4
2026.04.07	02:55:37.437	0.79810				2
2026.04.07	02:55:37.736		0.79816			4
2026.04.07	02:55:41.819		0.79817			4
2026.04.07	02:55:50.336	0.79811				2
2026.04.07	02:55:54.949		0.79818			4
2026.04.07	02:56:00.338	0.79811				2
2026.04.07	02:56:09.128	0.79812	0.79819			6
2026.04.07	02:56:10.150		0.79818			4
2026.04.07	02:56:20.900	0.79811				2
2026.04.07	02:56:21.200		0.79816			4
2026.04.07	02:56:35.452		0.79817			4
2026.04.07	02:56:36.570	0.79812				2
2026.04.07	02:56:36.871		0.79816			4
2026.04.07	02:56:37.170		0.79817			4
2026.04.07	02:56:42.574		0.79816			4
2026.04.07	02:56:42.874		0.79817			4
2026.04.07	02:56:45.323		0.79816			4
2026.04.07	02:56:51.194		0.79817			4
2026.04.07	02:56:56.972	0.79813				2
2026.04.07	02:57:00.515	0.79813				2
2026.04.07	02:57:00.816		0.79818			4
2026.04.07	02:57:01.719		0.79817			4
2026.04.07	02:57:02.961	0.79811				2
2026.04.07	02:57:20.181		0.79816			4
2026.04.07	02:57:42.332	0.79812				2
2026.04.07	02:57:51.641		0.79817			4
2026.04.07	02:57:56.099		0.79816			4
2026.04.07	02:58:06.371	0.79812				2
2026.04.07	02:58:12.945	0.79813	0.79818			6
2026.04.07	02:58:13.246	0.79812	0.79817			6
2026.04.07	02:58:17.235		0.79818			4
2026.04.07	02:58:17.973		0.79817			4
2026.04.07	02:58:33.905	0.79811				2
2026.04.07	02:59:03.525	0.79811				2
2026.04.07	02:59:04.127	0.79813	0.79818			6
2026.04.07	02:59:04.727	0.79816	0.79822			6
2026.04.07	02:59:05.026		0.79821			4
2026.04.07	02:59:05.326	0.79813	0.79819			6
2026.04.07	02:59:06.342	0.79812	0.79818			6
2026.04.07	02:59:09.305		0.79819			4
2026.04.07	02:59:09.909		0.79818			4
2026.04.07	02:59:10.513		0.79819			4
2026.04.07	02:59:12.439		0.79820			4
2026.04.07	02:59:20.192	0.79813				2
2026.04.07	02:59:22.780	0.79812	0.79819			6
2026.04.07	02:59:23.080		0.79820			4
2026.04.07	02:59:23.681		0.79819			4
2026.04.07	02:59:26.066		0.79820			4
2026.04.07	02:59:35.263	0.79813	0.79819			6
2026.04.07	02:59:45.788		0.79820			4
2026.04.07	02:59:58.659		0.79819			4
2026.04.07	02:59:59.304		0.79820			4
2026.04.07	03:00:00.006	0.79813				2
2026.04.07	03:00:00.310	0.79817	0.79823			6
2026.04.07	03:00:00.906	0.79816	0.79821			6
2026.04.07	03:00:01.207	0.79817				2
2026.04.07	03:00:02.409	0.79816				2
2026.04.07	03:00:02.708	0.79814				2
2026.04.07	03:00:04.397		0.79820			4
2026.04.07	03:00:06.729	0.79813	0.79819			6
2026.04.07	03:00:07.029	0.79814	0.79821			6
2026.04.07	03:00:08.596		0.79820			4
2026.04.07	03:00:14.266		0.79821			4
2026.04.07	03:00:16.669	0.79815				2
2026.04.07	03:00:16.970		0.79820			4
2026.04.07	03:00:17.269	0.79814				2
2026.04.07	03:00:19.919	0.79815	0.79821			6
2026.04.07	03:00:20.219		0.79822			4
2026.04.07	03:00:21.977	0.79816	0.79821			6
2026.04.07	03:00:24.720	0.79817	0.79822			6
2026.04.07	03:00:27.890	0.79818	0.79824			6
2026.04.07	03:00:28.792	0.79819	0.79825			6
2026.04.07	03:00:29.694	0.79818	0.79824			6
2026.04.07	03:00:32.355	0.79819				2
2026.04.07	03:00:33.402		0.79826			4
2026.04.07	03:00:33.702	0.79823	0.79829			6
2026.04.07	03:00:34.003	0.79822	0.79828			6
2026.04.07	03:00:34.303		0.79827			4
2026.04.07	03:00:35.202	0.79821				2
2026.04.07	03:00:39.654	0.79822	0.79826			6
2026.04.07	03:00:39.955	0.79824	0.79828			6
2026.04.07	03:00:41.780	0.79822	0.79827			6
2026.04.07	03:00:42.080	0.79823	0.79828			6
2026.04.07	03:00:42.681	0.79821	0.79822			6
2026.04.07	03:00:44.178		0.79823			4
2026.04.07	03:00:44.478	0.79818	0.79822			6
2026.04.07	03:00:44.778	0.79820	0.79823			6
2026.04.07	03:00:47.955	0.79816	0.79821			6
2026.04.07	03:00:48.618	0.79817	0.79822			6
2026.04.07	03:00:49.967	0.79819				2
2026.04.07	03:00:50.925	0.79820				2
2026.04.07	03:00:51.225		0.79825			4
2026.04.07	03:00:52.141	0.79822	0.79827			6
2026.04.07	03:00:52.440	0.79824	0.79829			6
2026.04.07	03:00:52.740	0.79822	0.79828			6
2026.04.07	03:00:53.341	0.79824				2
2026.04.07	03:00:54.932	0.79826	0.79831			6
2026.04.07	03:00:55.232	0.79825				2
2026.04.07	03:00:56.134	0.79826				2
2026.04.07	03:00:56.434	0.79825				2
2026.04.07	03:00:57.413	0.79824	0.79829			6
2026.04.07	03:00:58.013		0.79830			4
2026.04.07	03:00:58.314	0.79825	0.79831			6
2026.04.07	03:00:58.613		0.79830			4
2026.04.07	03:00:58.916	0.79824				2
2026.04.07	03:00:59.970		0.79829			4
2026.04.07	03:01:00.270	0.79824				2
2026.04.07	03:01:03.594	0.79826	0.79831			6
2026.04.07	03:01:03.894	0.79825	0.79830			6
2026.04.07	03:01:06.512	0.79824	0.79829			6
2026.04.07	03:01:07.205	0.79825	0.79831			6
2026.04.07	03:01:07.877	0.79826				2
2026.04.07	03:01:08.178		0.79832			4
2026.04.07	03:01:08.778	0.79828	0.79835			6
2026.04.07	03:01:09.545	0.79830	0.79836			6
2026.04.07	03:01:10.446	0.79831	0.79837			6
2026.04.07	03:01:11.225	0.79830				2
2026.04.07	03:01:11.525		0.79835			4
2026.04.07	03:01:11.827	0.79827	0.79834			6
2026.04.07	03:01:12.126		0.79833			4
2026.04.07	03:01:13.564		0.79832			4
2026.04.07	03:01:14.164		0.79834			4
2026.04.07	03:01:15.977	0.79828				2
2026.04.07	03:01:18.326	0.79827				2
2026.04.07	03:01:20.233	0.79828				2
2026.04.07	03:01:20.835	0.79829	0.79835			6
2026.04.07	03:01:21.136	0.79830	0.79836			6
2026.04.07	03:01:21.435	0.79829	0.79835			6
2026.04.07	03:01:22.937	0.79830				2
2026.04.07	03:01:23.238		0.79836			4
2026.04.07	03:01:23.537		0.79835			4
2026.04.07	03:01:23.836		0.79836			4
2026.04.07	03:01:26.105		0.79835			4
2026.04.07	03:01:26.404		0.79836			4
2026.04.07	03:01:27.923		0.79835			4
2026.04.07	03:01:30.106	0.79829	0.79834			6
2026.04.07	03:01:41.692	0.79828	0.79833			6
2026.04.07	03:01:42.870	0.79829	0.79834			6
2026.04.07	03:01:43.171	0.79831	0.79836			6
2026.04.07	03:01:43.470		0.79837			4
2026.04.07	03:01:44.979	0.79832	0.79838			6
2026.04.07	03:01:45.280	0.79831	0.79837			6
2026.04.07	03:01:47.958	0.79832	0.79838			6
2026.04.07	03:01:48.259	0.79833	0.79839			6
2026.04.07	03:01:51.427	0.79836	0.79842			6
2026.04.07	03:01:57.294	0.79833	0.79839			6
2026.04.07	03:02:00.038	0.79833				2
2026.04.07	03:02:01.690	0.79832				2
2026.04.07	03:02:02.360	0.79831	0.79837			6
2026.04.07	03:02:05.521	0.79832	0.79839			6
2026.04.07	03:02:05.820		0.79837			4
2026.04.07	03:02:06.421		0.79839			4
2026.04.07	03:02:08.424		0.79838			4
2026.04.07	03:02:10.540		0.79840			4
2026.04.07	03:02:11.140		0.79839			4
2026.04.07	03:02:12.948	0.79833	0.79840			6
2026.04.07	03:02:13.569	0.79835	0.79842			6
2026.04.07	03:02:16.508	0.79836				2
2026.04.07	03:02:17.689		0.79845			4
2026.04.07	03:02:17.990	0.79838	0.79844			6
2026.04.07	03:02:18.666		0.79843			4
2026.04.07	03:02:20.145	0.79840	0.79845			6
2026.04.07	03:02:20.446		0.79846			4
2026.04.07	03:02:20.746		0.79847			4
2026.04.07	03:02:21.527	0.79842	0.79848			6
2026.04.07	03:02:22.180		0.79846			4
2026.04.07	03:02:23.082		0.79847			4
2026.04.07	03:02:23.683		0.79849			4
2026.04.07	03:02:24.349	0.79843				2
2026.04.07	03:02:24.649	0.79842				2
2026.04.07	03:02:25.250	0.79843				2
2026.04.07	03:02:26.245		0.79850			4
2026.04.07	03:02:26.545		0.79849			4
2026.04.07	03:02:27.383	0.79844				2
2026.04.07	03:02:28.349	0.79845	0.79851			6
2026.04.07	03:02:28.950	0.79842	0.79848			6
2026.04.07	03:02:29.250		0.79847			4
2026.04.07	03:02:29.550	0.79843	0.79848			6
2026.04.07	03:02:30.350		0.79849			4
2026.04.07	03:02:30.650		0.79848			4
2026.04.07	03:02:30.951	0.79844	0.79850			6
2026.04.07	03:02:33.085		0.79849			4
2026.04.07	03:02:36.548		0.79850			4
2026.04.07	03:02:37.088		0.79849			4
2026.04.07	03:02:44.230	0.79843				2
2026.04.07	03:02:44.529	0.79842				2
2026.04.07	03:02:44.985	0.79841	0.79847			6
2026.04.07	03:02:45.682	0.79842	0.79849			6
2026.04.07	03:02:46.409		0.79848			4
2026.04.07	03:02:47.707	0.79841	0.79847			6
2026.04.07	03:02:48.337	0.79842	0.79848			6
2026.04.07	03:02:49.045	0.79841	0.79847			6
2026.04.07	03:02:50.520	0.79842				2
2026.04.07	03:02:52.821	0.79840	0.79846			6
2026.04.07	03:02:53.122	0.79842	0.79847			6
2026.04.07	03:02:54.141	0.79843	0.79848			6
2026.04.07	03:02:54.743	0.79842	0.79847			6
2026.04.07	03:02:56.158	0.79843	0.79848			6
2026.04.07	03:02:56.457	0.79842	0.79847			6
2026.04.07	03:02:57.725	0.79843	0.79848			6
2026.04.07	03:02:58.026	0.79842	0.79847			6
2026.04.07	03:02:58.627	0.79843	0.79848			6
2026.04.07	03:02:59.375	0.79842	0.79847			6
2026.04.07	03:03:00.097	0.79842				2
2026.04.07	03:03:00.398	0.79839	0.79844			6
2026.04.07	03:03:02.204	0.79838	0.79843			6
2026.04.07	03:03:05.587	0.79839	0.79844			6
2026.04.07	03:03:05.888	0.79838	0.79843			6
2026.04.07	03:03:07.594	0.79837	0.79844			6
2026.04.07	03:03:09.365		0.79845			4
2026.04.07	03:03:09.666	0.79839	0.79844			6
2026.04.07	03:03:09.966		0.79846			4
2026.04.07	03:03:10.266		0.79844			4
2026.04.07	03:03:10.868	0.79838	0.79845			6
2026.04.07	03:03:11.724	0.79837	0.79847			6
2026.04.07	03:03:14.293	0.79838	0.79848			6
2026.04.07	03:03:14.593	0.79837	0.79846			6
2026.04.07	03:03:15.192	0.79838				2
2026.04.07	03:03:16.438	0.79837	0.79844			6
2026.04.07	03:03:16.738		0.79846			4
2026.04.07	03:03:18.629	0.79836	0.79845			6
2026.04.07	03:03:20.574	0.79837				2
2026.04.07	03:03:23.769	0.79836				2
2026.04.07	03:03:24.647	0.79837	0.79844			6
2026.04.07	03:03:28.119		0.79846			4
2026.04.07	03:03:29.123	0.79838				2
2026.04.07	03:03:29.423	0.79837				2
2026.04.07	03:03:30.148	0.79841	0.79847			6
2026.04.07	03:03:32.685	0.79842	0.79850			6
2026.04.07	03:03:32.985		0.79848			4
2026.04.07	03:03:36.749	0.79841				2
2026.04.07	03:03:37.048		0.79846			4
2026.04.07	03:03:39.540	0.79840	0.79848			6
2026.04.07	03:03:40.590		0.79847			4
2026.04.07	03:03:40.890	0.79837	0.79845			6
2026.04.07	03:03:41.190		0.79843			4
2026.04.07	03:03:41.490		0.79842			4
2026.04.07	03:03:45.504	0.79836				2
2026.04.07	03:03:45.802	0.79837				2
2026.04.07	03:03:46.262	0.79836				2
2026.04.07	03:03:46.563		0.79841			4
2026.04.07	03:03:51.237	0.79837				2
2026.04.07	03:03:51.538		0.79844			4
2026.04.07	03:03:51.838	0.79838	0.79843			6
2026.04.07	03:03:52.518	0.79839	0.79846			6
2026.04.07	03:03:53.150	0.79840	0.79847			6
2026.04.07	03:03:56.225		0.79846			4
2026.04.07	03:03:57.620	0.79841				2
2026.04.07	03:04:00.422	0.79841				2
2026.04.07	03:04:03.167	0.79842	0.79847			6
2026.04.07	03:04:03.467		0.79848			4
2026.04.07	03:04:03.768		0.79847			4
2026.04.07	03:04:05.641		0.79849			4
2026.04.07	03:04:06.674		0.79848			4
2026.04.07	03:04:07.663		0.79847			4
2026.04.07	03:04:10.463		0.79849			4
2026.04.07	03:04:10.764		0.79848			4
2026.04.07	03:04:12.131	0.79840	0.79847			6
2026.04.07	03:04:13.032	0.79841	0.79848			6
2026.04.07	03:04:13.332	0.79842				2
2026.04.07	03:04:13.999	0.79841				2
2026.04.07	03:04:18.034	0.79842				2
2026.04.07	03:04:19.097	0.79841				2
2026.04.07	03:04:22.365		0.79846			4
2026.04.07	03:04:22.664		0.79848			4
2026.04.07	03:04:25.222	0.79842	0.79849			6
2026.04.07	03:04:25.522	0.79843	0.79851			6
2026.04.07	03:04:25.823		0.79850			4
2026.04.07	03:04:29.442	0.79842	0.79848			6
2026.04.07	03:04:31.147	0.79844	0.79847			6
2026.04.07	03:04:32.345	0.79843	0.79846			6
2026.04.07	03:04:32.645	0.79842	0.79845			6
2026.04.07	03:04:33.546	0.79840	0.79843			6
2026.04.07	03:04:33.846	0.79838	0.79845			6
2026.04.07	03:04:38.252		0.79844			4
2026.04.07	03:04:40.081	0.79840	0.79846			6
2026.04.07	03:04:48.487	0.79841				2
2026.04.07	03:04:49.755		0.79848			4
2026.04.07	03:04:50.056		0.79846			4
2026.04.07	03:04:50.374		0.79848			4
2026.04.07	03:04:55.094		0.79846			4
2026.04.07	03:04:57.159		0.79848			4
2026.04.07	03:04:57.949		0.79846			4
2026.04.07	03:04:58.579		0.79848			4
2026.04.07	03:05:00.179	0.79841	0.79850			6
2026.04.07	03:05:00.478		0.79849			4
2026.04.07	03:05:01.079	0.79842				2
2026.04.07	03:05:01.378		0.79848			4
2026.04.07	03:05:02.865		0.79850			4
2026.04.07	03:05:03.181		0.79848			4
2026.04.07	03:05:07.539		0.79850			4
2026.04.07	03:05:07.838		0.79848			4
2026.04.07	03:05:08.991		0.79850			4
2026.04.07	03:05:09.291		0.79848			4
2026.04.07	03:05:10.349		0.79849			4
2026.04.07	03:05:11.118		0.79850			4
2026.04.07	03:05:11.419	0.79845	0.79853			6
2026.04.07	03:05:13.101		0.79854			4
2026.04.07	03:05:22.494		0.79853			4
2026.04.07	03:05:23.093	0.79846	0.79854			6
2026.04.07	03:05:23.695	0.79847				2
2026.04.07	03:05:27.252	0.79846	0.79855			6
2026.04.07	03:05:30.472		0.79854			4
2026.04.07	03:05:31.727	0.79847				2
2026.04.07	03:05:33.088	0.79842	0.79850			6
2026.04.07	03:05:33.389	0.79841	0.79847			6
2026.04.07	03:05:33.691	0.79843	0.79850			6
2026.04.07	03:05:35.857	0.79844	0.79851			6
2026.04.07	03:05:39.059	0.79843	0.79852			6
2026.04.07	03:05:40.331	0.79841	0.79851			6
2026.04.07	03:05:40.631		0.79849			4
2026.04.07	03:05:40.932		0.79851			4
2026.04.07	03:05:47.028	0.79842				2
2026.04.07	03:05:49.016	0.79845	0.79854			6
2026.04.07	03:05:49.315	0.79846	0.79853			6
2026.04.07	03:05:49.615		0.79854			4
2026.04.07	03:05:52.305		0.79853			4
2026.04.07	03:05:52.605	0.79845	0.79854			6
2026.04.07	03:05:52.906		0.79855			4
2026.04.07	03:05:53.206		0.79853			4
2026.04.07	03:05:53.509		0.79855			4
2026.04.07	03:05:54.365		0.79853			4
2026.04.07	03:05:58.041		0.79854			4
2026.04.07	03:05:59.280		0.79853			4
2026.04.07	03:06:00.010	0.79845	0.79854			6
2026.04.07	03:06:00.311		0.79853			4
2026.04.07	03:06:01.088	0.79846				2
2026.04.07	03:06:01.391	0.79842	0.79849			6
2026.04.07	03:06:03.519		0.79848			4
2026.04.07	03:06:08.207		0.79849			4
2026.04.07	03:06:09.408		0.79848			4
2026.04.07	03:06:12.066	0.79841				2
2026.04.07	03:06:16.087		0.79849			4
2026.04.07	03:06:16.387		0.79850			4
2026.04.07	03:06:16.687		0.79848			4
2026.04.07	03:06:17.287	0.79843	0.79850			6
2026.04.07	03:06:17.587	0.79841	0.79848			6
2026.04.07	03:06:17.888		0.79849			4
2026.04.07	03:06:18.521		0.79848			4
2026.04.07	03:06:19.023		0.79849			4
2026.04.07	03:06:19.326		0.79848			4
2026.04.07	03:06:19.624		0.79847			4
2026.04.07	03:06:20.328		0.79848			4
2026.04.07	03:06:24.148	0.79842	0.79851			6
2026.04.07	03:06:26.063		0.79850			4
2026.04.07	03:06:28.127		0.79851			4
2026.04.07	03:06:28.726		0.79850			4
2026.04.07	03:06:29.970	0.79843	0.79851			6
2026.04.07	03:06:30.870	0.79844				2
2026.04.07	03:06:33.078	0.79846	0.79852			6
