<DATE>	<TIME>	<BID>	<ASK>	<LAST>	<VOLUME>	<FLAGS>
2026.05.06	00:03:30.440	0.78220	0.78353			6
2026.05.06	00:03:37.997	0.78267	0.78345			6
2026.05.06	00:03:38.296	0.78264				2
2026.05.06	00:03:43.305	0.78269				2
2026.05.06	00:04:00.148	0.78269				2
2026.05.06	00:04:08.376	0.78278				2
2026.05.06	00:04:15.241	0.78287				2
2026.05.06	00:04:20.881	0.78296				2
2026.05.06	00:04:27.699	0.78300				2
2026.05.06	00:04:32.994	0.78299				2
2026.05.06	00:04:34.613	0.78301				2
2026.05.06	00:04:35.687	0.78220	0.78341			6
2026.05.06	00:04:50.322		0.78353			4
2026.05.06	00:05:00.254	0.78220				2
2026.05.06	00:05:05.454		0.78344			4
2026.05.06	00:05:05.758		0.78333			4
2026.05.06	00:05:06.362		0.78344			4
2026.05.06	00:05:06.962		0.78339			4
2026.05.06	00:05:46.430		0.78344			4
2026.05.06	00:05:47.031		0.78333			4
2026.05.06	00:05:47.331		0.78344			4
2026.05.06	00:05:47.634		0.78333			4
2026.05.06	00:05:47.935		0.78344			4
2026.05.06	00:05:48.236		0.78339			4
2026.05.06	00:06:00.200	0.78220				2
2026.05.06	00:06:21.532	0.78247				2
2026.05.06	00:06:26.238	0.78220				2
2026.05.06	00:07:01.671	0.78220	0.78339			6
2026.05.06	00:07:31.680	0.78247				2
2026.05.06	00:07:36.182	0.78220				2
2026.05.06	00:08:09.237	0.78220	0.78339			6
2026.05.06	00:09:00.072	0.78220				2
2026.05.06	00:09:14.977		0.78339			4
2026.05.06	00:10:00.109	0.78220	0.78353			6
2026.05.06	00:10:00.411		0.78349			4
2026.05.06	00:10:05.314		0.78350			4
2026.05.06	00:10:12.281	0.78243				2
2026.05.06	00:10:12.585	0.78220	0.78325			6
2026.05.06	00:10:12.891	0.78243	0.78350			6
2026.05.06	00:10:13.195	0.78220	0.78325			6
2026.05.06	00:10:13.493	0.78243	0.78350			6
2026.05.06	00:10:13.797	0.78220	0.78325			6
2026.05.06	00:10:14.132	0.78243	0.78350			6
2026.05.06	00:10:14.434	0.78220	0.78325			6
2026.05.06	00:10:15.036	0.78243	0.78350			6
2026.05.06	00:10:15.338	0.78220	0.78325			6
2026.05.06	00:10:15.638	0.78243	0.78350			6
2026.05.06	00:10:15.939	0.78220	0.78325			6
2026.05.06	00:10:16.239		0.78350			4
2026.05.06	00:10:35.911	0.78227	0.78333			6
2026.05.06	00:10:42.233	0.78237				2
2026.05.06	00:11:00.289	0.78237				2
2026.05.06	00:11:36.090		0.78333			4
2026.05.06	00:11:42.428	0.78176	0.78369			6
2026.05.06	00:11:43.383	0.78220	0.78351			6
2026.05.06	00:12:00.146	0.78220				2
2026.05.06	00:12:02.314		0.78350			4
2026.05.06	00:12:12.131		0.78351			4
2026.05.06	00:12:32.424		0.78350			4
2026.05.06	00:12:42.222		0.78351			4
2026.05.06	00:13:02.158	0.78220	0.78350			6
2026.05.06	00:13:17.614		0.78351			4
2026.05.06	00:13:52.713		0.78352			4
2026.05.06	00:14:01.190	0.78220				2
2026.05.06	00:14:02.224		0.78351			4
2026.05.06	00:14:11.995		0.78352			4
2026.05.06	00:14:45.514		0.78353			4
2026.05.06	00:14:47.075		0.78352			4
2026.05.06	00:14:55.462		0.78351			4
2026.05.06	00:15:01.423	0.78220				2
2026.05.06	00:15:11.994		0.78352			4
2026.05.06	00:15:25.713		0.78351			4
2026.05.06	00:15:30.606		0.78352			4
2026.05.06	00:15:35.862		0.78351			4
2026.05.06	00:15:47.142		0.78350			4
2026.05.06	00:16:00.147	0.78220				2
2026.05.06	00:16:04.716		0.78349			4
2026.05.06	00:16:11.996		0.78350			4
2026.05.06	00:16:21.594		0.78349			4
2026.05.06	00:16:45.822		0.78348			4
2026.05.06	00:17:00.147	0.78220				2
2026.05.06	00:17:02.027		0.78347			4
2026.05.06	00:17:12.298		0.78348			4
2026.05.06	00:17:27.813		0.78347			4
2026.05.06	00:17:34.113		0.78348			4
2026.05.06	00:17:36.513		0.78347			4
2026.05.06	00:17:42.833		0.78348			4
2026.05.06	00:17:53.913		0.78347			4
2026.05.06	00:18:00.813	0.78220				2
2026.05.06	00:18:53.013		0.78346			4
2026.05.06	00:19:00.513	0.78220				2
2026.05.06	00:19:17.685		0.78345			4
2026.05.06	00:19:26.995		0.78346			4
2026.05.06	00:20:00.146	0.78220				2
2026.05.06	00:20:02.315		0.78345			4
2026.05.06	00:20:11.995		0.78346			4
2026.05.06	00:20:21.212		0.78345			4
2026.05.06	00:20:21.514		0.78346			4
2026.05.06	00:20:37.113		0.78345			4
2026.05.06	00:20:37.512		0.78346			4
2026.05.06	00:20:47.317		0.78345			4
2026.05.06	00:20:57.298		0.78346			4
2026.05.06	00:21:00.146	0.78220				2
2026.05.06	00:21:32.334		0.78345			4
2026.05.06	00:21:42.297		0.78346			4
2026.05.06	00:21:55.113		0.78345			4
2026.05.06	00:22:10.412	0.78220				2
2026.05.06	00:22:14.914		0.78346			4
2026.05.06	00:22:17.485		0.78345			4
2026.05.06	00:22:53.857		0.78349			4
2026.05.06	00:22:54.158		0.78345			4
2026.05.06	00:23:07.113	0.78220				2
2026.05.06	00:23:32.313		0.78344			4
2026.05.06	00:23:35.086		0.78345			4
2026.05.06	00:23:57.296		0.78346			4
2026.05.06	00:24:02.613	0.78220	0.78345			6
2026.05.06	00:24:06.201	0.78222				2
2026.05.06	00:24:06.504		0.78350			4
2026.05.06	00:24:07.116		0.78351			4
2026.05.06	00:24:10.413		0.78352			4
2026.05.06	00:24:17.913		0.78351			4
2026.05.06	00:24:26.918		0.78354			4
2026.05.06	00:24:30.887	0.78263	0.78368			6
2026.05.06	00:24:34.413	0.78262				2
2026.05.06	00:24:38.613		0.78369			4
2026.05.06	00:24:50.613	0.78261				2
2026.05.06	00:24:56.661	0.78265	0.78372			6
2026.05.06	00:25:00.127	0.78265				2
2026.05.06	00:25:00.428	0.78261	0.78361			6
2026.05.06	00:25:06.057		0.78362			4
2026.05.06	00:25:13.387	0.78259	0.78364			6
2026.05.06	00:25:20.913	0.78258				2
2026.05.06	00:25:29.927		0.78365			4
2026.05.06	00:25:30.887		0.78369			4
2026.05.06	00:25:38.174	0.78259				2
2026.05.06	00:25:38.477		0.78368			4
2026.05.06	00:25:48.213	0.78258	0.78369			6
2026.05.06	00:25:54.099	0.78257				2
2026.05.06	00:25:58.236	0.78256				2
2026.05.06	00:25:58.538		0.78371			4
2026.05.06	00:26:01.373	0.78256				2
2026.05.06	00:26:08.128	0.78254	0.78372			6
2026.05.06	00:26:08.428	0.78243	0.78366			6
2026.05.06	00:26:20.888	0.78255	0.78376			6
2026.05.06	00:26:56.676		0.78371			4
2026.05.06	00:26:57.382	0.78270	0.78411			6
2026.05.06	00:27:03.025	0.78270				2
2026.05.06	00:27:07.761		0.78408			4
2026.05.06	00:27:08.062		0.78416			4
2026.05.06	00:27:08.363		0.78415			4
2026.05.06	00:27:21.531		0.78412			4
2026.05.06	00:27:21.832		0.78409			4
2026.05.06	00:27:22.132		0.78414			4
2026.05.06	00:27:26.373		0.78410			4
2026.05.06	00:27:27.166		0.78393			4
2026.05.06	00:27:31.125	0.78297	0.78439			6
2026.05.06	00:27:31.428	0.78286				2
2026.05.06	00:27:41.269	0.78288				2
2026.05.06	00:27:53.416	0.78287				2
2026.05.06	00:27:57.431	0.78289				2
2026.05.06	00:28:01.713	0.78289				2
2026.05.06	00:28:05.677	0.78290				2
2026.05.06	00:28:08.179	0.78289				2
2026.05.06	00:28:08.780	0.78267	0.78419			6
2026.05.06	00:28:19.172	0.78279	0.78447			6
2026.05.06	00:28:19.472	0.78286	0.78449			6
2026.05.06	00:28:23.661	0.78279				2
2026.05.06	00:28:31.921		0.78448			4
2026.05.06	00:28:36.721	0.78270	0.78416			6
2026.05.06	00:28:38.484		0.78418			4
2026.05.06	00:28:45.387		0.78422			4
2026.05.06	00:28:45.687		0.78420			4
2026.05.06	00:28:46.369		0.78416			4
2026.05.06	00:28:46.670		0.78417			4
2026.05.06	00:28:59.611		0.78414			4
2026.05.06	00:29:01.372	0.78270				2
2026.05.06	00:29:04.120	0.78258	0.78387			6
2026.05.06	00:29:04.550	0.78260	0.78385			6
2026.05.06	00:29:08.176	0.78261	0.78384			6
2026.05.06	00:29:10.380		0.78380			4
2026.05.06	00:29:12.377	0.78273	0.78368			6
2026.05.06	00:29:12.679	0.78262	0.78363			6
2026.05.06	00:29:13.714	0.78261				2
2026.05.06	00:29:20.913		0.78364			4
2026.05.06	00:29:27.163	0.78272	0.78369			6
2026.05.06	00:29:28.479	0.78271	0.78370			6
2026.05.06	00:29:31.899		0.78376			4
2026.05.06	00:29:36.814	0.78270	0.78363			6
2026.05.06	00:29:42.798	0.78250				2
2026.05.06	00:29:58.113	0.78249				2
2026.05.06	00:29:58.413		0.78364			4
2026.05.06	00:30:00.214	0.78270	0.78365			6
2026.05.06	00:30:00.514	0.78267				2
2026.05.06	00:30:02.873	0.78264	0.78366			6
2026.05.06	00:30:03.473	0.78263	0.78364			6
2026.05.06	00:30:05.014	0.78269	0.78366			6
2026.05.06	00:30:12.421	0.78267	0.78364			6
2026.05.06	00:30:13.409	0.78258	0.78363			6
2026.05.06	00:30:15.749	0.78263	0.78360			6
2026.05.06	00:30:23.312	0.78264				2
2026.05.06	00:30:25.713	0.78263				2
2026.05.06	00:30:36.917	0.78249	0.78362			6
2026.05.06	00:30:37.217	0.78265	0.78367			6
2026.05.06	00:30:37.517		0.78370			4
2026.05.06	00:30:38.915	0.78264	0.78371			6
2026.05.06	00:30:39.742	0.78260	0.78360			6
2026.05.06	00:30:40.465	0.78257				2
2026.05.06	00:30:40.765		0.78368			4
2026.05.06	00:30:43.237	0.78254	0.78363			6
2026.05.06	00:30:53.238		0.78367			4
2026.05.06	00:30:57.442		0.78352			4
2026.05.06	00:30:58.476		0.78367			4
2026.05.06	00:31:07.166	0.78254	0.78352			6
2026.05.06	00:31:07.828	0.78252	0.78353			6
2026.05.06	00:31:08.129	0.78251	0.78354			6
2026.05.06	00:31:08.429	0.78258	0.78370			6
2026.05.06	00:31:11.912	0.78259				2
2026.05.06	00:31:13.413	0.78258				2
2026.05.06	00:31:15.514	0.78259				2
2026.05.06	00:31:23.369	0.78260	0.78369			6
2026.05.06	00:31:25.413		0.78368			4
2026.05.06	00:31:42.456	0.78264	0.78374			6
2026.05.06	00:31:43.713	0.78263				2
2026.05.06	00:31:49.204	0.78256				2
2026.05.06	00:31:53.324	0.78257	0.78373			6
2026.05.06	00:31:55.883	0.78258				2
2026.05.06	00:31:56.186		0.78372			4
2026.05.06	00:32:00.308	0.78258				2
2026.05.06	00:32:04.414	0.78259	0.78371			6
2026.05.06	00:32:08.494	0.78268	0.78370			6
2026.05.06	00:32:09.514	0.78267				2
2026.05.06	00:32:21.311	0.78260	0.78378			6
2026.05.06	00:32:21.611	0.78265	0.78365			6
2026.05.06	00:32:27.427	0.78256	0.78357			6
2026.05.06	00:32:36.272	0.78257	0.78356			6
2026.05.06	00:32:51.863	0.78259	0.78354			6
2026.05.06	00:32:52.162	0.78258	0.78356			6
2026.05.06	00:32:52.462	0.78259				2
2026.05.06	00:32:55.671	0.78261	0.78354			6
2026.05.06	00:32:55.972	0.78259	0.78355			6
2026.05.06	00:32:57.214	0.78258	0.78356			6
2026.05.06	00:32:59.935	0.78260				2
2026.05.06	00:33:00.236	0.78260	0.78354			6
2026.05.06	00:33:00.813	0.78259	0.78355			6
2026.05.06	00:33:03.213	0.78260				2
2026.05.06	00:33:04.871	0.78259				2
2026.05.06	00:33:06.720	0.78260	0.78354			6
2026.05.06	00:33:07.022	0.78261	0.78353			6
2026.05.06	00:33:12.601		0.78352			4
2026.05.06	00:33:12.902	0.78257	0.78353			6
2026.05.06	00:33:13.202	0.78258	0.78352			6
2026.05.06	00:33:13.502	0.78257	0.78353			6
2026.05.06	00:33:13.802	0.78261	0.78359			6
2026.05.06	00:33:14.103	0.78258	0.78352			6
2026.05.06	00:33:17.977	0.78261	0.78353			6
2026.05.06	00:33:21.374	0.78264	0.78366			6
2026.05.06	00:33:30.228	0.78265	0.78369			6
2026.05.06	00:33:35.470	0.78260	0.78356			6
2026.05.06	00:33:35.771	0.78262	0.78355			6
2026.05.06	00:33:36.624	0.78258				2
2026.05.06	00:33:36.924	0.78264	0.78359			6
2026.05.06	00:33:37.225	0.78252	0.78355			6
2026.05.06	00:33:37.632	0.78249				2
2026.05.06	00:33:37.932	0.78252	0.78354			6
2026.05.06	00:33:38.233	0.78253	0.78353			6
2026.05.06	00:33:40.713	0.78254				2
2026.05.06	00:33:56.288	0.78263	0.78364			6
2026.05.06	00:33:56.588	0.78264	0.78366			6
2026.05.06	00:33:57.514	0.78265				2
2026.05.06	00:34:01.713	0.78265				2
2026.05.06	00:34:03.214	0.78252	0.78356			6
2026.05.06	00:34:03.515	0.78264	0.78357			6
2026.05.06	00:34:04.181	0.78265	0.78356			6
2026.05.06	00:34:05.070	0.78264	0.78357			6
2026.05.06	00:34:07.413	0.78263				2
2026.05.06	00:34:07.717		0.78358			4
2026.05.06	00:34:11.912	0.78264	0.78357			6
2026.05.06	00:34:27.213	0.78263				2
2026.05.06	00:34:30.213	0.78264				2
2026.05.06	00:34:38.313	0.78263				2
2026.05.06	00:34:38.614		0.78358			4
2026.05.06	00:34:40.070	0.78264	0.78357			6
2026.05.06	00:34:51.928	0.78265	0.78362			6
2026.05.06	00:34:53.487	0.78262				2
2026.05.06	00:34:54.792	0.78263	0.78357			6
2026.05.06	00:34:56.612	0.78264				2
2026.05.06	00:34:57.214	0.78249	0.78355			6
2026.05.06	00:34:57.516	0.78253	0.78351			6
2026.05.06	00:34:57.816	0.78263	0.78368			6
2026.05.06	00:34:58.389	0.78262	0.78369			6
2026.05.06	00:35:03.069	0.78260	0.78370			6
2026.05.06	00:35:03.370	0.78262	0.78368			6
2026.05.06	00:35:05.104	0.78260	0.78361			6
2026.05.06	00:35:07.426	0.78256	0.78365			6
2026.05.06	00:35:08.195	0.78259	0.78362			6
2026.05.06	00:35:09.669	0.78256	0.78365			6
2026.05.06	00:35:11.950	0.78259	0.78361			6
2026.05.06	00:35:12.253		0.78362			4
2026.05.06	00:35:15.073	0.78262				2
2026.05.06	00:35:15.376	0.78259				2
2026.05.06	00:35:15.677	0.78256	0.78364			6
2026.05.06	00:35:15.977	0.78255	0.78365			6
2026.05.06	00:35:16.291	0.78259				2
2026.05.06	00:35:16.592		0.78362			4
2026.05.06	00:35:17.197	0.78253	0.78351			6
2026.05.06	00:35:17.496	0.78259	0.78362			6
2026.05.06	00:35:17.801	0.78255	0.78366			6
2026.05.06	00:35:21.613	0.78259	0.78362			6
2026.05.06	00:35:24.370	0.78258	0.78363			6
2026.05.06	00:35:24.813	0.78259				2
2026.05.06	00:35:25.114		0.78362			4
2026.05.06	00:35:26.356	0.78256	0.78365			6
2026.05.06	00:35:26.658	0.78258	0.78363			6
2026.05.06	00:35:26.959	0.78260	0.78361			6
2026.05.06	00:35:27.561	0.78261	0.78360			6
2026.05.06	00:35:27.861	0.78259	0.78362			6
2026.05.06	00:35:28.187	0.78263	0.78358			6
2026.05.06	00:35:28.487	0.78259	0.78362			6
2026.05.06	00:35:29.712	0.78265				2
2026.05.06	00:35:30.013	0.78259				2
2026.05.06	00:35:32.699	0.78260	0.78361			6
2026.05.06	00:35:33.001	0.78263	0.78358			6
2026.05.06	00:35:33.306	0.78260	0.78361			6
2026.05.06	00:35:34.215	0.78258	0.78352			6
2026.05.06	00:35:34.514		0.78355			4
2026.05.06	00:35:34.815	0.78259	0.78354			6
2026.05.06	00:35:37.345	0.78258	0.78355			6
2026.05.06	00:35:37.646	0.78261	0.78357			6
2026.05.06	00:35:37.946	0.78263	0.78355			6
2026.05.06	00:35:38.246	0.78261	0.78360			6
2026.05.06	00:35:38.546	0.78260	0.78363			6
2026.05.06	00:35:38.846		0.78361			4
2026.05.06	00:35:40.040	0.78258				2
2026.05.06	00:35:40.341	0.78260	0.78367			6
2026.05.06	00:35:40.641	0.78263				2
2026.05.06	00:35:40.942	0.78260	0.78370			6
2026.05.06	00:35:42.513	0.78261				2
2026.05.06	00:35:43.772	0.78259	0.78371			6
2026.05.06	00:35:44.075	0.78260	0.78368			6
2026.05.06	00:35:44.677	0.78262	0.78365			6
2026.05.06	00:35:44.981	0.78265	0.78362			6
2026.05.06	00:35:45.283	0.78266				2
2026.05.06	00:35:45.886		0.78361			4
2026.05.06	00:35:46.364	0.78263				2
2026.05.06	00:35:46.665	0.78265	0.78362			6
2026.05.06	00:35:46.972	0.78263	0.78364			6
2026.05.06	00:35:47.272	0.78266	0.78362			6
2026.05.06	00:35:58.947	0.78227	0.78356			6
2026.05.06	00:35:59.247	0.78265				2
2026.05.06	00:36:00.249	0.78265				2
2026.05.06	00:36:14.233	0.78251	0.78355			6
2026.05.06	00:36:19.467	0.78266	0.78360			6
2026.05.06	00:36:21.691	0.78252	0.78355			6
2026.05.06	00:36:23.706	0.78266	0.78360			6
2026.05.06	00:36:27.321	0.78252	0.78355			6
2026.05.06	00:36:31.714	0.78265				2
2026.05.06	00:36:35.152		0.78354			4
2026.05.06	00:36:37.465		0.78360			4
2026.05.06	00:36:37.768		0.78354			4
2026.05.06	00:36:38.667		0.78355			4
2026.05.06	00:36:39.701		0.78354			4
2026.05.06	00:36:40.001	0.78261	0.78362			6
2026.05.06	00:36:40.302	0.78257	0.78351			6
2026.05.06	00:36:40.604		0.78352			4
2026.05.06	00:36:40.906		0.78351			4
2026.05.06	00:36:42.272	0.78259	0.78349			6
2026.05.06	00:36:42.875	0.78258	0.78351			6
2026.05.06	00:36:43.175	0.78264	0.78360			6
2026.05.06	00:36:43.476		0.78356			4
2026.05.06	00:36:45.305	0.78265	0.78360			6
2026.05.06	00:36:45.605		0.78355			4
2026.05.06	00:36:47.164	0.78261	0.78349			6
2026.05.06	00:36:48.366	0.78262	0.78348			6
2026.05.06	00:36:48.665	0.78260	0.78349			6
2026.05.06	00:36:48.965	0.78266	0.78359			6
2026.05.06	00:36:49.266		0.78354			4
2026.05.06	00:36:50.226	0.78265	0.78351			6
2026.05.06	00:36:50.827	0.78266				2
2026.05.06	00:36:51.127	0.78258	0.78350			6
2026.05.06	00:36:51.432	0.78259	0.78348			6
2026.05.06	00:36:52.033	0.78261	0.78346			6
2026.05.06	00:36:52.633	0.78260	0.78347			6
2026.05.06	00:36:55.638	0.78259				2
2026.05.06	00:37:01.915	0.78260				2
2026.05.06	00:37:03.738	0.78259				2
2026.05.06	00:37:07.161	0.78265	0.78352			6
2026.05.06	00:37:07.461	0.78264	0.78351			6
2026.05.06	00:37:07.761		0.78348			4
2026.05.06	00:37:08.512	0.78263	0.78352			6
2026.05.06	00:37:08.814		0.78348			4
2026.05.06	00:37:09.416	0.78265	0.78354			6
2026.05.06	00:37:09.813	0.78264	0.78355			6
2026.05.06	00:37:12.277		0.78356			4
2026.05.06	00:37:12.880	0.78265	0.78354			6
2026.05.06	00:37:14.085	0.78266	0.78357			6
2026.05.06	00:37:14.778	0.78264				2
2026.05.06	00:37:15.084		0.78359			4
2026.05.06	00:37:15.389	0.78265	0.78358			6
2026.05.06	00:37:18.580	0.78266	0.78357			6
2026.05.06	00:37:18.880	0.78263	0.78346			6
2026.05.06	00:37:22.413		0.78345			4
2026.05.06	00:37:25.113	0.78264				2
2026.05.06	00:37:29.236	0.78262				2
2026.05.06	00:37:31.413		0.78344			4
2026.05.06	00:37:34.079	0.78264				2
2026.05.06	00:37:34.379	0.78265	0.78358			6
2026.05.06	00:37:36.080		0.78357			4
2026.05.06	00:37:37.302	0.78266				2
2026.05.06	00:37:39.600	0.78267	0.78356			6
2026.05.06	00:37:40.800	0.78265	0.78358			6
2026.05.06	00:37:41.300	0.78267	0.78356			6
2026.05.06	00:37:46.114	0.78268	0.78355			6
2026.05.06	00:37:46.423	0.78266	0.78357			6
2026.05.06	00:37:47.645	0.78267	0.78356			6
2026.05.06	00:37:48.342		0.78355			4
2026.05.06	00:37:48.643	0.78266	0.78350			6
2026.05.06	00:37:48.943	0.78267	0.78349			6
2026.05.06	00:37:49.246	0.78266	0.78353			6
2026.05.06	00:37:50.991		0.78357			4
2026.05.06	00:37:52.298	0.78267	0.78356			6
2026.05.06	00:37:53.554	0.78266	0.78357			6
2026.05.06	00:37:53.855	0.78267	0.78356			6
2026.05.06	00:37:59.393	0.78268	0.78358			6
2026.05.06	00:38:01.114	0.78268	0.78357			6
2026.05.06	00:38:02.009	0.78269	0.78349			6
2026.05.06	00:38:02.609	0.78270				2
2026.05.06	00:38:02.910	0.78269				2
2026.05.06	00:38:04.213		0.78353			4
2026.05.06	00:38:05.114	0.78270	0.78352			6
2026.05.06	00:38:07.163	0.78267	0.78346			6
2026.05.06	00:38:08.534	0.78270	0.78356			6
2026.05.06	00:38:11.566	0.78271				2
2026.05.06	00:38:11.866		0.78355			4
2026.05.06	00:38:12.567	0.78270				2
2026.05.06	00:38:12.868		0.78356			4
2026.05.06	00:38:14.606		0.78352			4
2026.05.06	00:38:17.614	0.78271				2
2026.05.06	00:38:19.210	0.78267	0.78346			6
2026.05.06	00:38:29.421	0.78271	0.78352			6
2026.05.06	00:38:34.210	0.78267	0.78346			6
2026.05.06	00:38:44.231	0.78271	0.78351			6
2026.05.06	00:38:44.832	0.78270	0.78352			6
2026.05.06	00:38:45.133	0.78271	0.78348			6
2026.05.06	00:38:46.054	0.78264	0.78346			6
2026.05.06	00:38:50.013		0.78345			4
2026.05.06	00:38:56.245	0.78273	0.78350			6
2026.05.06	00:38:56.546		0.78353			4
2026.05.06	00:38:57.147		0.78349			4
2026.05.06	00:38:58.048	0.78272	0.78350			6
2026.05.06	00:38:58.347	0.78269	0.78349			6
2026.05.06	00:38:58.948	0.78268	0.78350			6
2026.05.06	00:39:00.129	0.78272				2
2026.05.06	00:39:00.429	0.78276				2
2026.05.06	00:39:02.616		0.78351			4
2026.05.06	00:39:03.568		0.78350			4
2026.05.06	00:39:03.869	0.78275	0.78351			6
2026.05.06	00:39:08.256	0.78262				2
2026.05.06	00:39:23.380	0.78259	0.78350			6
2026.05.06	00:39:24.438		0.78351			4
2026.05.06	00:39:26.013		0.78350			4
2026.05.06	00:39:26.472	0.78263				2
2026.05.06	00:39:28.481	0.78262	0.78351			6
2026.05.06	00:39:28.783	0.78263	0.78350			6
2026.05.06	00:39:33.882	0.78276				2
2026.05.06	00:39:37.145	0.78269				2
2026.05.06	00:39:38.545	0.78268	0.78351			6
2026.05.06	00:39:40.432	0.78265				2
2026.05.06	00:39:40.730	0.78266	0.78350			6
2026.05.06	00:39:41.030	0.78263	0.78359			6
2026.05.06	00:39:41.330	0.78267	0.78356			6
2026.05.06	00:39:41.932	0.78269	0.78353			6
2026.05.06	00:39:42.837	0.78266	0.78357			6
2026.05.06	00:39:43.138	0.78267	0.78356			6
2026.05.06	00:39:43.434	0.78270	0.78353			6
2026.05.06	00:39:43.739	0.78267	0.78355			6
2026.05.06	00:39:44.385	0.78266	0.78356			6
2026.05.06	00:39:44.686	0.78267	0.78340			6
2026.05.06	00:39:44.986	0.78265	0.78342			6
2026.05.06	00:39:45.287	0.78262	0.78350			6
2026.05.06	00:39:45.587	0.78266	0.78338			6
2026.05.06	00:39:45.888		0.78337			4
2026.05.06	00:39:46.189	0.78268	0.78352			6
2026.05.06	00:39:46.488	0.78270	0.78350			6
2026.05.06	00:39:46.789	0.78267	0.78352			6
2026.05.06	00:39:47.090	0.78266	0.78353			6
2026.05.06	00:39:47.390	0.78269	0.78350			6
2026.05.06	00:39:48.514	0.78270	0.78349			6
2026.05.06	00:39:49.126	0.78269				2
2026.05.06	00:39:49.428		0.78350			4
2026.05.06	00:39:51.213	0.78270	0.78349			6
2026.05.06	00:39:57.307	0.78271	0.78348			6
2026.05.06	00:39:57.609		0.78349			4
2026.05.06	00:39:59.050	0.78270				2
2026.05.06	00:39:59.913	0.78271				2
2026.05.06	00:40:00.677	0.78271				2
2026.05.06	00:40:00.977		0.78348			4
2026.05.06	00:40:06.514	0.78272	0.78347			6
2026.05.06	00:40:07.462	0.78271	0.78340			6
2026.05.06	00:40:08.348	0.78272				2
2026.05.06	00:40:08.650		0.78339			4
2026.05.06	00:40:08.952		0.78348			4
2026.05.06	00:40:09.253	0.78269	0.78347			6
2026.05.06	00:40:09.556	0.78270	0.78346			6
2026.05.06	00:40:09.858	0.78272	0.78344			6
2026.05.06	00:40:10.159	0.78271	0.78345			6
2026.05.06	00:40:11.915	0.78272				2
2026.05.06	00:40:12.214		0.78344			4
2026.05.06	00:40:14.144		0.78336			4
2026.05.06	00:40:14.445	0.78271	0.78337			6
2026.05.06	00:40:15.396		0.78336			4
2026.05.06	00:40:16.159	0.78272				2
2026.05.06	00:40:19.921		0.78346			4
2026.05.06	00:40:24.073	0.78273				2
2026.05.06	00:40:24.374	0.78271	0.78348			6
2026.05.06	00:40:24.675	0.78274	0.78345			6
2026.05.06	00:40:27.379	0.78273				2
2026.05.06	00:40:27.679	0.78274				2
2026.05.06	00:40:30.312		0.78348			4
2026.05.06	00:40:31.177	0.78257	0.78365			6
2026.05.06	00:40:32.197	0.78249				2
2026.05.06	00:40:33.180	0.78251	0.78359			6
2026.05.06	00:40:33.484	0.78252	0.78363			6
2026.05.06	00:40:33.786	0.78259	0.78355			6
2026.05.06	00:40:34.086	0.78253	0.78361			6
2026.05.06	00:40:34.687	0.78258				2
2026.05.06	00:40:35.287	0.78256	0.78359			6
2026.05.06	00:40:35.587	0.78269	0.78345			6
2026.05.06	00:40:35.887	0.78262	0.78353			6
2026.05.06	00:40:36.188	0.78255	0.78359			6
2026.05.06	00:40:37.174	0.78247				2
2026.05.06	00:40:37.480	0.78249	0.78357			6
2026.05.06	00:40:37.781	0.78260	0.78346			6
2026.05.06	00:40:38.279	0.78259				2
2026.05.06	00:40:38.580	0.78248	0.78359			6
2026.05.06	00:40:38.883	0.78250	0.78358			6
2026.05.06	00:40:40.113		0.78357			4
2026.05.06	00:40:42.204	0.78254	0.78354			6
2026.05.06	00:40:42.505	0.78263	0.78356			6
2026.05.06	00:40:42.804	0.78264	0.78355			6
2026.05.06	00:40:45.564	0.78262	0.78353			6
2026.05.06	00:40:45.864	0.78256				2
2026.05.06	00:40:47.564	0.78254	0.78355			6
2026.05.06	00:40:49.064		0.78354			4
2026.05.06	00:40:50.183	0.78255				2
2026.05.06	00:40:52.752	0.78253				2
2026.05.06	00:40:53.056		0.78355			4
2026.05.06	00:40:53.701	0.78252	0.78356			6
2026.05.06	00:40:54.002	0.78251				2
2026.05.06	00:40:54.602	0.78252				2
2026.05.06	00:40:56.914	0.78251				2
2026.05.06	00:40:57.710	0.78259	0.78349			6
2026.05.06	00:40:58.478	0.78270				2
2026.05.06	00:41:00.281	0.78270				2
2026.05.06	00:41:02.761		0.78358			4
2026.05.06	00:41:04.121		0.78359			4
2026.05.06	00:41:09.246	0.78259	0.78360			6
2026.05.06	00:41:13.242	0.78271	0.78359			6
2026.05.06	00:41:19.367		0.78360			4
2026.05.06	00:41:20.703		0.78361			4
2026.05.06	00:41:30.729	0.78255				2
2026.05.06	00:41:31.028	0.78258				2
2026.05.06	00:41:33.100	0.78272	0.78360			6
2026.05.06	00:41:33.405		0.78361			4
2026.05.06	00:41:35.703	0.78260				2
2026.05.06	00:41:37.009	0.78259				2
2026.05.06	00:41:37.317		0.78362			4
2026.05.06	00:41:41.805	0.78260	0.78361			6
2026.05.06	00:41:43.999	0.78274				2
2026.05.06	00:41:44.301	0.78259				2
2026.05.06	00:41:48.485	0.78255				2
2026.05.06	00:41:58.813	0.78274				2
2026.05.06	00:42:00.410	0.78274				2
2026.05.06	00:42:03.625	0.78255				2
2026.05.06	00:42:07.952		0.78362			4
2026.05.06	00:42:10.113		0.78361			4
2026.05.06	00:42:13.948	0.78272	0.78362			6
2026.05.06	00:42:17.014		0.78364			4
2026.05.06	00:42:17.317		0.78366			4
2026.05.06	00:42:17.628		0.78364			4
2026.05.06	00:42:17.929		0.78365			4
2026.05.06	00:42:33.515		0.78364			4
2026.05.06	00:42:38.149		0.78365			4
2026.05.06	00:42:44.662	0.78260				2
2026.05.06	00:42:44.961		0.78363			4
2026.05.06	00:42:45.716		0.78362			4
2026.05.06	00:42:54.065		0.78361			4
2026.05.06	00:42:58.946		0.78362			4
2026.05.06	00:42:59.547	0.78276	0.78361			6
2026.05.06	00:43:02.013	0.78276	0.78362			6
2026.05.06	00:43:08.476	0.78255				2
2026.05.06	00:43:16.085	0.78275	0.78361			6
2026.05.06	00:43:20.896	0.78255	0.78362			6
2026.05.06	00:43:25.204	0.78275				2
2026.05.06	00:43:27.433	0.78255				2
2026.05.06	00:43:34.429	0.78258				2
2026.05.06	00:43:35.705	0.78274				2
2026.05.06	00:43:38.477	0.78255				2
2026.05.06	00:43:47.314	0.78256				2
2026.05.06	00:43:51.948	0.78255				2
2026.05.06	00:43:54.105	0.78258				2
2026.05.06	00:43:58.127	0.78274				2
2026.05.06	00:44:03.052	0.78274				2
2026.05.06	00:44:03.357	0.78257				2
2026.05.06	00:44:13.782	0.78255				2
2026.05.06	00:44:19.671		0.78363			4
2026.05.06	00:44:24.074	0.78276				2
2026.05.06	00:44:24.375		0.78365			4
2026.05.06	00:44:40.988	0.78261				2
2026.05.06	00:44:41.289		0.78363			4
2026.05.06	00:44:45.213		0.78362			4
2026.05.06	00:44:48.479	0.78276	0.78363			6
2026.05.06	00:44:54.953	0.78274				2
2026.05.06	00:44:58.179	0.78255				2
2026.05.06	00:45:02.598	0.78229	0.78373			6
2026.05.06	00:45:02.899	0.78277	0.78372			6
2026.05.06	00:45:05.606	0.78255	0.78364			6
2026.05.06	00:45:11.951		0.78363			4
2026.05.06	00:45:12.859	0.78273				2
2026.05.06	00:45:15.107		0.78362			4
2026.05.06	00:45:15.978	0.78255	0.78363			6
2026.05.06	00:45:35.170		0.78364			4
2026.05.06	00:45:53.126	0.78257	0.78363			6
2026.05.06	00:45:53.425	0.78268	0.78365			6
2026.05.06	00:45:57.720	0.78274	0.78363			6
2026.05.06	00:45:58.020	0.78273	0.78364			6
2026.05.06	00:45:58.955	0.78268				2
2026.05.06	00:46:00.264	0.78268				2
2026.05.06	00:46:01.289		0.78363			4
2026.05.06	00:46:02.180		0.78364			4
2026.05.06	00:46:09.063	0.78271				2
2026.05.06	00:46:11.955	0.78268	0.78363			6
2026.05.06	00:46:13.430		0.78362			4
2026.05.06	00:46:13.730		0.78363			4
2026.05.06	00:46:14.031		0.78362			4
2026.05.06	00:46:15.080		0.78363			4
2026.05.06	00:46:15.380		0.78364			4
2026.05.06	00:46:16.378		0.78365			4
2026.05.06	00:46:19.713		0.78366			4
2026.05.06	00:46:26.258	0.78269				2
2026.05.06	00:46:26.558	0.78268				2
2026.05.06	00:46:26.860		0.78365			4
2026.05.06	00:46:27.586	0.78269				2
2026.05.06	00:46:28.488	0.78268				2
2026.05.06	00:46:29.693	0.78269				2
2026.05.06	00:46:34.957	0.78268				2
2026.05.06	00:46:35.558		0.78366			4
2026.05.06	00:46:36.163		0.78365			4
2026.05.06	00:46:39.470	0.78269				2
2026.05.06	00:46:39.770	0.78268				2
2026.05.06	00:46:44.229		0.78366			4
2026.05.06	00:46:45.131		0.78365			4
2026.05.06	00:46:45.732	0.78269				2
2026.05.06	00:46:46.032	0.78268				2
2026.05.06	00:46:48.349	0.78278				2
2026.05.06	00:46:50.938		0.78362			4
2026.05.06	00:46:51.238		0.78361			4
2026.05.06	00:46:51.538		0.78362			4
2026.05.06	00:46:51.839	0.78269	0.78361			6
2026.05.06	00:46:52.501	0.78271	0.78359			6
2026.05.06	00:46:52.804	0.78265	0.78360			6
2026.05.06	00:46:57.715	0.78275				2
2026.05.06	00:46:58.016	0.78274				2
2026.05.06	00:46:58.316	0.78275	0.78359			6
2026.05.06	00:47:00.580	0.78265				2
2026.05.06	00:47:01.182	0.78275				2
2026.05.06	00:47:01.483	0.78271				2
2026.05.06	00:47:02.086	0.78270	0.78360			6
2026.05.06	00:47:02.688	0.78277	0.78370			6
2026.05.06	00:47:03.589	0.78285				2
2026.05.06	00:47:03.890	0.78273				2
2026.05.06	00:47:05.097	0.78286				2
2026.05.06	00:47:05.400	0.78270	0.78360			6
2026.05.06	00:47:06.304	0.78271	0.78359			6
2026.05.06	00:47:07.260	0.78270	0.78360			6
2026.05.06	00:47:07.560	0.78265				2
2026.05.06	00:47:20.707	0.78275				2
2026.05.06	00:47:21.962	0.78270				2
2026.05.06	00:47:22.263	0.78271	0.78359			6
2026.05.06	00:47:23.284	0.78270	0.78360			6
2026.05.06	00:47:23.584	0.78265				2
2026.05.06	00:47:26.508	0.78266	0.78359			6
2026.05.06	00:47:26.813	0.78277				2
2026.05.06	00:47:28.980	0.78265				2
2026.05.06	00:47:43.390	0.78277				2
2026.05.06	00:47:50.207	0.78279				2
2026.05.06	00:47:50.613	0.78278				2
2026.05.06	00:47:51.961	0.78266				2
2026.05.06	00:47:52.261		0.78358			4
2026.05.06	00:47:56.678		0.78359			4
2026.05.06	00:47:59.582		0.78358			4
2026.05.06	00:48:02.043	0.78266				2
2026.05.06	00:48:02.346	0.78275	0.78359			6
2026.05.06	00:48:02.646	0.78279	0.78360			6
2026.05.06	00:48:03.246	0.78267	0.78358			6
2026.05.06	00:48:03.546		0.78359			4
2026.05.06	00:48:14.357	0.78285	0.78358			6
2026.05.06	00:48:14.657	0.78272				2
2026.05.06	00:48:15.259	0.78273	0.78359			6
2026.05.06	00:48:15.559	0.78280				2
2026.05.06	00:48:15.860	0.78267	0.78358			6
2026.05.06	00:48:17.312	0.78266	0.78359			6
2026.05.06	00:48:20.763		0.78358			4
2026.05.06	00:48:22.306		0.78360			4
2026.05.06	00:48:22.606	0.78271	0.78359			6
2026.05.06	00:48:23.225	0.78272	0.78358			6
2026.05.06	00:48:24.729	0.78266				2
2026.05.06	00:48:31.082		0.78360			4
2026.05.06	00:48:34.548	0.78278	0.78359			6
2026.05.06	00:48:34.849	0.78282	0.78360			6
2026.05.06	00:48:35.153	0.78285	0.78359			6
2026.05.06	00:48:35.458	0.78278				2
2026.05.06	00:48:36.483	0.78279				2
2026.05.06	00:48:36.786		0.78358			4
2026.05.06	00:48:38.230	0.78266				2
2026.05.06	00:48:41.578	0.78272				2
2026.05.06	00:48:43.086	0.78268				2
2026.05.06	00:48:48.583	0.78272				2
2026.05.06	00:49:01.372	0.78272				2
2026.05.06	00:49:01.672	0.78268	0.78359			6
2026.05.06	00:49:02.878		0.78358			4
2026.05.06	00:49:05.312	0.78280	0.78359			6
2026.05.06	00:49:05.617	0.78281	0.78358			6
2026.05.06	00:49:05.917	0.78279				2
2026.05.06	00:49:06.219	0.78280	0.78359			6
2026.05.06	00:49:06.520	0.78270				2
2026.05.06	00:49:06.822	0.78268				2
2026.05.06	00:49:07.121		0.78357			4
2026.05.06	00:49:07.722		0.78358			4
2026.05.06	00:49:08.431	0.78279				2
2026.05.06	00:49:09.681	0.78281				2
2026.05.06	00:49:10.286	0.78274				2
2026.05.06	00:49:12.213	0.78273	0.78359			6
2026.05.06	00:49:12.515	0.78274	0.78358			6
2026.05.06	00:49:13.700	0.78268				2
2026.05.06	00:49:14.001		0.78357			4
2026.05.06	00:49:14.300	0.78273				2
2026.05.06	00:49:14.603	0.78268				2
2026.05.06	00:49:15.533	0.78270	0.78355			6
2026.05.06	00:49:17.964	0.78275				2
2026.05.06	00:49:22.929	0.78283				2
2026.05.06	00:49:25.977	0.78280				2
2026.05.06	00:49:26.277	0.78278				2
2026.05.06	00:49:26.578	0.78275				2
2026.05.06	00:49:26.885	0.78276				2
2026.05.06	00:49:51.631	0.78283				2
2026.05.06	00:49:52.232	0.78277				2
2026.05.06	00:50:00.157	0.78277				2
2026.05.06	00:50:14.078	0.78275				2
2026.05.06	00:50:16.713		0.78355			4
2026.05.06	00:50:19.113	0.78274				2
2026.05.06	00:50:19.417		0.78356			4
2026.05.06	00:50:21.678	0.78303				2
2026.05.06	00:50:21.978	0.78279				2
2026.05.06	00:50:22.279	0.78287				2
2026.05.06	00:50:26.306	0.78282				2
2026.05.06	00:50:26.607	0.78271				2
2026.05.06	00:50:26.916	0.78273				2
2026.05.06	00:50:28.328	0.78271				2
2026.05.06	00:50:31.377	0.78269				2
2026.05.06	00:50:31.678	0.78271				2
2026.05.06	00:50:34.441	0.78270				2
2026.05.06	00:50:36.886	0.78271				2
2026.05.06	00:50:41.613	0.78274				2
2026.05.06	00:50:41.915	0.78270	0.78355			6
2026.05.06	00:50:42.215	0.78271	0.78356			6
2026.05.06	00:50:45.076	0.78279				2
2026.05.06	00:50:49.773	0.78281				2
2026.05.06	00:50:50.373	0.78288				2
2026.05.06	00:50:50.674	0.78279				2
2026.05.06	00:51:01.320	0.78279				2
2026.05.06	00:51:11.722	0.78283				2
2026.05.06	00:51:14.576	0.78281				2
2026.05.06	00:51:14.880	0.78279				2
2026.05.06	00:51:40.077	0.78275				2
2026.05.06	00:51:47.313		0.78356			4
2026.05.06	00:51:51.356	0.78281				2
2026.05.06	00:51:53.296	0.78276				2
2026.05.06	00:51:54.756	0.78275				2
2026.05.06	00:52:01.430	0.78275				2
2026.05.06	00:52:17.971	0.78279				2
2026.05.06	00:52:18.271	0.78281				2
2026.05.06	00:52:18.572	0.78282				2
2026.05.06	00:52:33.793	0.78279				2
2026.05.06	00:52:42.302	0.78274				2
2026.05.06	00:52:49.413		0.78356			4
2026.05.06	00:53:00.115	0.78274				2
2026.05.06	00:53:01.418	0.78283				2
2026.05.06	00:53:06.075	0.78276				2
2026.05.06	00:53:08.554	0.78271				2
2026.05.06	00:53:21.431	0.78274				2
2026.05.06	00:53:23.233	0.78280				2
2026.05.06	00:53:37.928	0.78274				2
2026.05.06	00:53:38.228	0.78276				2
2026.05.06	00:53:38.531	0.78270				2
2026.05.06	00:53:38.833	0.78271				2
2026.05.06	00:53:50.428		0.78356			4
2026.05.06	00:53:50.728	0.78282				2
2026.05.06	00:53:51.029	0.78278				2
2026.05.06	00:53:55.214	0.78276				2
2026.05.06	00:53:56.180	0.78271				2
2026.05.06	00:53:59.384	0.78280				2
2026.05.06	00:53:59.919	0.78278				2
2026.05.06	00:54:00.221	0.78280				2
2026.05.06	00:54:03.178	0.78282				2
2026.05.06	00:54:03.480	0.78274				2
2026.05.06	00:54:04.729	0.78282				2
2026.05.06	00:54:09.480	0.78273				2
2026.05.06	00:54:09.781	0.78269				2
2026.05.06	00:54:19.112	0.78270				2
2026.05.06	00:54:22.112	0.78269				2
2026.05.06	00:54:33.900	0.78280				2
2026.05.06	00:54:35.264	0.78271				2
2026.05.06	00:54:35.865	0.78280				2
2026.05.06	00:54:36.165	0.78274				2
2026.05.06	00:54:36.466	0.78279				2
2026.05.06	00:54:36.766	0.78269				2
2026.05.06	00:54:42.977	0.78262				2
2026.05.06	00:54:43.277	0.78270				2
2026.05.06	00:54:45.822	0.78280				2
2026.05.06	00:54:46.126	0.78271				2
2026.05.06	00:54:47.280	0.78274				2
2026.05.06	00:54:50.686		0.78356			4
2026.05.06	00:54:51.928	0.78270				2
2026.05.06	00:55:00.529	0.78270				2
2026.05.06	00:55:02.915		0.78355			4
2026.05.06	00:55:04.986	0.78275				2
2026.05.06	00:55:09.137	0.78266	0.78364			6
2026.05.06	00:55:09.436	0.78275	0.78355			6
2026.05.06	00:55:19.209	0.78278				2
2026.05.06	00:55:27.335	0.78275	0.78358			6
2026.05.06	00:55:40.566	0.78277	0.78359			6
2026.05.06	00:55:49.589	0.78275				2
2026.05.06	00:55:53.500	0.78276				2
2026.05.06	00:55:54.702	0.78277				2
2026.05.06	00:55:57.108	0.78275				2
2026.05.06	00:56:00.121	0.78275				2
2026.05.06	00:56:07.946		0.78358			4
2026.05.06	00:56:09.149	0.78302	0.78359			6
2026.05.06	00:56:13.058		0.78360			4
2026.05.06	00:56:14.259		0.78359			4
2026.05.06	00:56:28.090	0.78296				2
2026.05.06	00:56:31.401		0.78358			4
2026.05.06	00:56:42.834		0.78357			4
2026.05.06	00:56:54.565		0.78356			4
2026.05.06	00:57:00.271	0.78296				2
2026.05.06	00:57:11.089		0.78355			4
2026.05.06	00:57:23.119	0.78289				2
2026.05.06	00:57:26.130		0.78354			4
2026.05.06	00:57:42.961	0.78292				2
2026.05.06	00:57:43.260	0.78289				2
2026.05.06	00:57:48.370		0.78353			4
2026.05.06	00:57:58.006	0.78293				2
2026.05.06	00:57:58.308	0.78289				2
2026.05.06	00:58:00.117	0.78289				2
2026.05.06	00:58:09.748		0.78352			4
2026.05.06	00:58:12.151		0.78353			4
2026.05.06	00:58:13.965		0.78352			4
2026.05.06	00:58:17.269	0.78291				2
2026.05.06	00:58:22.982		0.78351			4
2026.05.06	00:58:34.121		0.78353			4
2026.05.06	00:58:49.149		0.78352			4
2026.05.06	00:58:59.964		0.78351			4
2026.05.06	00:59:00.265	0.78291				2
2026.05.06	00:59:05.672	0.78294				2
2026.05.06	00:59:05.972	0.78293				2
2026.05.06	00:59:06.272	0.78291				2
2026.05.06	00:59:12.290	0.78289				2
2026.05.06	00:59:21.317	0.78291				2
2026.05.06	00:59:29.739		0.78350			4
2026.05.06	00:59:31.541	0.78289				2
2026.05.06	00:59:31.840	0.78300	0.78349			6
2026.05.06	00:59:32.143	0.78290	0.78351			6
2026.05.06	00:59:42.367	0.78289	0.78350			6
2026.05.06	00:59:47.169	0.78291				2
2026.05.06	00:59:50.478		0.78351			4
2026.05.06	00:59:50.779		0.78352			4
2026.05.06	00:59:53.790		0.78353			4
2026.05.06	00:59:57.101		0.78354			4
2026.05.06	00:59:57.402		0.78355			4
2026.05.06	00:59:57.702		0.78352			4
2026.05.06	00:59:58.911		0.78353			4
2026.05.06	01:00:00.116	0.78291				2
2026.05.06	01:00:00.421		0.78352			4
2026.05.06	01:00:01.315		0.78337			4
2026.05.06	01:00:01.617	0.78236	0.78332			6
2026.05.06	01:00:01.922	0.78226				2
2026.05.06	01:00:02.215	0.78241	0.78330			6
2026.05.06	01:00:02.516	0.78238				2
2026.05.06	01:00:02.818	0.78268	0.78343			6
2026.05.06	01:00:04.321	0.78270	0.78340			6
2026.05.06	01:00:04.622	0.78268	0.78342			6
2026.05.06	01:00:05.825	0.78287	0.78330			6
2026.05.06	01:00:07.023		0.78329			4
2026.05.06	01:00:07.926		0.78330			4
2026.05.06	01:00:08.528		0.78329			4
2026.05.06	01:00:10.928	0.78286	0.78327			6
2026.05.06	01:00:11.228		0.78326			4
2026.05.06	01:00:14.831		0.78327			4
2026.05.06	01:00:15.431	0.78284				2
2026.05.06	01:00:16.634		0.78328			4
2026.05.06	01:00:17.236	0.78286	0.78329			6
2026.05.06	01:00:20.837	0.78287	0.78330			6
2026.05.06	01:00:21.739	0.78288				2
2026.05.06	01:00:23.842	0.78287				2
2026.05.06	01:00:32.545	0.78289	0.78340			6
2026.05.06	01:00:32.845	0.78296	0.78339			6
2026.05.06	01:00:44.863	0.78297				2
2026.05.06	01:00:49.367		0.78340			4
2026.05.06	01:00:58.081	0.78296				2
2026.05.06	01:00:59.585	0.78297				2
2026.05.06	01:00:59.888	0.78296				2
2026.05.06	01:01:00.190	0.78289	0.78342			6
2026.05.06	01:01:00.490		0.78341			4
2026.05.06	01:01:00.786	0.78290				2
2026.05.06	01:01:01.088	0.78289				2
2026.05.06	01:01:01.383	0.78288	0.78340			6
2026.05.06	01:01:04.395	0.78295				2
2026.05.06	01:01:04.994		0.78339			4
2026.05.06	01:01:05.290	0.78296	0.78338			6
2026.05.06	01:01:07.394		0.78337			4
2026.05.06	01:01:08.295		0.78338			4
2026.05.06	01:01:08.896		0.78330			4
2026.05.06	01:01:09.195		0.78329			4
2026.05.06	01:01:10.697		0.78327			4
2026.05.06	01:01:16.103	0.78294				2
2026.05.06	01:01:17.911	0.78295	0.78325			6
2026.05.06	01:01:27.222	0.78300				2
2026.05.06	01:01:27.522	0.78295				2
2026.05.06	01:01:28.122	0.78300				2
2026.05.06	01:01:28.422	0.78295				2
2026.05.06	01:01:31.131		0.78327			4
2026.05.06	01:01:40.440		0.78326			4
2026.05.06	01:01:54.256		0.78324			4
2026.05.06	01:02:00.266	0.78295				2
2026.05.06	01:02:03.571	0.78296				2
2026.05.06	01:02:06.573	0.78300				2
2026.05.06	01:02:18.593	0.78301				2
2026.05.06	01:02:19.794	0.78298				2
2026.05.06	01:02:20.700	0.78301				2
2026.05.06	01:02:29.113	0.78299				2
2026.05.06	01:02:33.624	0.78298				2
2026.05.06	01:02:34.225	0.78296				2
2026.05.06	01:02:35.127	0.78298				2
2026.05.06	01:02:40.235		0.78323			4
2026.05.06	01:02:44.440	0.78297				2
2026.05.06	01:03:00.061	0.78297				2
2026.05.06	01:03:07.265		0.78325			4
2026.05.06	01:03:11.472		0.78323			4
2026.05.06	01:03:14.178		0.78325			4
2026.05.06	01:03:16.280		0.78323			4
2026.05.06	01:03:17.179		0.78325			4
2026.05.06	01:03:18.078		0.78323			4
2026.05.06	01:03:18.379		0.78325			4
2026.05.06	01:03:20.182		0.78323			4
2026.05.06	01:03:22.288		0.78325			4
2026.05.06	01:03:22.889		0.78323			4
2026.05.06	01:03:27.091		0.78325			4
2026.05.06	01:03:29.197		0.78323			4
2026.05.06	01:03:30.104		0.78324			4
2026.05.06	01:03:30.402		0.78323			4
2026.05.06	01:03:42.425		0.78324			4
2026.05.06	01:03:42.727		0.78323			4
2026.05.06	01:03:43.029		0.78324			4
2026.05.06	01:03:43.934		0.78323			4
2026.05.06	01:03:47.839		0.78324			4
2026.05.06	01:03:49.643		0.78323			4
2026.05.06	01:03:49.944		0.78324			4
2026.05.06	01:03:55.649		0.78322			4
2026.05.06	01:03:56.850		0.78324			4
2026.05.06	01:03:57.751		0.78322			4
2026.05.06	01:04:00.159	0.78297				2
2026.05.06	01:04:03.764		0.78324			4
2026.05.06	01:04:10.670		0.78322			4
2026.05.06	01:04:16.376		0.78324			4
2026.05.06	01:04:16.676		0.78322			4
2026.05.06	01:04:17.880		0.78324			4
2026.05.06	01:04:18.181		0.78322			4
2026.05.06	01:04:18.785		0.78324			4
2026.05.06	01:04:28.394		0.78322			4
2026.05.06	01:04:34.406	0.78296				2
2026.05.06	01:04:40.431	0.78297				2
2026.05.06	01:05:00.266	0.78297				2
2026.05.06	01:05:18.890	0.78298				2
2026.05.06	01:05:28.517		0.78322			4
2026.05.06	01:05:31.525	0.78302				2
2026.05.06	01:05:59.787		0.78321			4
2026.05.06	01:06:00.088	0.78302				2
2026.05.06	01:06:01.890		0.78320			4
2026.05.06	01:06:02.797	0.78299	0.78319			6
2026.05.06	01:06:20.835		0.78322			4
2026.05.06	01:06:28.353		0.78323			4
2026.05.06	01:06:56.895		0.78322			4
2026.05.06	01:06:57.793	0.78301				2
2026.05.06	01:06:59.296		0.78320			4
2026.05.06	01:07:00.199	0.78301				2
2026.05.06	01:07:00.500		0.78322			4
2026.05.06	01:07:01.102		0.78323			4
2026.05.06	01:07:07.129		0.78322			4
2026.05.06	01:07:07.430		0.78323			4
2026.05.06	01:07:10.434		0.78321			4
2026.05.06	01:07:15.543		0.78323			4
2026.05.06	01:07:25.764		0.78321			4
2026.05.06	01:07:32.669		0.78323			4
2026.05.06	01:07:34.170		0.78321			4
2026.05.06	01:07:37.472		0.78323			4
2026.05.06	01:07:38.373		0.78321			4
2026.05.06	01:07:39.576		0.78322			4
2026.05.06	01:07:42.279		0.78321			4
2026.05.06	01:07:42.581		0.78322			4
2026.05.06	01:07:44.380		0.78321			4
2026.05.06	01:07:56.434		0.78322			4
2026.05.06	01:08:00.038	0.78301				2
2026.05.06	01:08:00.338		0.78321			4
2026.05.06	01:08:02.439		0.78320			4
2026.05.06	01:08:03.340		0.78321			4
2026.05.06	01:08:03.641		0.78320			4
2026.05.06	01:08:14.460		0.78321			4
2026.05.06	01:08:15.364		0.78320			4
2026.05.06	01:08:16.565		0.78321			4
2026.05.06	01:08:17.165		0.78320			4
2026.05.06	01:08:17.467		0.78321			4
2026.05.06	01:08:18.068	0.78302	0.78324			6
2026.05.06	01:08:18.367		0.78323			4
2026.05.06	01:08:23.471	0.78304	0.78322			6
2026.05.06	01:08:23.774	0.78305	0.78323			6
2026.05.06	01:08:28.889	0.78307	0.78324			6
2026.05.06	01:08:30.090	0.78308	0.78325			6
2026.05.06	01:08:37.001		0.78324			4
2026.05.06	01:08:37.605		0.78325			4
2026.05.06	01:08:38.206		0.78324			4
2026.05.06	01:08:48.451	0.78310	0.78326			6
2026.05.06	01:08:51.151		0.78327			4
2026.05.06	01:08:52.959		0.78328			4
2026.05.06	01:08:54.165	0.78311				2
2026.05.06	01:08:55.064	0.78312	0.78331			6
2026.05.06	01:08:56.869	0.78311	0.78328			6
2026.05.06	01:08:57.468		0.78329			4
2026.05.06	01:08:57.771		0.78328			4
2026.05.06	01:08:58.367		0.78329			4
2026.05.06	01:08:58.970		0.78328			4
2026.05.06	01:08:59.872	0.78310				2
2026.05.06	01:09:00.172	0.78310				2
2026.05.06	01:09:01.974		0.78327			4
2026.05.06	01:09:02.881	0.78311	0.78329			6
2026.05.06	01:09:03.178	0.78312	0.78330			6
2026.05.06	01:09:05.587	0.78311	0.78328			6
2026.05.06	01:09:30.241		0.78327			4
2026.05.06	01:09:51.574		0.78326			4
2026.05.06	01:09:58.488	0.78312	0.78328			6
2026.05.06	01:10:00.301	0.78312				2
2026.05.06	01:10:04.191	0.78310	0.78326			6
2026.05.06	01:10:05.693	0.78307	0.78323			6
2026.05.06	01:10:20.439		0.78322			4
2026.05.06	01:10:49.300	0.78306	0.78321			6
2026.05.06	01:11:00.125	0.78306				2
2026.05.06	01:11:10.342		0.78322			4
2026.05.06	01:11:24.167	0.78308	0.78323			6
2026.05.06	01:11:24.471	0.78309	0.78324			6
2026.05.06	01:11:51.237	0.78310	0.78325			6
2026.05.06	01:11:51.542	0.78313	0.78328			6
2026.05.06	01:11:51.840		0.78330			4
2026.05.06	01:12:00.249	0.78313				2
2026.05.06	01:12:07.462		0.78329			4
2026.05.06	01:12:13.175		0.78330			4
2026.05.06	01:12:13.779		0.78328			4
2026.05.06	01:12:23.696	0.78311	0.78326			6
2026.05.06	01:12:39.644		0.78327			4
2026.05.06	01:13:00.093	0.78311				2
2026.05.06	01:13:00.400	0.78310	0.78326			6
2026.05.06	01:13:01.298	0.78309	0.78325			6
2026.05.06	01:13:07.307	0.78310	0.78326			6
2026.05.06	01:13:19.333	0.78312	0.78327			6
2026.05.06	01:13:38.572		0.78329			4
2026.05.06	01:13:48.793		0.78327			4
2026.05.06	01:13:58.701	0.78311	0.78326			6
2026.05.06	01:14:00.203	0.78311				2
2026.05.06	01:14:05.609	0.78309				2
2026.05.06	01:14:07.722		0.78325			4
2026.05.06	01:14:08.625		0.78326			4
2026.05.06	01:14:12.530		0.78325			4
2026.05.06	01:14:19.145	0.78308	0.78324			6
2026.05.06	01:14:24.852	0.78312				2
2026.05.06	01:14:25.154	0.78308	0.78317			6
2026.05.06	01:14:25.455	0.78312	0.78324			6
2026.05.06	01:14:25.760	0.78308	0.78319			6
2026.05.06	01:14:26.054	0.78312	0.78324			6
2026.05.06	01:14:26.357	0.78308	0.78317			6
2026.05.06	01:14:26.657	0.78312	0.78324			6
2026.05.06	01:14:27.257	0.78308	0.78317			6
2026.05.06	01:14:27.559	0.78312	0.78324			6
2026.05.06	01:14:27.859	0.78309	0.78321			6
2026.05.06	01:14:28.162	0.78317	0.78324			6
2026.05.06	01:14:28.457	0.78309	0.78322			6
2026.05.06	01:14:28.765		0.78324			4
2026.05.06	01:14:29.060	0.78310				2
2026.05.06	01:14:32.367		0.78325			4
2026.05.06	01:14:39.572		0.78326			4
2026.05.06	01:14:42.277		0.78325			4
2026.05.06	01:14:44.084		0.78326			4
2026.05.06	01:15:00.042	0.78310				2
2026.05.06	01:15:01.247	0.78311				2
2026.05.06	01:15:05.148	0.78314	0.78329			6
2026.05.06	01:15:20.183	0.78315	0.78330			6
2026.05.06	01:15:22.288	0.78313	0.78329			6
2026.05.06	01:15:25.003		0.78328			4
2026.05.06	01:15:26.201	0.78314	0.78329			6
2026.05.06	01:15:27.100	0.78312	0.78328			6
2026.05.06	01:15:28.002	0.78313				2
2026.05.06	01:15:29.206		0.78329			4
2026.05.06	01:15:35.231	0.78315	0.78330			6
2026.05.06	01:15:57.189		0.78329			4
2026.05.06	01:15:57.489		0.78330			4
2026.05.06	01:16:00.196	0.78315				2
2026.05.06	01:16:02.598		0.78328			4
2026.05.06	01:16:08.308	0.78316	0.78332			6
2026.05.06	01:16:09.209		0.78331			4
2026.05.06	01:16:13.424		0.78332			4
2026.05.06	01:16:14.021	0.78317				2
2026.05.06	01:16:17.639		0.78331			4
2026.05.06	01:16:21.845		0.78332			4
2026.05.06	01:16:24.248		0.78331			4
2026.05.06	01:16:24.851		0.78332			4
2026.05.06	01:16:27.251	0.78316	0.78331			6
2026.05.06	01:16:28.754	0.78317				2
2026.05.06	01:16:31.155		0.78332			4
2026.05.06	01:16:48.290	0.78318				2
2026.05.06	01:16:55.801	0.78320	0.78330			6
2026.05.06	01:17:00.008	0.78320				2
2026.05.06	01:17:17.754	0.78322	0.78332			6
2026.05.06	01:17:18.656	0.78321				2
2026.05.06	01:17:18.956	0.78322				2
2026.05.06	01:17:19.259	0.78320	0.78330			6
2026.05.06	01:17:54.726	0.78319	0.78329			6
2026.05.06	01:17:59.537	0.78320	0.78330			6
2026.05.06	01:18:00.148	0.78320				2
2026.05.06	01:18:11.568	0.78322	0.78331			6
2026.05.06	01:18:11.866	0.78320	0.78330			6
2026.05.06	01:18:35.002	0.78319	0.78329			6
2026.05.06	01:18:40.118	0.78320	0.78330			6
2026.05.06	01:18:42.515	0.78319	0.78329			6
2026.05.06	01:18:43.116		0.78330			4
2026.05.06	01:18:43.417		0.78329			4
2026.05.06	01:18:43.719	0.78320	0.78330			6
2026.05.06	01:19:00.270	0.78320				2
2026.05.06	01:19:03.567	0.78319	0.78329			6
2026.05.06	01:19:14.684		0.78328			4
2026.05.06	01:19:16.792		0.78329			4
2026.05.06	01:19:25.511	0.78320	0.78330			6
2026.05.06	01:19:27.619	0.78321	0.78332			6
2026.05.06	01:19:27.920	0.78320	0.78330			6
2026.05.06	01:19:28.222	0.78321	0.78332			6
2026.05.06	01:19:29.127		0.78331			4
2026.05.06	01:19:29.431	0.78320				2
2026.05.06	01:19:29.729		0.78330			4
2026.05.06	01:20:00.097	0.78320				2
2026.05.06	01:20:04.597	0.78321	0.78331			6
2026.05.06	01:20:12.732	0.78322	0.78332			6
2026.05.06	01:20:13.631	0.78321	0.78331			6
2026.05.06	01:20:58.992	0.78322	0.78332			6
2026.05.06	01:21:00.197	0.78322				2
2026.05.06	01:21:00.502	0.78323	0.78333			6
2026.05.06	01:21:02.901	0.78324	0.78334			6
2026.05.06	01:21:18.536	0.78323	0.78333			6
2026.05.06	01:21:41.680	0.78324	0.78334			6
2026.05.06	01:21:42.284	0.78323	0.78333			6
2026.05.06	01:22:00.035	0.78323				2
2026.05.06	01:22:13.254	0.78322	0.78332			6
2026.05.06	01:22:13.558		0.78331			4
2026.05.06	01:22:13.853	0.78323	0.78333			6
2026.05.06	01:22:28.874	0.78322	0.78332			6
2026.05.06	01:22:31.585	0.78323	0.78333			6
2026.05.06	01:22:37.599		0.78332			4
2026.05.06	01:23:00.155	0.78323				2
2026.05.06	01:23:03.751	0.78324				2
2026.05.06	01:23:17.581	0.78323				2
2026.05.06	01:23:37.744		0.78332			4
2026.05.06	01:24:00.294	0.78323				2
2026.05.06	01:24:34.885	0.78324				2
2026.05.06	01:24:37.889		0.78332			4
2026.05.06	01:24:49.622		0.78331			4
2026.05.06	01:25:00.144	0.78324				2
2026.05.06	01:25:07.054		0.78332			4
2026.05.06	01:25:44.032		0.78333			4
2026.05.06	01:25:48.836		0.78332			4
2026.05.06	01:25:52.143		0.78333			4
2026.05.06	01:26:00.267	0.78324				2
2026.05.06	01:26:04.170		0.78332			4
2026.05.06	01:26:14.993	0.78327	0.78334			6
2026.05.06	01:26:15.298		0.78335			4
2026.05.06	01:26:18.604		0.78334			4
2026.05.06	01:26:22.524		0.78335			4
2026.05.06	01:26:24.329		0.78336			4
2026.05.06	01:26:26.131		0.78335			4
2026.05.06	01:26:30.344		0.78336			4
2026.05.06	01:26:39.963		0.78335			4
2026.05.06	01:26:40.564		0.78336			4
2026.05.06	01:26:46.274	0.78328				2
2026.05.06	01:26:50.791	0.78329	0.78338			6
2026.05.06	01:26:51.090	0.78328	0.78337			6
2026.05.06	01:26:51.400		0.78338			4
2026.05.06	01:26:58.306		0.78337			4
2026.05.06	01:27:00.116	0.78328				2
2026.05.06	01:27:01.020	0.78325	0.78334			6
2026.05.06	01:27:04.629	0.78326	0.78335			6
2026.05.06	01:27:07.634	0.78327				2
2026.05.06	01:27:41.012	0.78326				2
2026.05.06	01:27:54.845	0.78327				2
2026.05.06	01:27:56.648	0.78326				2
2026.05.06	01:27:58.749	0.78327				2
2026.05.06	01:28:00.255	0.78327				2
2026.05.06	01:28:00.852		0.78336			4
2026.05.06	01:28:52.287	0.78328	0.78337			6
2026.05.06	01:29:00.104	0.78328				2
2026.05.06	01:29:04.011	0.78323	0.78333			6
2026.05.06	01:29:04.620	0.78324	0.78331			6
2026.05.06	01:29:07.020	0.78323	0.78330			6
2026.05.06	01:29:08.513	0.78321	0.78329			6
2026.05.06	01:29:08.815		0.78328			4
2026.05.06	01:29:13.929		0.78329			4
2026.05.06	01:29:14.233	0.78320	0.78328			6
2026.05.06	01:29:15.130	0.78321				2
2026.05.06	01:29:16.935	0.78320				2
2026.05.06	01:29:21.447	0.78321				2
2026.05.06	01:29:23.851	0.78320				2
2026.05.06	01:29:25.953	0.78322	0.78329			6
2026.05.06	01:29:28.061	0.78321				2
2026.05.06	01:29:29.565	0.78322				2
2026.05.06	01:29:31.368	0.78321				2
2026.05.06	01:29:51.822	0.78322				2
2026.05.06	01:29:52.122		0.78328			4
2026.05.06	01:30:00.236	0.78321	0.78329			6
2026.05.06	01:30:02.649	0.78325	0.78326			6
2026.05.06	01:30:05.656	0.78321	0.78329			6
2026.05.06	01:30:47.122	0.78322				2
2026.05.06	01:30:49.226	0.78321				2
2026.05.06	01:31:00.034	0.78321				2
2026.05.06	01:31:01.837	0.78322				2
2026.05.06	01:31:03.341	0.78321				2
2026.05.06	01:31:05.742		0.78329			4
2026.05.06	01:31:25.280	0.78323	0.78331			6
2026.05.06	01:31:25.585		0.78330			4
2026.05.06	01:31:26.180	0.78321	0.78329			6
2026.05.06	01:31:26.779	0.78320	0.78330			6
2026.05.06	01:31:29.196	0.78318	0.78329			6
2026.05.06	01:31:33.413	0.78317				2
2026.05.06	01:31:40.633	0.78318				2
2026.05.06	01:31:42.436	0.78317				2
2026.05.06	01:31:42.737	0.78318	0.78328			6
2026.05.06	01:31:43.043	0.78317	0.78329			6
2026.05.06	01:31:45.446	0.78318				2
2026.05.06	01:31:53.268		0.78330			4
2026.05.06	01:32:00.172	0.78318				2
2026.05.06	01:32:29.631	0.78319	0.78329			6
2026.05.06	01:32:29.931		0.78330			4
2026.05.06	01:32:31.133	0.78318				2
2026.05.06	01:33:00.277	0.78318				2
2026.05.06	01:33:05.085	0.78319				2
2026.05.06	01:33:25.248	0.78318				2
2026.05.06	01:33:30.056		0.78330			4
2026.05.06	01:33:35.768		0.78327			4
2026.05.06	01:33:37.267	0.78317	0.78328			6
2026.05.06	01:33:39.369	0.78318				2
2026.05.06	01:33:41.773	0.78317				2
2026.05.06	01:33:45.981	0.78316				2
2026.05.06	01:33:53.811		0.78327			4
2026.05.06	01:33:55.302	0.78317				2
2026.05.06	01:33:55.608	0.78315	0.78324			6
2026.05.06	01:33:55.904	0.78313	0.78320			6
2026.05.06	01:34:00.112	0.78313				2
2026.05.06	01:34:10.943		0.78321			4
2026.05.06	01:34:17.253		0.78320			4
2026.05.06	01:34:53.944	0.78311	0.78319			6
2026.05.06	01:34:57.845		0.78318			4
2026.05.06	01:35:00.257	0.78311				2
2026.05.06	01:35:00.855		0.78319			4
2026.05.06	01:35:03.254	0.78310				2
2026.05.06	01:35:08.366	0.78311				2
2026.05.06	01:35:11.669	0.78310				2
2026.05.06	01:35:22.793	0.78311				2
2026.05.06	01:35:25.796	0.78310				2
2026.05.06	01:35:31.207	0.78311				2
2026.05.06	01:35:34.514	0.78310				2
2026.05.06	01:35:37.820	0.78311				2
2026.05.06	01:35:40.227		0.78318			4
2026.05.06	01:35:40.826	0.78309				2
2026.05.06	01:35:44.733	0.78310				2
2026.05.06	01:35:45.933	0.78311				2
2026.05.06	01:35:50.137		0.78319			4
2026.05.06	01:35:52.242	0.78310				2
2026.05.06	01:35:57.356	0.78308	0.78317			6
2026.05.06	01:36:00.066	0.78308				2
2026.05.06	01:36:19.906	0.78309	0.78318			6
2026.05.06	01:36:28.332	0.78310				2
2026.05.06	01:36:29.232	0.78309				2
2026.05.06	01:37:00.191	0.78309				2
2026.05.06	01:37:03.503	0.78310				2
2026.05.06	01:37:13.135	0.78309				2
2026.05.06	01:37:13.735		0.78317			4
2026.05.06	01:37:18.239	0.78308				2
2026.05.06	01:37:22.747		0.78318			4
2026.05.06	01:37:24.549		0.78317			4
2026.05.06	01:38:00.050	0.78308				2
2026.05.06	01:38:24.681		0.78317			4
2026.05.06	01:38:34.302	0.78307				2
2026.05.06	01:38:37.910	0.78306				2
2026.05.06	01:39:00.152	0.78306				2
2026.05.06	01:39:13.368		0.78318			4
2026.05.06	01:39:16.076		0.78317			4
2026.05.06	01:39:22.688	0.78307				2
2026.05.06	01:39:25.999	0.78306				2
2026.05.06	01:39:40.730	0.78303	0.78314			6
2026.05.06	01:39:49.745	0.78304				2
2026.05.06	01:39:52.448	0.78303				2
2026.05.06	01:40:00.272	0.78303				2
2026.05.06	01:40:01.167	0.78304				2
2026.05.06	01:40:01.471	0.78303				2
2026.05.06	01:40:05.068	0.78302				2
2026.05.06	01:40:06.870	0.78304	0.78313			6
2026.05.06	01:40:07.169	0.78302	0.78312			6
2026.05.06	01:40:11.381	0.78306	0.78314			6
2026.05.06	01:40:13.788		0.78315			4
2026.05.06	01:40:19.508	0.78308	0.78316			6
2026.05.06	01:40:23.119	0.78309	0.78317			6
2026.05.06	01:40:47.187		0.78316			4
2026.05.06	01:40:49.589	0.78308	0.78317			6
2026.05.06	01:40:57.420	0.78309				2
2026.05.06	01:40:58.021	0.78308				2
2026.05.06	01:41:00.131	0.78308				2
2026.05.06	01:41:06.744	0.78307				2
2026.05.06	01:41:07.642	0.78306				2
2026.05.06	01:41:08.850	0.78307				2
2026.05.06	01:41:12.752	0.78308				2
2026.05.06	01:41:13.356	0.78307				2
2026.05.06	01:41:15.454	0.78308				2
2026.05.06	01:41:26.887	0.78309				2
2026.05.06	01:41:49.738		0.78317			4
2026.05.06	01:41:52.143	0.78308				2
2026.05.06	01:42:00.265	0.78308				2
2026.05.06	01:42:12.290		0.78316			4
2026.05.06	01:42:15.296		0.78317			4
2026.05.06	01:42:17.405	0.78307				2
2026.05.06	01:42:23.125	0.78308				2
2026.05.06	01:42:24.932	0.78307	0.78316			6
2026.05.06	01:42:27.036	0.78308	0.78317			6
2026.05.06	01:42:34.542		0.78316			4
2026.05.06	01:42:40.251	0.78306	0.78315			6
2026.05.06	01:42:40.561		0.78314			4
2026.05.06	01:42:46.571	0.78307	0.78316			6
2026.05.06	01:42:51.071	0.78306				2
2026.05.06	01:43:00.094	0.78306				2
2026.05.06	01:43:01.601	0.78307	0.78317			6
2026.05.06	01:43:12.432		0.78316			4
2026.05.06	01:43:17.550	0.78308				2
2026.05.06	01:43:25.961	0.78307				2
2026.05.06	01:43:46.391	0.78308				2
2026.05.06	01:43:47.292	0.78307				2
2026.05.06	01:43:48.502	0.78308				2
2026.05.06	01:43:54.211	0.78306				2
2026.05.06	01:43:55.718	0.78307				2
2026.05.06	01:43:56.620	0.78308				2
2026.05.06	01:44:00.232	0.78308				2
2026.05.06	01:44:08.644	0.78307				2
2026.05.06	01:44:12.549		0.78316			4
2026.05.06	01:44:20.068		0.78317			4
2026.05.06	01:44:29.072		0.78316			4
2026.05.06	01:44:30.876	0.78306				2
2026.05.06	01:44:42.915	0.78307	0.78317			6
2026.05.06	01:44:44.411	0.78308				2
2026.05.06	01:44:45.912	0.78309				2
2026.05.06	01:44:59.147	0.78308				2
2026.05.06	01:45:00.050	0.78308				2
2026.05.06	01:45:05.757	0.78307				2
2026.05.06	01:45:20.312		0.78318			4
2026.05.06	01:45:29.613		0.78317			4
2026.05.06	01:45:32.743	0.78306	0.78318			6
2026.05.06	01:45:34.314	0.78307				2
2026.05.06	01:45:39.425	0.78311	0.78320			6
2026.05.06	01:45:44.550	0.78312				2
2026.05.06	01:45:46.403	0.78311				2
2026.05.06	01:45:54.188	0.78312				2
2026.05.06	01:45:54.488	0.78311				2
2026.05.06	01:45:55.386	0.78312				2
2026.05.06	01:45:58.422	0.78310				2
2026.05.06	01:46:02.612	0.78311				2
2026.05.06	01:46:03.677	0.78310				2
2026.05.06	01:46:04.993	0.78309	0.78319			6
2026.05.06	01:46:09.514	0.78311	0.78320			6
2026.05.06	01:46:09.813	0.78312				2
2026.05.06	01:46:14.313		0.78319			4
2026.05.06	01:46:16.251		0.78320			4
2026.05.06	01:46:30.287	0.78311				2
2026.05.06	01:46:32.481	0.78312				2
2026.05.06	01:46:34.127	0.78311				2
2026.05.06	01:46:37.414	0.78312				2
2026.05.06	01:46:56.065	0.78315				2
2026.05.06	01:46:56.386	0.78312	0.78319			6
2026.05.06	01:46:56.692	0.78315	0.78320			6
2026.05.06	01:46:56.992	0.78312	0.78319			6
2026.05.06	01:46:57.358	0.78315	0.78320			6
2026.05.06	01:46:57.663	0.78312	0.78319			6
2026.05.06	01:46:57.964	0.78315	0.78320			6
2026.05.06	01:46:58.263	0.78312	0.78319			6
2026.05.06	01:46:58.563	0.78315	0.78320			6
2026.05.06	01:46:58.875	0.78312	0.78319			6
2026.05.06	01:46:59.189	0.78315	0.78320			6
2026.05.06	01:46:59.490	0.78312	0.78319			6
2026.05.06	01:46:59.791		0.78320			4
2026.05.06	01:47:06.309	0.78313				2
2026.05.06	01:47:07.482	0.78311				2
2026.05.06	01:47:09.747	0.78312				2
2026.05.06	01:47:11.873	0.78311				2
2026.05.06	01:47:20.757	0.78312				2
2026.05.06	01:47:21.308	0.78311				2
2026.05.06	01:47:25.113	0.78312				2
2026.05.06	01:47:58.371	0.78314	0.78322			6
2026.05.06	01:48:01.714	0.78315				2
2026.05.06	01:48:07.232		0.78324			4
2026.05.06	01:48:11.971		0.78322			4
2026.05.06	01:48:14.381	0.78314				2
2026.05.06	01:48:18.214	0.78313				2
2026.05.06	01:48:18.514		0.78323			4
2026.05.06	01:48:27.818	0.78314	0.78322			6
2026.05.06	01:48:28.120	0.78313				2
2026.05.06	01:48:29.076	0.78314				2
2026.05.06	01:48:30.873	0.78313				2
2026.05.06	01:48:36.388	0.78314				2
2026.05.06	01:48:36.689	0.78313	0.78323			6
2026.05.06	01:48:52.776	0.78314				2
2026.05.06	01:48:53.076	0.78313				2
2026.05.06	01:48:56.556	0.78314				2
2026.05.06	01:48:59.033	0.78313				2
2026.05.06	01:48:59.692	0.78314				2
2026.05.06	01:48:59.992	0.78313				2
2026.05.06	01:49:00.318	0.78314				2
2026.05.06	01:49:00.617	0.78313				2
2026.05.06	01:49:02.177		0.78322			4
2026.05.06	01:49:19.026	0.78312				2
2026.05.06	01:49:20.312	0.78313				2
2026.05.06	01:49:34.275	0.78314				2
2026.05.06	01:49:34.576	0.78312				2
2026.05.06	01:49:38.874	0.78313				2
2026.05.06	01:49:47.506		0.78323			4
2026.05.06	01:49:52.414	0.78312				2
2026.05.06	01:50:01.911	0.78312				2
2026.05.06	01:50:07.907		0.78322			4
2026.05.06	01:50:10.830		0.78323			4
2026.05.06	01:50:21.213	0.78311				2
2026.05.06	01:50:21.513		0.78324			4
2026.05.06	01:50:26.680	0.78312	0.78323			6
2026.05.06	01:50:31.101	0.78311				2
2026.05.06	01:50:39.198	0.78312				2
2026.05.06	01:50:43.714	0.78311				2
2026.05.06	01:51:00.359	0.78312				2
2026.05.06	01:51:00.661		0.78322			4
2026.05.06	01:51:07.553	0.78313				2
2026.05.06	01:51:07.857	0.78312				2
2026.05.06	01:51:21.711	0.78313				2
2026.05.06	01:51:33.538	0.78315				2
2026.05.06	01:51:43.414	0.78314	0.78323			6
2026.05.06	01:51:50.639	0.78315				2
2026.05.06	01:51:56.613	0.78314				2
2026.05.06	01:52:00.213	0.78314				2
2026.05.06	01:52:09.584	0.78293	0.78299			6
2026.05.06	01:52:09.893	0.78289	0.78298			6
2026.05.06	01:52:10.193	0.78286	0.78295			6
2026.05.06	01:52:10.494	0.78292	0.78299			6
2026.05.06	01:52:10.792	0.78287	0.78297			6
2026.05.06	01:52:11.091	0.78288	0.78296			6
2026.05.06	01:52:11.394		0.78298			4
2026.05.06	01:52:11.694	0.78287	0.78296			6
2026.05.06	01:52:11.995	0.78283	0.78290			6
2026.05.06	01:52:12.295	0.78288	0.78296			6
2026.05.06	01:52:12.596	0.78285	0.78295			6
2026.05.06	01:52:12.895	0.78288	0.78296			6
2026.05.06	01:52:13.195	0.78287	0.78293			6
2026.05.06	01:52:13.496	0.78291	0.78297			6
2026.05.06	01:52:13.797	0.78292	0.78298			6
2026.05.06	01:52:14.396	0.78295	0.78302			6
2026.05.06	01:52:14.696	0.78294				2
2026.05.06	01:52:14.998	0.78293				2
2026.05.06	01:52:15.300	0.78294	0.78300			6
2026.05.06	01:52:15.598	0.78293	0.78299			6
2026.05.06	01:52:15.898	0.78292	0.78300			6
2026.05.06	01:52:16.501	0.78289	0.78297			6
2026.05.06	01:52:16.805	0.78280	0.78291			6
2026.05.06	01:52:17.103	0.78282				2
2026.05.06	01:52:17.408		0.78288			4
2026.05.06	01:52:17.713	0.78266	0.78272			6
2026.05.06	01:52:18.011	0.78262	0.78271			6
2026.05.06	01:52:18.310	0.78261	0.78274			6
2026.05.06	01:52:18.609	0.78265	0.78276			6
2026.05.06	01:52:18.913	0.78267	0.78279			6
2026.05.06	01:52:19.209	0.78270	0.78281			6
2026.05.06	01:52:19.508	0.78272				2
2026.05.06	01:52:19.812	0.78271				2
2026.05.06	01:52:20.109	0.78268	0.78277			6
2026.05.06	01:52:20.411	0.78271	0.78280			6
2026.05.06	01:52:20.711	0.78267	0.78277			6
2026.05.06	01:52:21.012	0.78265	0.78275			6
2026.05.06	01:52:21.314	0.78266	0.78274			6
2026.05.06	01:52:21.613	0.78263				2
2026.05.06	01:52:21.913	0.78258	0.78264			6
2026.05.06	01:52:22.213	0.78259	0.78267			6
2026.05.06	01:52:22.516	0.78262	0.78273			6
2026.05.06	01:52:22.815		0.78270			4
2026.05.06	01:52:23.117	0.78254	0.78261			6
2026.05.06	01:52:23.415		0.78262			4
2026.05.06	01:52:23.718	0.78253	0.78260			6
2026.05.06	01:52:24.018	0.78256	0.78262			6
2026.05.06	01:52:24.320	0.78250	0.78257			6
2026.05.06	01:52:24.623	0.78248	0.78256			6
2026.05.06	01:52:24.921	0.78244	0.78252			6
2026.05.06	01:52:25.221	0.78247	0.78256			6
2026.05.06	01:52:25.522	0.78244	0.78253			6
2026.05.06	01:52:25.821	0.78246	0.78255			6
2026.05.06	01:52:26.119	0.78247	0.78258			6
2026.05.06	01:52:26.424	0.78253	0.78264			6
2026.05.06	01:52:26.721	0.78252	0.78262			6
2026.05.06	01:52:27.024	0.78255	0.78265			6
2026.05.06	01:52:27.326	0.78258	0.78268			6
2026.05.06	01:52:27.622	0.78259	0.78267			6
2026.05.06	01:52:27.922	0.78258	0.78269			6
2026.05.06	01:52:28.223	0.78259	0.78270			6
2026.05.06	01:52:28.526	0.78261	0.78271			6
2026.05.06	01:52:29.130	0.78262				2
2026.05.06	01:52:29.430	0.78259	0.78269			6
2026.05.06	01:52:29.727		0.78268			4
2026.05.06	01:52:30.026	0.78260	0.78271			6
2026.05.06	01:52:30.325	0.78261				2
2026.05.06	01:52:30.930	0.78256	0.78266			6
2026.05.06	01:52:31.229	0.78255				2
2026.05.06	01:52:31.533	0.78251	0.78259			6
2026.05.06	01:52:31.833	0.78250	0.78257			6
2026.05.06	01:52:32.432		0.78258			4
2026.05.06	01:52:32.730	0.78249	0.78259			6
2026.05.06	01:52:33.033	0.78248	0.78260			6
2026.05.06	01:52:33.332	0.78250	0.78258			6
2026.05.06	01:52:33.634	0.78248	0.78256			6
2026.05.06	01:52:33.932	0.78249	0.78258			6
2026.05.06	01:52:34.233		0.78260			4
2026.05.06	01:52:34.535		0.78258			4
2026.05.06	01:52:34.833	0.78248				2
2026.05.06	01:52:35.135	0.78247	0.78256			6
2026.05.06	01:52:35.434	0.78248	0.78259			6
2026.05.06	01:52:35.733	0.78247	0.78256			6
2026.05.06	01:52:36.036		0.78259			4
2026.05.06	01:52:36.334	0.78248				2
2026.05.06	01:52:36.638	0.78249	0.78260			6
2026.05.06	01:52:37.235	0.78250	0.78261			6
2026.05.06	01:52:37.908	0.78254	0.78265			6
2026.05.06	01:52:38.205	0.78255	0.78267			6
2026.05.06	01:52:38.508	0.78256	0.78265			6
2026.05.06	01:52:38.805	0.78255				2
2026.05.06	01:52:39.405	0.78254	0.78263			6
2026.05.06	01:52:39.710		0.78266			4
2026.05.06	01:52:40.008	0.78255	0.78264			6
2026.05.06	01:52:40.607		0.78265			4
2026.05.06	01:52:41.208		0.78264			4
2026.05.06	01:52:41.508	0.78256				2
2026.05.06	01:52:41.808	0.78246	0.78257			6
2026.05.06	01:52:42.708	0.78250	0.78261			6
2026.05.06	01:52:43.008		0.78262			4
2026.05.06	01:52:43.608	0.78251	0.78263			6
2026.05.06	01:52:43.909	0.78253	0.78265			6
2026.05.06	01:52:44.210	0.78254	0.78266			6
2026.05.06	01:52:44.510		0.78265			4
2026.05.06	01:52:44.812	0.78249	0.78261			6
2026.05.06	01:52:45.113		0.78262			4
2026.05.06	01:52:45.413	0.78250				2
2026.05.06	01:52:45.713	0.78249	0.78261			6
2026.05.06	01:52:46.013		0.78260			4
2026.05.06	01:52:46.313	0.78248				2
2026.05.06	01:52:46.613	0.78249	0.78261			6
2026.05.06	01:52:47.442	0.78250				2
2026.05.06	01:52:48.044	0.78248				2
2026.05.06	01:52:48.343		0.78262			4
2026.05.06	01:52:48.794	0.78249	0.78261			6
2026.05.06	01:52:50.665		0.78262			4
2026.05.06	01:52:51.569	0.78250	0.78260			6
2026.05.06	01:52:51.869	0.78246	0.78257			6
2026.05.06	01:52:52.468		0.78258			4
2026.05.06	01:52:53.972	0.78247	0.78259			6
2026.05.06	01:52:54.270	0.78246				2
2026.05.06	01:52:54.571	0.78247				2
2026.05.06	01:52:55.171	0.78248	0.78260			6
2026.05.06	01:52:56.972	0.78249				2
2026.05.06	01:52:57.274	0.78251	0.78263			6
2026.05.06	01:52:57.573	0.78252	0.78265			6
2026.05.06	01:52:58.173	0.78251	0.78263			6
2026.05.06	01:52:58.475	0.78250				2
2026.05.06	01:52:58.774		0.78262			4
2026.05.06	01:52:59.377	0.78254	0.78266			6
2026.05.06	01:53:00.356	0.78254				2
2026.05.06	01:53:01.255	0.78253	0.78264			6
2026.05.06	01:53:01.560	0.78255	0.78265			6
2026.05.06	01:53:01.858	0.78254	0.78264			6
2026.05.06	01:53:02.462		0.78265			4
2026.05.06	01:53:02.764		0.78267			4
2026.05.06	01:53:03.061		0.78266			4
2026.05.06	01:53:03.361		0.78267			4
2026.05.06	01:53:04.162	0.78255	0.78268			6
2026.05.06	01:53:05.755	0.78256				2
2026.05.06	01:53:06.055	0.78255				2
2026.05.06	01:53:06.655		0.78267			4
2026.05.06	01:53:06.955	0.78256	0.78268			6
2026.05.06	01:53:07.256	0.78260	0.78272			6
2026.05.06	01:53:07.856	0.78259				2
2026.05.06	01:53:09.061	0.78260				2
2026.05.06	01:53:09.958		0.78271			4
2026.05.06	01:53:10.258	0.78259	0.78272			6
2026.05.06	01:53:11.909	0.78260	0.78273			6
2026.05.06	01:53:12.513	0.78259	0.78270			6
2026.05.06	01:53:12.809	0.78260	0.78272			6
2026.05.06	01:53:13.411	0.78261	0.78274			6
2026.05.06	01:53:15.212		0.78273			4
2026.05.06	01:53:15.512	0.78262				2
2026.05.06	01:53:15.813	0.78261	0.78272			6
2026.05.06	01:53:16.114		0.78273			4
2026.05.06	01:53:19.257	0.78260	0.78272			6
2026.05.06	01:53:20.519	0.78259	0.78271			6
2026.05.06	01:53:21.041		0.78270			4
2026.05.06	01:53:23.155	0.78255	0.78268			6
2026.05.06	01:53:23.756	0.78254	0.78266			6
2026.05.06	01:53:24.057	0.78253				2
2026.05.06	01:53:25.319	0.78254				2
2026.05.06	01:53:27.246	0.78255				2
2026.05.06	01:53:27.847		0.78268			4
2026.05.06	01:53:28.147		0.78267			4
2026.05.06	01:53:29.587		0.78268			4
2026.05.06	01:53:33.747	0.78257	0.78269			6
2026.05.06	01:53:34.350		0.78270			4
2026.05.06	01:53:37.410	0.78258				2
2026.05.06	01:53:43.865	0.78259	0.78272			6
2026.05.06	01:53:44.165	0.78261	0.78274			6
2026.05.06	01:53:44.469	0.78263	0.78276			6
2026.05.06	01:53:45.412	0.78264	0.78278			6
2026.05.06	01:53:50.574	0.78262	0.78276			6
2026.05.06	01:53:52.086	0.78263				2
2026.05.06	01:53:53.644		0.78277			4
2026.05.06	01:53:53.943		0.78276			4
2026.05.06	01:53:56.198	0.78264	0.78277			6
2026.05.06	01:53:57.123		0.78276			4
2026.05.06	01:53:59.441		0.78277			4
2026.05.06	01:53:59.741		0.78278			4
2026.05.06	01:54:00.041	0.78264				2
2026.05.06	01:54:02.011	0.78268	0.78281			6
2026.05.06	01:54:07.149	0.78267				2
2026.05.06	01:54:07.448	0.78268				2
2026.05.06	01:54:18.613		0.78280			4
2026.05.06	01:54:19.959		0.78281			4
2026.05.06	01:54:23.571	0.78269	0.78283			6
2026.05.06	01:54:24.841		0.78281			4
2026.05.06	01:54:25.141	0.78267	0.78279			6
2026.05.06	01:54:26.713	0.78266				2
2026.05.06	01:54:27.313		0.78278			4
2026.05.06	01:54:27.908	0.78267				2
2026.05.06	01:54:28.512	0.78265	0.78277			6
2026.05.06	01:54:29.115	0.78262	0.78275			6
2026.05.06	01:54:30.315		0.78274			4
2026.05.06	01:54:30.612	0.78261	0.78273			6
2026.05.06	01:54:31.535	0.78259	0.78271			6
2026.05.06	01:54:33.892	0.78258	0.78270			6
2026.05.06	01:54:35.523	0.78256	0.78268			6
2026.05.06	01:54:36.280		0.78267			4
2026.05.06	01:54:37.460		0.78266			4
2026.05.06	01:54:38.974	0.78252	0.78262			6
2026.05.06	01:54:42.640	0.78255	0.78265			6
2026.05.06	01:54:44.598	0.78252	0.78263			6
2026.05.06	01:54:45.199	0.78250	0.78262			6
2026.05.06	01:54:45.799	0.78251				2
2026.05.06	01:54:47.348	0.78250	0.78261			6
2026.05.06	01:54:50.286	0.78249	0.78260			6
2026.05.06	01:54:50.586	0.78250	0.78258			6
2026.05.06	01:54:54.382	0.78251	0.78259			6
2026.05.06	01:54:54.688	0.78245	0.78254			6
2026.05.06	01:54:54.983	0.78243	0.78251			6
2026.05.06	01:54:55.284	0.78244	0.78253			6
2026.05.06	01:54:56.187	0.78246	0.78254			6
2026.05.06	01:54:57.313		0.78255			4
2026.05.06	01:54:57.615	0.78238	0.78247			6
2026.05.06	01:54:57.914	0.78237	0.78245			6
2026.05.06	01:54:59.914	0.78238	0.78246			6
2026.05.06	01:55:00.249	0.78238				2
2026.05.06	01:55:00.551	0.78223	0.78233			6
2026.05.06	01:55:01.152	0.78225	0.78234			6
2026.05.06	01:55:01.451		0.78235			4
2026.05.06	01:55:02.652	0.78223	0.78233			6
2026.05.06	01:55:02.952	0.78224	0.78234			6
2026.05.06	01:55:03.252	0.78225	0.78235			6
2026.05.06	01:55:03.552	0.78224				2
2026.05.06	01:55:03.854	0.78223	0.78233			6
2026.05.06	01:55:04.153		0.78232			4
2026.05.06	01:55:04.455	0.78221	0.78231			6
2026.05.06	01:55:04.755	0.78222	0.78233			6
2026.05.06	01:55:05.056	0.78224				2
2026.05.06	01:55:05.657	0.78225				2
2026.05.06	01:55:05.962		0.78234			4
2026.05.06	01:55:06.862		0.78235			4
2026.05.06	01:55:08.207	0.78228	0.78237			6
2026.05.06	01:55:08.808		0.78238			4
2026.05.06	01:55:09.112	0.78223	0.78234			6
2026.05.06	01:55:09.410	0.78222	0.78232			6
2026.05.06	01:55:09.711	0.78223	0.78233			6
2026.05.06	01:55:10.820	0.78224				2
2026.05.06	01:55:11.121	0.78222	0.78230			6
2026.05.06	01:55:11.421	0.78219	0.78227			6
2026.05.06	01:55:11.720		0.78228			4
2026.05.06	01:55:12.021	0.78220	0.78229			6
2026.05.06	01:55:13.222	0.78223	0.78233			6
2026.05.06	01:55:14.122	0.78225	0.78235			6
2026.05.06	01:55:14.900	0.78221	0.78232			6
2026.05.06	01:55:15.200	0.78220	0.78229			6
2026.05.06	01:55:15.556	0.78219				2
2026.05.06	01:55:15.856	0.78216	0.78225			6
2026.05.06	01:55:16.160	0.78215	0.78227			6
2026.05.06	01:55:16.456	0.78221	0.78232			6
2026.05.06	01:55:16.761	0.78219	0.78230			6
2026.05.06	01:55:17.058	0.78218	0.78228			6
2026.05.06	01:55:17.358		0.78229			4
2026.05.06	01:55:17.659	0.78219	0.78226			6
2026.05.06	01:55:17.962	0.78216	0.78225			6
2026.05.06	01:55:18.265	0.78213	0.78223			6
2026.05.06	01:55:18.562	0.78210	0.78220			6
2026.05.06	01:55:18.861	0.78211				2
2026.05.06	01:55:19.168	0.78209	0.78218			6
2026.05.06	01:55:19.462	0.78203	0.78212			6
2026.05.06	01:55:19.761	0.78202				2
2026.05.06	01:55:20.366	0.78201	0.78210			6
2026.05.06	01:55:20.666	0.78197	0.78208			6
2026.05.06	01:55:21.265	0.78200	0.78209			6
2026.05.06	01:55:21.565		0.78210			4
2026.05.06	01:55:21.870	0.78198	0.78208			6
2026.05.06	01:55:22.167	0.78197				2
2026.05.06	01:55:22.468		0.78207			4
2026.05.06	01:55:23.303	0.78203	0.78211			6
2026.05.06	01:55:23.904	0.78202				2
2026.05.06	01:55:24.203	0.78203	0.78212			6
2026.05.06	01:55:24.803	0.78204	0.78214			6
2026.05.06	01:55:25.106		0.78215			4
2026.05.06	01:55:25.406	0.78205				2
2026.05.06	01:55:26.007	0.78200	0.78209			6
2026.05.06	01:55:26.307		0.78210			4
2026.05.06	01:55:27.209		0.78209			4
2026.05.06	01:55:27.816		0.78210			4
2026.05.06	01:55:29.048	0.78203	0.78213			6
2026.05.06	01:55:29.952	0.78200	0.78207			6
2026.05.06	01:55:30.252	0.78198	0.78208			6
2026.05.06	01:55:30.549	0.78192	0.78202			6
2026.05.06	01:55:30.850		0.78201			4
2026.05.06	01:55:31.153	0.78195	0.78205			6
2026.05.06	01:55:31.752	0.78193	0.78203			6
2026.05.06	01:55:32.051	0.78192				2
2026.05.06	01:55:32.352	0.78195	0.78204			6
2026.05.06	01:55:32.653	0.78196	0.78206			6
2026.05.06	01:55:32.953	0.78199	0.78208			6
2026.05.06	01:55:33.252	0.78196	0.78206			6
2026.05.06	01:55:33.552	0.78195	0.78205			6
2026.05.06	01:55:34.453	0.78194				2
2026.05.06	01:55:34.752	0.78195	0.78204			6
2026.05.06	01:55:35.355	0.78191	0.78202			6
2026.05.06	01:55:35.655	0.78194	0.78204			6
2026.05.06	01:55:36.060	0.78195	0.78205			6
2026.05.06	01:55:36.368	0.78196	0.78208			6
2026.05.06	01:55:36.665	0.78197				2
2026.05.06	01:55:36.963	0.78195	0.78206			6
2026.05.06	01:55:37.263	0.78192	0.78203			6
2026.05.06	01:55:38.547	0.78193				2
2026.05.06	01:55:38.847	0.78194	0.78205			6
2026.05.06	01:55:39.146		0.78206			4
2026.05.06	01:55:39.449		0.78205			4
2026.05.06	01:55:40.049		0.78204			4
2026.05.06	01:55:40.350	0.78195	0.78205			6
2026.05.06	01:55:41.852	0.78194				2
2026.05.06	01:55:42.452	0.78191	0.78201			6
2026.05.06	01:55:42.753	0.78189	0.78200			6
2026.05.06	01:55:43.956	0.78190	0.78201			6
2026.05.06	01:55:44.257	0.78191				2
2026.05.06	01:55:45.176	0.78185	0.78196			6
2026.05.06	01:55:45.477		0.78197			4
2026.05.06	01:55:45.775	0.78187	0.78199			6
2026.05.06	01:55:46.386	0.78188				2
2026.05.06	01:55:47.766		0.78200			4
2026.05.06	01:55:48.805	0.78189	0.78198			6
2026.05.06	01:55:49.325	0.78190	0.78200			6
2026.05.06	01:55:49.622	0.78189	0.78198			6
2026.05.06	01:55:49.925	0.78188	0.78197			6
2026.05.06	01:55:50.226	0.78185	0.78196			6
2026.05.06	01:55:50.825	0.78186				2
2026.05.06	01:55:51.445	0.78188	0.78198			6
2026.05.06	01:55:51.745	0.78186	0.78196			6
2026.05.06	01:55:52.046	0.78190	0.78200			6
2026.05.06	01:55:52.346	0.78186	0.78197			6
2026.05.06	01:55:52.646		0.78198			4
2026.05.06	01:55:53.490		0.78197			4
2026.05.06	01:55:54.090	0.78185	0.78196			6
2026.05.06	01:55:54.690		0.78195			4
2026.05.06	01:55:55.576		0.78196			4
2026.05.06	01:55:56.177	0.78188	0.78199			6
2026.05.06	01:55:57.247	0.78187				2
2026.05.06	01:55:57.547	0.78188				2
2026.05.06	01:55:59.143	0.78189	0.78200			6
2026.05.06	01:55:59.444	0.78190	0.78201			6
2026.05.06	01:56:00.044	0.78190				2
2026.05.06	01:56:00.645	0.78188	0.78199			6
2026.05.06	01:56:00.951	0.78187	0.78194			6
2026.05.06	01:56:01.247	0.78183	0.78195			6
2026.05.06	01:56:01.548	0.78184				2
2026.05.06	01:56:02.147	0.78183				2
2026.05.06	01:56:02.447		0.78194			4
2026.05.06	01:56:03.051	0.78182	0.78192			6
2026.05.06	01:56:03.349	0.78180	0.78191			6
2026.05.06	01:56:03.649	0.78181	0.78192			6
2026.05.06	01:56:03.951	0.78182				2
2026.05.06	01:56:04.252	0.78181	0.78191			6
2026.05.06	01:56:04.851	0.78180				2
2026.05.06	01:56:05.453	0.78178	0.78190			6
2026.05.06	01:56:05.752	0.78179				2
2026.05.06	01:56:06.354	0.78178	0.78189			6
2026.05.06	01:56:06.653	0.78177	0.78188			6
2026.05.06	01:56:07.256	0.78178	0.78189			6
2026.05.06	01:56:08.457		0.78190			4
2026.05.06	01:56:09.058		0.78189			4
2026.05.06	01:56:09.358		0.78190			4
2026.05.06	01:56:09.658		0.78189			4
2026.05.06	01:56:09.958		0.78190			4
2026.05.06	01:56:10.258	0.78176	0.78188			6
2026.05.06	01:56:10.559	0.78177				2
2026.05.06	01:56:11.321	0.78176	0.78187			6
2026.05.06	01:56:11.886	0.78175				2
2026.05.06	01:56:12.487		0.78186			4
2026.05.06	01:56:14.090	0.78176	0.78187			6
2026.05.06	01:56:14.390	0.78178	0.78189			6
2026.05.06	01:56:16.281	0.78179	0.78190			6
2026.05.06	01:56:16.882	0.78178	0.78189			6
2026.05.06	01:56:17.182	0.78177	0.78188			6
2026.05.06	01:56:18.457	0.78175	0.78186			6
2026.05.06	01:56:19.362	0.78178	0.78188			6
2026.05.06	01:56:19.656	0.78177				2
2026.05.06	01:56:19.959	0.78178	0.78189			6
2026.05.06	01:56:20.557	0.78180	0.78191			6
2026.05.06	01:56:21.462	0.78176	0.78187			6
2026.05.06	01:56:22.362		0.78186			4
2026.05.06	01:56:22.959	0.78177	0.78188			6
2026.05.06	01:56:23.261	0.78175	0.78185			6
2026.05.06	01:56:23.859	0.78174				2
2026.05.06	01:56:24.160	0.78175	0.78186			6
2026.05.06	01:56:24.762	0.78178	0.78188			6
2026.05.06	01:56:25.063		0.78189			4
2026.05.06	01:56:25.962	0.78180	0.78191			6
2026.05.06	01:56:26.564	0.78179	0.78190			6
2026.05.06	01:56:28.139	0.78178	0.78189			6
2026.05.06	01:56:28.439	0.78179	0.78190			6
2026.05.06	01:56:29.468	0.78180				2
2026.05.06	01:56:29.769	0.78182	0.78194			6
2026.05.06	01:56:30.070	0.78187	0.78198			6
2026.05.06	01:56:30.369	0.78186				2
2026.05.06	01:56:30.669		0.78199			4
2026.05.06	01:56:32.171	0.78190	0.78203			6
2026.05.06	01:56:32.472	0.78196	0.78208			6
2026.05.06	01:56:33.072	0.78195	0.78207			6
2026.05.06	01:56:33.371	0.78196				2
2026.05.06	01:56:33.672	0.78195				2
2026.05.06	01:56:35.223		0.78206			4
2026.05.06	01:56:35.524	0.78194	0.78204			6
2026.05.06	01:56:35.825	0.78192				2
2026.05.06	01:56:36.125	0.78193				2
2026.05.06	01:56:38.530	0.78194				2
2026.05.06	01:56:38.829	0.78196	0.78207			6
2026.05.06	01:56:40.603	0.78198	0.78208			6
2026.05.06	01:56:42.144	0.78196	0.78207			6
2026.05.06	01:56:44.513	0.78199	0.78211			6
2026.05.06	01:56:45.513		0.78210			4
2026.05.06	01:56:45.814		0.78211			4
2026.05.06	01:56:46.113	0.78202				2
2026.05.06	01:56:46.413	0.78203	0.78212			6
2026.05.06	01:56:46.713	0.78201	0.78211			6
2026.05.06	01:56:47.614	0.78204				2
2026.05.06	01:56:47.914	0.78201				2
2026.05.06	01:56:49.505		0.78212			4
2026.05.06	01:56:50.478	0.78202	0.78213			6
2026.05.06	01:56:51.079	0.78203				2
2026.05.06	01:56:51.379	0.78204	0.78214			6
2026.05.06	01:56:51.981	0.78203				2
2026.05.06	01:56:52.282	0.78204				2
2026.05.06	01:56:52.583	0.78203				2
2026.05.06	01:56:52.883		0.78213			4
2026.05.06	01:56:53.184		0.78214			4
2026.05.06	01:56:53.486		0.78213			4
2026.05.06	01:56:54.087	0.78201	0.78211			6
2026.05.06	01:56:56.202	0.78202	0.78212			6
2026.05.06	01:56:57.691	0.78203	0.78213			6
2026.05.06	01:56:58.596	0.78204	0.78214			6
2026.05.06	01:56:59.196	0.78203	0.78213			6
2026.05.06	01:56:59.497	0.78204	0.78214			6
2026.05.06	01:57:00.098	0.78200	0.78210			6
2026.05.06	01:57:00.398	0.78198	0.78207			6
2026.05.06	01:57:00.699	0.78192	0.78205			6
2026.05.06	01:57:01.386	0.78194	0.78204			6
2026.05.06	01:57:01.687	0.78195	0.78206			6
2026.05.06	01:57:01.986	0.78196				2
2026.05.06	01:57:02.287	0.78197	0.78207			6
2026.05.06	01:57:02.588	0.78199	0.78209			6
2026.05.06	01:57:04.389	0.78201	0.78211			6
2026.05.06	01:57:05.015		0.78212			4
2026.05.06	01:57:05.319		0.78211			4
2026.05.06	01:57:10.917	0.78200	0.78213			6
2026.05.06	01:57:11.217	0.78201	0.78212			6
2026.05.06	01:57:11.517		0.78211			4
2026.05.06	01:57:13.543	0.78202	0.78212			6
2026.05.06	01:57:18.090	0.78207	0.78217			6
2026.05.06	01:57:18.391		0.78219			4
2026.05.06	01:57:18.692	0.78210	0.78221			6
2026.05.06	01:57:18.991		0.78220			4
2026.05.06	01:57:25.785		0.78221			4
2026.05.06	01:57:26.086		0.78223			4
2026.05.06	01:57:26.986	0.78211	0.78222			6
2026.05.06	01:57:27.956	0.78209	0.78220			6
2026.05.06	01:57:29.091		0.78219			4
2026.05.06	01:57:30.004		0.78220			4
2026.05.06	01:57:30.303		0.78219			4
2026.05.06	01:57:31.095		0.78220			4
2026.05.06	01:57:31.695		0.78222			4
2026.05.06	01:57:31.999		0.78220			4
2026.05.06	01:57:32.300		0.78219			4
2026.05.06	01:57:32.599		0.78220			4
2026.05.06	01:57:34.203		0.78219			4
2026.05.06	01:57:36.769		0.78220			4
2026.05.06	01:57:38.012		0.78219			4
2026.05.06	01:57:38.313		0.78220			4
2026.05.06	01:57:39.344		0.78219			4
2026.05.06	01:57:40.483	0.78207	0.78218			6
2026.05.06	01:57:40.783	0.78208				2
2026.05.06	01:57:41.081	0.78209	0.78220			6
2026.05.06	01:57:41.381		0.78219			4
2026.05.06	01:57:41.686	0.78206	0.78218			6
2026.05.06	01:57:41.985		0.78219			4
2026.05.06	01:57:42.285	0.78205	0.78215			6
2026.05.06	01:57:43.996	0.78206	0.78219			6
2026.05.06	01:57:44.296		0.78218			4
2026.05.06	01:57:44.596	0.78208	0.78220			6
2026.05.06	01:57:45.197	0.78207				2
2026.05.06	01:57:45.496	0.78205	0.78218			6
2026.05.06	01:57:46.097	0.78204	0.78216			6
2026.05.06	01:57:46.396	0.78205	0.78217			6
2026.05.06	01:57:47.915		0.78218			4
2026.05.06	01:57:48.518	0.78206	0.78219			6
2026.05.06	01:57:49.207	0.78207	0.78220			6
2026.05.06	01:57:49.505	0.78209				2
2026.05.06	01:57:50.159	0.78208	0.78219			6
2026.05.06	01:57:50.461	0.78206				2
2026.05.06	01:57:50.761	0.78207				2
2026.05.06	01:57:51.061	0.78208				2
2026.05.06	01:57:51.362	0.78209	0.78220			6
2026.05.06	01:57:52.538		0.78221			4
2026.05.06	01:57:52.838	0.78210	0.78222			6
2026.05.06	01:57:53.377	0.78209	0.78220			6
2026.05.06	01:57:53.677	0.78210				2
2026.05.06	01:57:55.169		0.78221			4
2026.05.06	01:57:55.469	0.78213	0.78223			6
2026.05.06	01:57:57.038		0.78224			4
2026.05.06	01:57:57.338	0.78214				2
2026.05.06	01:57:57.638	0.78212	0.78223			6
2026.05.06	01:57:59.328		0.78222			4
2026.05.06	01:57:59.628	0.78210	0.78223			6
2026.05.06	01:58:00.295	0.78211	0.78222			6
2026.05.06	01:58:00.595	0.78212	0.78223			6
2026.05.06	01:58:00.895	0.78211	0.78222			6
2026.05.06	01:58:02.688	0.78212				2
2026.05.06	01:58:02.988	0.78211	0.78223			6
2026.05.06	01:58:05.390	0.78210	0.78220			6
2026.05.06	01:58:05.691		0.78221			4
2026.05.06	01:58:06.591	0.78208	0.78220			6
2026.05.06	01:58:06.891		0.78221			4
2026.05.06	01:58:07.492	0.78210	0.78222			6
2026.05.06	01:58:08.291	0.78211	0.78223			6
2026.05.06	01:58:08.591	0.78213				2
2026.05.06	01:58:09.429	0.78212				2
2026.05.06	01:58:11.449	0.78211	0.78222			6
2026.05.06	01:58:11.750		0.78221			4
2026.05.06	01:58:12.831	0.78210	0.78220			6
2026.05.06	01:58:14.383		0.78221			4
2026.05.06	01:58:18.524	0.78212	0.78222			6
2026.05.06	01:58:18.825		0.78223			4
2026.05.06	01:58:20.273	0.78214	0.78225			6
2026.05.06	01:58:20.575		0.78224			4
2026.05.06	01:58:20.875		0.78225			4
2026.05.06	01:58:21.490	0.78213	0.78224			6
2026.05.06	01:58:21.790	0.78214	0.78225			6
2026.05.06	01:58:23.636	0.78213				2
2026.05.06	01:58:24.401		0.78224			4
2026.05.06	01:58:24.701		0.78223			4
2026.05.06	01:58:27.828	0.78214	0.78225			6
2026.05.06	01:58:28.128		0.78224			4
2026.05.06	01:58:28.729		0.78225			4
2026.05.06	01:58:29.931	0.78215	0.78226			6
2026.05.06	01:58:30.231	0.78220	0.78230			6
2026.05.06	01:58:32.721		0.78231			4
2026.05.06	01:58:34.423		0.78230			4
2026.05.06	01:58:35.389	0.78215	0.78226			6
2026.05.06	01:58:39.320	0.78216	0.78227			6
2026.05.06	01:58:39.620		0.78226			4
2026.05.06	01:58:40.985	0.78215				2
2026.05.06	01:58:41.286	0.78216				2
2026.05.06	01:58:41.928	0.78215				2
2026.05.06	01:58:45.195	0.78219	0.78231			6
2026.05.06	01:58:45.495		0.78232			4
2026.05.06	01:58:46.525	0.78220	0.78231			6
2026.05.06	01:58:46.825	0.78221				2
2026.05.06	01:58:50.750	0.78218	0.78228			6
2026.05.06	01:58:51.865		0.78229			4
2026.05.06	01:58:55.374	0.78219	0.78231			6
2026.05.06	01:58:56.580		0.78230			4
2026.05.06	01:58:58.713		0.78229			4
2026.05.06	01:58:59.012	0.78218	0.78231			6
2026.05.06	01:59:00.217	0.78219	0.78229			6
2026.05.06	01:59:00.516		0.78230			4
2026.05.06	01:59:01.881	0.78218	0.78231			6
2026.05.06	01:59:02.182	0.78219	0.78230			6
2026.05.06	01:59:02.481	0.78220				2
2026.05.06	01:59:06.470	0.78221	0.78231			6
2026.05.06	01:59:07.612	0.78222				2
2026.05.06	01:59:08.337		0.78232			4
2026.05.06	01:59:08.636		0.78230			4
2026.05.06	01:59:08.936		0.78232			4
2026.05.06	01:59:10.570	0.78224	0.78235			6
2026.05.06	01:59:12.031	0.78228	0.78237			6
2026.05.06	01:59:12.631		0.78238			4
2026.05.06	01:59:13.231		0.78237			4
2026.05.06	01:59:14.856	0.78232	0.78241			6
2026.05.06	01:59:15.155	0.78234	0.78243			6
2026.05.06	01:59:15.457		0.78241			4
2026.05.06	01:59:15.758	0.78232				2
2026.05.06	01:59:16.890	0.78229	0.78238			6
2026.05.06	01:59:17.556	0.78230				2
2026.05.06	01:59:17.856	0.78231				2
2026.05.06	01:59:18.156	0.78230				2
2026.05.06	01:59:19.549		0.78239			4
2026.05.06	01:59:19.849	0.78231				2
2026.05.06	01:59:21.216		0.78240			4
2026.05.06	01:59:21.818	0.78230	0.78238			6
2026.05.06	01:59:23.844	0.78229	0.78236			6
2026.05.06	01:59:30.048	0.78226				2
2026.05.06	01:59:31.384		0.78235			4
2026.05.06	01:59:35.005		0.78234			4
2026.05.06	01:59:35.886		0.78235			4
2026.05.06	01:59:36.747	0.78227	0.78236			6
2026.05.06	01:59:39.204		0.78235			4
2026.05.06	01:59:40.422		0.78236			4
2026.05.06	01:59:40.956		0.78235			4
2026.05.06	01:59:41.256	0.78226	0.78234			6
2026.05.06	01:59:41.559	0.78219	0.78228			6
2026.05.06	01:59:41.856	0.78218	0.78226			6
2026.05.06	01:59:43.813	0.78217	0.78225			6
2026.05.06	01:59:44.712		0.78226			4
2026.05.06	01:59:45.013		0.78225			4
2026.05.06	01:59:45.313		0.78226			4
2026.05.06	01:59:53.572		0.78227			4
2026.05.06	01:59:53.875	0.78218				2
2026.05.06	01:59:55.077	0.78215	0.78224			6
2026.05.06	01:59:55.377	0.78214	0.78223			6
2026.05.06	01:59:56.259	0.78216	0.78226			6
2026.05.06	01:59:57.601		0.78225			4
2026.05.06	02:00:00.002	0.78216				2
2026.05.06	02:00:00.303		0.78224			4
2026.05.06	02:00:01.206	0.78205	0.78215			6
2026.05.06	02:00:02.837	0.78213	0.78221			6
2026.05.06	02:00:04.037	0.78211	0.78220			6
2026.05.06	02:00:04.338	0.78212				2
2026.05.06	02:00:06.788		0.78221			4
2026.05.06	02:00:09.245		0.78220			4
2026.05.06	02:00:09.545	0.78209				2
2026.05.06	02:00:10.197		0.78219			4
2026.05.06	02:00:10.512		0.78220			4
2026.05.06	02:00:10.812		0.78219			4
2026.05.06	02:00:11.113	0.78211	0.78220			6
2026.05.06	02:00:11.713	0.78209	0.78219			6
2026.05.06	02:00:12.013	0.78211	0.78220			6
2026.05.06	02:00:12.614	0.78213	0.78221			6
2026.05.06	02:00:13.215	0.78212				2
2026.05.06	02:00:15.447	0.78213				2
2026.05.06	02:00:16.346		0.78222			4
2026.05.06	02:00:18.073		0.78221			4
2026.05.06	02:00:19.211	0.78212				2
2026.05.06	02:00:20.421	0.78213				2
2026.05.06	02:00:22.539		0.78222			4
2026.05.06	02:00:24.160		0.78221			4
2026.05.06	02:00:24.461	0.78212	0.78220			6
2026.05.06	02:00:25.112	0.78210				2
2026.05.06	02:00:26.524	0.78211				2
2026.05.06	02:00:29.708		0.78221			4
2026.05.06	02:00:30.008	0.78212				2
2026.05.06	02:00:33.935		0.78220			4
2026.05.06	02:00:34.235		0.78221			4
2026.05.06	02:00:37.909	0.78210	0.78220			6
2026.05.06	02:00:38.641	0.78207	0.78216			6
2026.05.06	02:00:38.941		0.78215			4
2026.05.06	02:00:39.542		0.78216			4
2026.05.06	02:00:40.741		0.78215			4
2026.05.06	02:00:41.980	0.78203	0.78211			6
2026.05.06	02:00:43.903	0.78202				2
2026.05.06	02:00:44.203	0.78203	0.78212			6
2026.05.06	02:00:44.805	0.78202	0.78211			6
2026.05.06	02:00:45.105	0.78199	0.78208			6
2026.05.06	02:00:45.406	0.78200	0.78209			6
2026.05.06	02:00:45.707		0.78210			4
2026.05.06	02:00:46.010	0.78201				2
2026.05.06	02:00:46.312	0.78202				2
2026.05.06	02:00:46.912	0.78203	0.78212			6
2026.05.06	02:00:49.137		0.78211			4
2026.05.06	02:00:50.672	0.78200	0.78209			6
2026.05.06	02:00:54.344	0.78202	0.78210			6
2026.05.06	02:00:55.873	0.78201	0.78211			6
2026.05.06	02:00:56.174		0.78210			4
2026.05.06	02:00:57.495	0.78203	0.78213			6
2026.05.06	02:00:57.796	0.78202	0.78212			6
2026.05.06	02:00:58.698	0.78203	0.78213			6
2026.05.06	02:00:58.998		0.78214			4
2026.05.06	02:00:59.298	0.78204	0.78215			6
2026.05.06	02:01:00.369	0.78204				2
2026.05.06	02:01:00.670	0.78205	0.78214			6
2026.05.06	02:01:01.272	0.78202	0.78210			6
2026.05.06	02:01:01.570	0.78199	0.78209			6
2026.05.06	02:01:01.872	0.78198	0.78208			6
2026.05.06	02:01:03.477	0.78199	0.78209			6
2026.05.06	02:01:04.082	0.78201	0.78210			6
2026.05.06	02:01:04.379		0.78211			4
2026.05.06	02:01:07.867	0.78199	0.78209			6
2026.05.06	02:01:09.990	0.78200				2
2026.05.06	02:01:10.593		0.78210			4
2026.05.06	02:01:11.193	0.78202				2
2026.05.06	02:01:11.493	0.78200				2
2026.05.06	02:01:11.794	0.78201	0.78211			6
2026.05.06	02:01:12.695		0.78210			4
2026.05.06	02:01:13.860		0.78211			4
2026.05.06	02:01:15.211		0.78212			4
2026.05.06	02:01:15.511	0.78202				2
2026.05.06	02:01:16.816	0.78203				2
2026.05.06	02:01:17.117		0.78211			4
2026.05.06	02:01:18.120	0.78204	0.78212			6
2026.05.06	02:01:18.720	0.78203	0.78211			6
2026.05.06	02:01:19.528	0.78204	0.78212			6
2026.05.06	02:01:19.830	0.78205	0.78214			6
2026.05.06	02:01:20.432	0.78204				2
2026.05.06	02:01:22.237	0.78205				2
2026.05.06	02:01:22.537		0.78215			4
2026.05.06	02:01:23.597	0.78206				2
2026.05.06	02:01:23.897	0.78205	0.78214			6
2026.05.06	02:01:25.362	0.78206				2
2026.05.06	02:01:27.606	0.78204				2
2026.05.06	02:01:28.688	0.78206	0.78215			6
2026.05.06	02:01:29.288	0.78205	0.78214			6
2026.05.06	02:01:31.416		0.78213			4
2026.05.06	02:01:32.885	0.78204	0.78214			6
2026.05.06	02:01:33.185	0.78203	0.78212			6
2026.05.06	02:01:33.485		0.78211			4
2026.05.06	02:01:33.785		0.78210			4
2026.05.06	02:01:35.075	0.78202	0.78209			6
2026.05.06	02:01:35.375		0.78210			4
2026.05.06	02:01:36.342	0.78201				2
2026.05.06	02:01:37.242	0.78199	0.78207			6
2026.05.06	02:01:37.541	0.78198				2
2026.05.06	02:01:37.842	0.78197				2
2026.05.06	02:01:38.143	0.78199				2
2026.05.06	02:01:38.743		0.78208			4
2026.05.06	02:01:39.775	0.78200				2
2026.05.06	02:01:40.157	0.78199				2
2026.05.06	02:01:43.993	0.78200	0.78209			6
2026.05.06	02:01:44.293	0.78199	0.78208			6
2026.05.06	02:01:44.593	0.78201	0.78209			6
2026.05.06	02:01:44.894	0.78199				2
2026.05.06	02:01:45.194	0.78202	0.78211			6
2026.05.06	02:01:47.069		0.78210			4
2026.05.06	02:01:49.002	0.78200				2
2026.05.06	02:01:50.062	0.78201	0.78209			6
2026.05.06	02:01:50.836	0.78200				2
2026.05.06	02:01:51.438	0.78198	0.78208			6
2026.05.06	02:01:52.038	0.78199				2
2026.05.06	02:01:52.338	0.78198				2
2026.05.06	02:01:52.639		0.78207			4
2026.05.06	02:01:53.056	0.78199				2
2026.05.06	02:01:53.355	0.78195	0.78205			6
2026.05.06	02:01:53.657	0.78192	0.78200			6
2026.05.06	02:01:53.956	0.78189	0.78199			6
2026.05.06	02:01:54.908	0.78190				2
2026.05.06	02:01:55.812	0.78191				2
2026.05.06	02:01:56.112	0.78189				2
2026.05.06	02:01:56.561	0.78190				2
2026.05.06	02:01:57.678	0.78189				2
2026.05.06	02:01:58.755		0.78200			4
2026.05.06	02:02:00.086	0.78189				2
2026.05.06	02:02:00.387	0.78191				2
2026.05.06	02:02:00.882	0.78189				2
2026.05.06	02:02:01.481	0.78192	0.78202			6
2026.05.06	02:02:01.782		0.78201			4
2026.05.06	02:02:02.083		0.78202			4
2026.05.06	02:02:02.944	0.78197	0.78206			6
2026.05.06	02:02:03.845	0.78198	0.78207			6
2026.05.06	02:02:09.403		0.78208			4
2026.05.06	02:02:14.424	0.78199				2
2026.05.06	02:02:14.724	0.78198	0.78207			6
2026.05.06	02:02:16.167	0.78202	0.78203			6
2026.05.06	02:02:17.971	0.78201	0.78202			6
2026.05.06	02:02:19.173	0.78197	0.78205			6
2026.05.06	02:02:20.714	0.78196				2
2026.05.06	02:02:22.061	0.78193	0.78202			6
2026.05.06	02:02:24.856	0.78195	0.78204			6
2026.05.06	02:02:25.464	0.78196				2
2026.05.06	02:02:25.764	0.78195	0.78203			6
2026.05.06	02:02:26.365	0.78196				2
2026.05.06	02:02:27.403	0.78195				2
2026.05.06	02:02:28.273	0.78194				2
2026.05.06	02:02:29.565		0.78204			4
2026.05.06	02:02:31.718	0.78196	0.78205			6
2026.05.06	02:02:33.607	0.78194	0.78203			6
2026.05.06	02:02:34.403	0.78192	0.78202			6
2026.05.06	02:02:37.060	0.78193				2
2026.05.06	02:02:37.721		0.78203			4
2026.05.06	02:02:40.549	0.78192	0.78202			6
2026.05.06	02:02:41.293		0.78203			4
2026.05.06	02:02:41.591		0.78202			4
2026.05.06	02:02:41.892	0.78191	0.78201			6
2026.05.06	02:02:42.193	0.78192	0.78203			6
2026.05.06	02:02:43.114	0.78193	0.78204			6
2026.05.06	02:02:43.414	0.78194				2
2026.05.06	02:02:43.903	0.78193				2
2026.05.06	02:02:44.541	0.78194				2
2026.05.06	02:02:44.842		0.78205			4
2026.05.06	02:02:45.763	0.78195	0.78204			6
2026.05.06	02:02:49.360		0.78206			4
2026.05.06	02:02:51.067		0.78205			4
2026.05.06	02:02:56.268	0.78196				2
2026.05.06	02:03:00.190	0.78197				2
2026.05.06	02:03:00.491	0.78198	0.78208			6
2026.05.06	02:03:03.861	0.78199				2
2026.05.06	02:03:04.160		0.78209			4
2026.05.06	02:03:10.316	0.78198				2
2026.05.06	02:03:10.618	0.78202	0.78212			6
2026.05.06	02:03:10.918	0.78201	0.78211			6
2026.05.06	02:03:11.921	0.78198	0.78208			6
2026.05.06	02:03:12.221	0.78201	0.78211			6
2026.05.06	02:03:14.914	0.78202	0.78212			6
2026.05.06	02:03:15.212	0.78201	0.78211			6
2026.05.06	02:03:15.512	0.78203	0.78213			6
2026.05.06	02:03:15.814	0.78204	0.78214			6
2026.05.06	02:03:18.351	0.78205	0.78215			6
2026.05.06	02:03:19.553	0.78204				2
2026.05.06	02:03:19.853	0.78205				2
2026.05.06	02:03:20.154	0.78204				2
2026.05.06	02:03:20.454	0.78205				2
2026.05.06	02:03:20.754		0.78214			4
2026.05.06	02:03:21.054		0.78215			4
2026.05.06	02:03:21.355	0.78204				2
2026.05.06	02:03:21.664	0.78205				2
2026.05.06	02:03:21.964	0.78204				2
2026.05.06	02:03:22.266	0.78205	0.78214			6
2026.05.06	02:03:22.566		0.78215			4
2026.05.06	02:03:22.865	0.78204	0.78214			6
2026.05.06	02:03:23.166		0.78213			4
2026.05.06	02:03:23.466	0.78205				2
2026.05.06	02:03:23.766	0.78204				2
2026.05.06	02:03:24.066	0.78203	0.78212			6
2026.05.06	02:03:24.671	0.78199	0.78209			6
2026.05.06	02:03:24.968	0.78198	0.78207			6
2026.05.06	02:03:25.269	0.78197	0.78205			6
2026.05.06	02:03:25.569	0.78193	0.78202			6
2026.05.06	02:03:26.168	0.78195	0.78204			6
2026.05.06	02:03:26.468		0.78205			4
2026.05.06	02:03:27.479	0.78198	0.78208			6
2026.05.06	02:03:28.676		0.78207			4
2026.05.06	02:03:29.387	0.78197				2
2026.05.06	02:03:34.775	0.78198				2
2026.05.06	02:03:35.377	0.78197				2
2026.05.06	02:03:35.677	0.78198				2
2026.05.06	02:03:36.428	0.78197				2
2026.05.06	02:03:36.731	0.78196				2
2026.05.06	02:03:37.032	0.78198	0.78208			6
2026.05.06	02:03:37.331	0.78194	0.78206			6
2026.05.06	02:03:37.632	0.78195				2
2026.05.06	02:03:39.109	0.78196				2
2026.05.06	02:03:39.410	0.78197	0.78207			6
2026.05.06	02:03:39.710		0.78206			4
2026.05.06	02:03:48.616	0.78196				2
2026.05.06	02:03:48.915	0.78195	0.78204			6
2026.05.06	02:03:49.914		0.78203			4
2026.05.06	02:03:50.503	0.78194				2
2026.05.06	02:03:51.610	0.78193				2
2026.05.06	02:03:53.042	0.78194				2
2026.05.06	02:03:53.344	0.78195	0.78204			6
2026.05.06	02:03:53.643	0.78194				2
2026.05.06	02:03:55.047	0.78193				2
2026.05.06	02:03:56.027	0.78194				2
2026.05.06	02:03:56.972	0.78195				2
2026.05.06	02:03:59.667		0.78205			4
2026.05.06	02:03:59.967	0.78194	0.78204			6
2026.05.06	02:04:00.267	0.78194				2
2026.05.06	02:04:01.571	0.78198	0.78208			6
2026.05.06	02:04:03.127	0.78199				2
2026.05.06	02:04:03.428	0.78198				2
2026.05.06	02:04:03.945		0.78207			4
2026.05.06	02:04:04.248	0.78196	0.78206			6
2026.05.06	02:04:04.847	0.78195	0.78204			6
2026.05.06	02:04:05.145		0.78205			4
2026.05.06	02:04:10.534	0.78196	0.78206			6
2026.05.06	02:04:13.066	0.78195	0.78205			6
2026.05.06	02:04:15.186		0.78204			4
2026.05.06	02:04:15.486		0.78205			4
2026.05.06	02:04:16.989	0.78196	0.78206			6
2026.05.06	02:04:22.022	0.78198	0.78208			6
2026.05.06	02:04:24.529	0.78201	0.78211			6
2026.05.06	02:04:25.729		0.78212			4
2026.05.06	02:04:26.332	0.78202	0.78211			6
2026.05.06	02:04:26.632	0.78201				2
2026.05.06	02:04:28.133		0.78210			4
2026.05.06	02:04:28.434	0.78202				2
2026.05.06	02:04:31.569	0.78201				2
2026.05.06	02:04:31.869		0.78211			4
2026.05.06	02:04:33.505		0.78210			4
2026.05.06	02:04:35.070	0.78202				2
2026.05.06	02:04:36.863		0.78211			4
2026.05.06	02:04:37.163	0.78201				2
2026.05.06	02:04:37.464	0.78202				2
2026.05.06	02:04:37.763	0.78200	0.78210			6
2026.05.06	02:04:38.064	0.78202				2
2026.05.06	02:04:38.365	0.78201				2
2026.05.06	02:04:40.416	0.78202				2
2026.05.06	02:04:42.007	0.78198	0.78207			6
2026.05.06	02:04:42.607	0.78199				2
2026.05.06	02:04:45.716	0.78194	0.78203			6
2026.05.06	02:04:48.250	0.78192	0.78201			6
2026.05.06	02:04:49.333	0.78193				2
2026.05.06	02:04:49.934	0.78189	0.78198			6
2026.05.06	02:04:50.930	0.78190				2
2026.05.06	02:04:51.231	0.78189	0.78197			6
2026.05.06	02:04:51.531	0.78188	0.78196			6
2026.05.06	02:04:52.164	0.78187				2
2026.05.06	02:04:52.466	0.78186				2
2026.05.06	02:04:55.070		0.78195			4
2026.05.06	02:05:00.140	0.78186				2
2026.05.06	02:05:00.741	0.78185				2
2026.05.06	02:05:01.042		0.78196			4
2026.05.06	02:05:01.342	0.78184	0.78194			6
2026.05.06	02:05:01.643		0.78193			4
2026.05.06	02:05:01.981		0.78192			4
2026.05.06	02:05:02.282	0.78178	0.78187			6
2026.05.06	02:05:02.581		0.78188			4
2026.05.06	02:05:03.482	0.78179	0.78189			6
2026.05.06	02:05:03.784		0.78191			4
2026.05.06	02:05:04.084	0.78181				2
2026.05.06	02:05:04.384		0.78189			4
2026.05.06	02:05:04.684		0.78190			4
2026.05.06	02:05:05.586		0.78188			4
2026.05.06	02:05:05.886	0.78179	0.78191			6
2026.05.06	02:05:06.879	0.78177	0.78187			6
2026.05.06	02:05:10.611	0.78171	0.78181			6
2026.05.06	02:05:11.512	0.78170				2
2026.05.06	02:05:12.553	0.78171	0.78182			6
2026.05.06	02:05:13.156	0.78173	0.78183			6
2026.05.06	02:05:14.902	0.78171	0.78181			6
2026.05.06	02:05:15.505		0.78182			4
2026.05.06	02:05:15.805	0.78172	0.78183			6
2026.05.06	02:05:16.409	0.78171	0.78182			6
2026.05.06	02:05:18.429	0.78172				2
2026.05.06	02:05:19.405	0.78171				2
2026.05.06	02:05:19.709	0.78172	0.78183			6
2026.05.06	02:05:20.010	0.78173				2
2026.05.06	02:05:20.309	0.78174				2
2026.05.06	02:05:20.613		0.78184			4
2026.05.06	02:05:23.554	0.78176	0.78188			6
2026.05.06	02:05:24.150		0.78186			4
2026.05.06	02:05:24.449		0.78185			4
2026.05.06	02:05:24.750		0.78186			4
2026.05.06	02:05:25.979	0.78175	0.78185			6
2026.05.06	02:05:26.280	0.78176				2
2026.05.06	02:05:27.003		0.78187			4
2026.05.06	02:05:27.305		0.78186			4
2026.05.06	02:05:29.116	0.78177				2
2026.05.06	02:05:32.653		0.78187			4
2026.05.06	02:05:33.278	0.78172	0.78182			6
2026.05.06	02:05:35.714		0.78181			4
2026.05.06	02:05:36.314	0.78171	0.78182			6
2026.05.06	02:05:40.204	0.78172				2
2026.05.06	02:05:40.505	0.78171				2
2026.05.06	02:05:40.849		0.78181			4
2026.05.06	02:05:41.149	0.78172	0.78183			6
2026.05.06	02:05:43.384		0.78181			4
2026.05.06	02:05:43.684	0.78170	0.78180			6
2026.05.06	02:05:45.829	0.78171				2
2026.05.06	02:05:48.614	0.78172	0.78181			6
2026.05.06	02:05:49.462	0.78171				2
2026.05.06	02:05:49.763	0.78173	0.78183			6
2026.05.06	02:05:50.363	0.78172	0.78181			6
2026.05.06	02:05:53.748		0.78182			4
2026.05.06	02:05:54.350	0.78171	0.78181			6
2026.05.06	02:05:55.070	0.78173	0.78182			6
2026.05.06	02:05:55.371		0.78183			4
2026.05.06	02:05:57.079	0.78174	0.78184			6
2026.05.06	02:05:57.680	0.78175	0.78185			6
2026.05.06	02:06:01.673	0.78175				2
2026.05.06	02:06:03.276	0.78177	0.78187			6
2026.05.06	02:06:04.478		0.78186			4
2026.05.06	02:06:10.505		0.78187			4
2026.05.06	02:06:12.580	0.78174	0.78184			6
2026.05.06	02:06:12.882	0.78173	0.78183			6
2026.05.06	02:06:13.482	0.78175	0.78186			6
2026.05.06	02:06:14.527		0.78185			4
2026.05.06	02:06:16.774	0.78176	0.78186			6
2026.05.06	02:06:17.890		0.78185			4
2026.05.06	02:06:18.796	0.78175				2
2026.05.06	02:06:20.393	0.78176	0.78186			6
2026.05.06	02:06:20.693	0.78177				2
2026.05.06	02:06:20.994		0.78187			4
2026.05.06	02:06:21.293	0.78178				2
2026.05.06	02:06:23.098		0.78188			4
2026.05.06	02:06:23.398		0.78187			4
2026.05.06	02:06:30.694	0.78177				2
2026.05.06	02:06:33.298	0.78180	0.78190			6
2026.05.06	02:06:33.600	0.78182				2
2026.05.06	02:06:33.898	0.78181	0.78191			6
2026.05.06	02:06:34.200	0.78183	0.78193			6
2026.05.06	02:06:35.823	0.78181	0.78192			6
2026.05.06	02:06:36.123	0.78182				2
2026.05.06	02:06:37.233	0.78183	0.78193			6
2026.05.06	02:06:41.180	0.78184				2
2026.05.06	02:06:41.482	0.78183				2
2026.05.06	02:06:42.826	0.78182	0.78192			6
2026.05.06	02:06:43.126	0.78183				2
2026.05.06	02:06:45.676	0.78182				2
2026.05.06	02:06:47.859	0.78183	0.78193			6
2026.05.06	02:06:48.159	0.78182	0.78192			6
2026.05.06	02:06:50.296	0.78183				2
2026.05.06	02:06:51.045	0.78182	0.78191			6
2026.05.06	02:06:51.662		0.78192			4
2026.05.06	02:06:51.962	0.78181	0.78190			6
2026.05.06	02:06:53.926	0.78182				2
2026.05.06	02:06:58.073		0.78191			4
2026.05.06	02:06:58.373		0.78192			4
2026.05.06	02:06:58.673	0.78181	0.78190			6
2026.05.06	02:07:00.318	0.78181				2
2026.05.06	02:07:00.622	0.78176	0.78185			6
2026.05.06	02:07:02.128		0.78186			4
2026.05.06	02:07:02.428	0.78177	0.78187			6
2026.05.06	02:07:05.438		0.78186			4
2026.05.06	02:07:08.805	0.78175	0.78184			6
2026.05.06	02:07:09.404	0.78174	0.78182			6
2026.05.06	02:07:10.031		0.78183			4
2026.05.06	02:07:10.331		0.78182			4
2026.05.06	02:07:10.631		0.78183			4
2026.05.06	02:07:14.711	0.78173				2
2026.05.06	02:07:15.012	0.78174				2
2026.05.06	02:07:15.856	0.78175	0.78184			6
2026.05.06	02:07:17.424		0.78183			4
