<DATE>	<TIME>	<BID>	<ASK>	<LAST>	<VOLUME>	<FLAGS>
2026.06.03	00:03:30.766	0.78646	0.78841			6
2026.06.03	00:04:11.861	0.78646				2
2026.06.03	00:04:21.901		0.78832			4
2026.06.03	00:05:00.244	0.78649				2
2026.06.03	00:05:06.018	0.78650				2
2026.06.03	00:05:06.318	0.78649				2
2026.06.03	00:05:06.619	0.78650				2
2026.06.03	00:05:06.918	0.78649				2
2026.06.03	00:05:07.520	0.78650				2
2026.06.03	00:05:07.820	0.78649				2
2026.06.03	00:05:16.902		0.78831			4
2026.06.03	00:06:00.200	0.78649				2
2026.06.03	00:06:11.904	0.78648				2
2026.06.03	00:06:20.378		0.78831			4
2026.06.03	00:07:06.905	0.78648				2
2026.06.03	00:07:20.635		0.78831			4
2026.06.03	00:08:01.906	0.78648				2
2026.06.03	00:08:20.942		0.78831			4
2026.06.03	00:08:56.907	0.78649				2
2026.06.03	00:09:00.072	0.78649				2
2026.06.03	00:09:23.142		0.78831			4
2026.06.03	00:09:51.908	0.78646	0.78829			6
2026.06.03	00:10:00.071	0.78646				2
2026.06.03	00:10:00.373	0.78671	0.78794			6
2026.06.03	00:10:02.701	0.78672				2
2026.06.03	00:10:03.002		0.78793			4
2026.06.03	00:10:03.302		0.78794			4
2026.06.03	00:10:08.701	0.78673				2
2026.06.03	00:10:09.002	0.78672	0.78795			6
2026.06.03	00:10:15.001	0.78673	0.78794			6
2026.06.03	00:10:15.301	0.78672	0.78795			6
2026.06.03	00:10:19.168	0.78715	0.78770			6
2026.06.03	00:11:00.051	0.78715				2
2026.06.03	00:11:02.753	0.78672	0.78795			6
2026.06.03	00:11:04.042	0.78671	0.78796			6
2026.06.03	00:11:12.615	0.78670				2
2026.06.03	00:11:43.815		0.78797			4
2026.06.03	00:12:00.615	0.78670				2
2026.06.03	00:12:23.716		0.78796			4
2026.06.03	00:12:59.116		0.78797			4
2026.06.03	00:13:00.317	0.78670				2
2026.06.03	00:13:17.417	0.78671	0.78794			6
2026.06.03	00:13:36.316	0.78670	0.78795			6
2026.06.03	00:14:00.915	0.78670				2
2026.06.03	00:14:02.240	0.78671				2
2026.06.03	00:14:02.540		0.78794			4
2026.06.03	00:14:22.815	0.78670				2
2026.06.03	00:14:23.116		0.78795			4
2026.06.03	00:14:30.615	0.78671				2
2026.06.03	00:14:30.916		0.78794			4
2026.06.03	00:15:00.005	0.78671				2
2026.06.03	00:15:30.917	0.78672	0.78793			6
2026.06.03	00:15:54.616	0.78673				2
2026.06.03	00:15:54.916		0.78792			4
2026.06.03	00:16:01.513	0.78673				2
2026.06.03	00:16:07.815	0.78675	0.78794			6
2026.06.03	00:16:31.217		0.78793			4
2026.06.03	00:16:46.122		0.78794			4
2026.06.03	00:16:48.331	0.78674				2
2026.06.03	00:16:51.746		0.78795			4
2026.06.03	00:16:52.046	0.78673	0.78796			6
2026.06.03	00:16:53.116		0.78795			4
2026.06.03	00:17:00.915	0.78673				2
2026.06.03	00:17:14.416	0.78674				2
2026.06.03	00:17:27.016		0.78794			4
2026.06.03	00:17:41.882		0.78795			4
2026.06.03	00:17:42.916		0.78794			4
2026.06.03	00:17:55.816	0.78675				2
2026.06.03	00:18:00.496	0.78675				2
2026.06.03	00:18:00.799		0.78793			4
2026.06.03	00:18:37.815	0.78676				2
2026.06.03	00:19:01.137	0.78676	0.78793			6
2026.06.03	00:19:06.916		0.78792			4
2026.06.03	00:19:21.927	0.78677				2
2026.06.03	00:19:22.227		0.78791			4
2026.06.03	00:20:01.862	0.78677				2
2026.06.03	00:20:12.718	0.78678				2
2026.06.03	00:20:13.395	0.78648	0.78779			6
2026.06.03	00:20:17.562		0.78778			4
2026.06.03	00:20:20.677	0.78649				2
2026.06.03	00:20:21.578		0.78777			4
2026.06.03	00:20:22.462	0.78648				2
2026.06.03	00:20:22.762	0.78650				2
2026.06.03	00:20:24.745		0.78776			4
2026.06.03	00:20:26.781	0.78651				2
2026.06.03	00:20:27.955		0.78775			4
2026.06.03	00:20:29.968	0.78652				2
2026.06.03	00:20:31.074		0.78774			4
2026.06.03	00:20:31.999	0.78653				2
2026.06.03	00:20:34.062		0.78773			4
2026.06.03	00:20:35.232	0.78654				2
2026.06.03	00:20:37.236		0.78772			4
2026.06.03	00:20:39.394	0.78655				2
2026.06.03	00:20:42.375		0.78771			4
2026.06.03	00:20:43.555	0.78656				2
2026.06.03	00:20:46.537		0.78770			4
2026.06.03	00:20:48.723	0.78657				2
2026.06.03	00:20:50.833		0.78768			4
2026.06.03	00:20:51.135		0.78770			4
2026.06.03	00:20:52.640	0.78669	0.78765			6
2026.06.03	00:20:52.941	0.78657	0.78769			6
2026.06.03	00:20:53.903	0.78658				2
2026.06.03	00:20:57.975		0.78768			4
2026.06.03	00:21:00.008	0.78658				2
2026.06.03	00:21:02.216		0.78769			4
2026.06.03	00:21:03.235	0.78659	0.78768			6
2026.06.03	00:21:04.158	0.78658				2
2026.06.03	00:21:05.061	0.78659				2
2026.06.03	00:21:12.295		0.78767			4
2026.06.03	00:21:14.454	0.78651	0.78763			6
2026.06.03	00:21:22.615		0.78762			4
2026.06.03	00:21:24.655		0.78763			4
2026.06.03	00:21:25.588		0.78762			4
2026.06.03	00:21:32.815		0.78761			4
2026.06.03	00:21:34.854		0.78762			4
2026.06.03	00:21:36.895		0.78761			4
2026.06.03	00:21:37.800		0.78758			4
2026.06.03	00:21:42.826		0.78757			4
2026.06.03	00:21:43.126		0.78756			4
2026.06.03	00:21:46.276		0.78755			4
2026.06.03	00:22:00.094	0.78651				2
2026.06.03	00:22:01.876		0.78754			4
2026.06.03	00:22:07.374	0.78669				2
2026.06.03	00:22:07.674	0.78647	0.78746			6
2026.06.03	00:22:38.276	0.78651	0.78741			6
2026.06.03	00:22:55.518	0.78673	0.78750			6
2026.06.03	00:22:55.817	0.78645	0.78745			6
2026.06.03	00:22:58.038		0.78744			4
2026.06.03	00:22:59.076		0.78743			4
2026.06.03	00:23:00.116	0.78645	0.78744			6
2026.06.03	00:23:01.154		0.78743			4
2026.06.03	00:23:06.355		0.78744			4
2026.06.03	00:23:07.396		0.78743			4
2026.06.03	00:23:10.128		0.78740			4
2026.06.03	00:23:10.429		0.78742			4
2026.06.03	00:23:11.555		0.78743			4
2026.06.03	00:23:13.634		0.78742			4
2026.06.03	00:23:18.838		0.78743			4
2026.06.03	00:23:19.874		0.78742			4
2026.06.03	00:23:20.523		0.78740			4
2026.06.03	00:23:27.156	0.78677	0.78735			6
2026.06.03	00:23:27.457	0.78647	0.78734			6
2026.06.03	00:23:30.274		0.78733			4
2026.06.03	00:23:30.575		0.78732			4
2026.06.03	00:23:37.555		0.78731			4
2026.06.03	00:23:40.675		0.78732			4
2026.06.03	00:23:41.310	0.78637	0.78727			6
2026.06.03	00:23:45.882		0.78726			4
2026.06.03	00:23:53.156		0.78725			4
2026.06.03	00:23:58.357		0.78724			4
2026.06.03	00:24:00.135	0.78637				2
2026.06.03	00:24:06.675		0.78723			4
2026.06.03	00:24:11.143	0.78666	0.78734			6
2026.06.03	00:24:11.443	0.78632	0.78718			6
2026.06.03	00:24:12.894	0.78662	0.78708			6
2026.06.03	00:24:13.704	0.78661				2
2026.06.03	00:24:15.316	0.78662				2
2026.06.03	00:24:15.617	0.78632	0.78718			6
2026.06.03	00:24:16.635		0.78719			4
2026.06.03	00:24:16.936	0.78666	0.78734			6
2026.06.03	00:24:18.275	0.78668	0.78732			6
2026.06.03	00:24:18.575	0.78667	0.78733			6
2026.06.03	00:24:21.836	0.78666	0.78734			6
2026.06.03	00:24:24.951	0.78667	0.78733			6
2026.06.03	00:24:27.036	0.78666	0.78734			6
2026.06.03	00:24:32.236	0.78665	0.78735			6
2026.06.03	00:24:34.625	0.78685	0.78736			6
2026.06.03	00:24:44.070	0.78692	0.78771			6
2026.06.03	00:24:44.372		0.78763			4
2026.06.03	00:24:56.116	0.78693	0.78762			6
2026.06.03	00:25:03.771	0.78692				2
2026.06.03	00:25:04.074		0.78763			4
2026.06.03	00:25:05.115	0.78691	0.78764			6
2026.06.03	00:25:08.690		0.78800			4
2026.06.03	00:25:09.715	0.78692	0.78799			6
2026.06.03	00:25:10.735	0.78693				2
2026.06.03	00:25:15.841	0.78692				2
2026.06.03	00:25:16.999	0.78693				2
2026.06.03	00:25:20.358		0.78801			4
2026.06.03	00:25:20.659		0.78792			4
2026.06.03	00:25:22.114	0.78692	0.78793			6
2026.06.03	00:25:28.353	0.78691	0.78794			6
2026.06.03	00:25:34.495	0.78690	0.78795			6
2026.06.03	00:25:39.795		0.78791			4
2026.06.03	00:25:40.542		0.78785			4
2026.06.03	00:25:40.843	0.78704	0.78791			6
2026.06.03	00:25:41.542		0.78803			4
2026.06.03	00:25:41.843	0.78707				2
2026.06.03	00:25:42.145	0.78701				2
2026.06.03	00:25:42.895	0.78706				2
2026.06.03	00:25:43.936	0.78707				2
2026.06.03	00:25:44.240	0.78701				2
2026.06.03	00:25:44.975	0.78705				2
2026.06.03	00:25:45.275	0.78707				2
2026.06.03	00:25:47.356	0.78701				2
2026.06.03	00:25:49.135	0.78706				2
2026.06.03	00:25:49.436	0.78707				2
2026.06.03	00:25:51.314	0.78701				2
2026.06.03	00:25:52.254	0.78706				2
2026.06.03	00:25:52.556	0.78707				2
2026.06.03	00:25:53.494	0.78701				2
2026.06.03	00:25:54.095	0.78697				2
2026.06.03	00:25:54.395	0.78705				2
2026.06.03	00:25:54.697	0.78707				2
2026.06.03	00:25:55.301	0.78703				2
2026.06.03	00:25:55.606	0.78707				2
2026.06.03	00:25:56.209	0.78705				2
2026.06.03	00:25:56.508	0.78707				2
2026.06.03	00:25:57.458	0.78705				2
2026.06.03	00:25:57.766	0.78707				2
2026.06.03	00:25:58.371	0.78705				2
2026.06.03	00:25:58.674	0.78707				2
2026.06.03	00:26:00.258	0.78711				2
2026.06.03	00:26:00.559	0.78712				2
2026.06.03	00:26:01.595	0.78715				2
2026.06.03	00:26:01.894	0.78712				2
2026.06.03	00:26:02.613	0.78716				2
2026.06.03	00:26:02.913	0.78712				2
2026.06.03	00:26:03.641	0.78716				2
2026.06.03	00:26:03.940	0.78712				2
2026.06.03	00:26:04.662	0.78717				2
2026.06.03	00:26:04.964	0.78712				2
2026.06.03	00:26:07.743	0.78716				2
2026.06.03	00:26:08.043	0.78712				2
2026.06.03	00:26:09.815	0.78717				2
2026.06.03	00:26:10.114	0.78712				2
2026.06.03	00:26:10.842	0.78716	0.78794			6
2026.06.03	00:26:11.143	0.78712				2
2026.06.03	00:26:12.899	0.78716				2
2026.06.03	00:26:13.200	0.78712				2
2026.06.03	00:26:13.939	0.78716				2
2026.06.03	00:26:14.240	0.78712				2
2026.06.03	00:26:16.001	0.78716				2
2026.06.03	00:26:16.302	0.78712				2
2026.06.03	00:26:17.023	0.78716				2
2026.06.03	00:26:18.056	0.78712				2
2026.06.03	00:26:19.075	0.78716				2
2026.06.03	00:26:19.376	0.78723				2
2026.06.03	00:26:19.976	0.78725				2
2026.06.03	00:26:20.276	0.78723				2
2026.06.03	00:26:22.141	0.78724				2
2026.06.03	00:26:23.156	0.78725				2
2026.06.03	00:26:23.457	0.78724				2
2026.06.03	00:26:24.174	0.78726				2
2026.06.03	00:26:24.473	0.78724				2
2026.06.03	00:26:25.201	0.78726				2
2026.06.03	00:26:25.501	0.78724				2
2026.06.03	00:26:26.246	0.78726				2
2026.06.03	00:26:26.546	0.78724				2
2026.06.03	00:26:27.260	0.78726				2
2026.06.03	00:26:27.564	0.78724				2
2026.06.03	00:26:31.382	0.78720				2
2026.06.03	00:26:31.682	0.78724				2
2026.06.03	00:26:32.401	0.78725				2
2026.06.03	00:26:32.701	0.78724				2
2026.06.03	00:26:34.456	0.78726				2
2026.06.03	00:26:34.761	0.78724				2
2026.06.03	00:26:36.494	0.78725				2
2026.06.03	00:26:36.795	0.78724				2
2026.06.03	00:26:38.541	0.78725				2
2026.06.03	00:26:38.842	0.78724				2
2026.06.03	00:26:41.636	0.78725				2
2026.06.03	00:26:41.935	0.78724				2
2026.06.03	00:26:43.690	0.78726				2
2026.06.03	00:26:43.981	0.78724				2
2026.06.03	00:26:44.715	0.78726				2
2026.06.03	00:26:45.015	0.78733	0.78799			6
2026.06.03	00:26:50.856	0.78734				2
2026.06.03	00:26:51.158	0.78726				2
2026.06.03	00:26:51.895	0.78723				2
2026.06.03	00:26:52.194	0.78727				2
2026.06.03	00:26:55.014	0.78726				2
2026.06.03	00:27:00.173	0.78726				2
2026.06.03	00:27:01.213	0.78725				2
2026.06.03	00:27:02.234	0.78726				2
2026.06.03	00:27:04.273	0.78727				2
2026.06.03	00:27:05.314	0.78726				2
2026.06.03	00:27:06.354	0.78727				2
2026.06.03	00:27:07.395	0.78723				2
2026.06.03	00:27:07.696	0.78726				2
2026.06.03	00:27:09.473	0.78716	0.78794			6
2026.06.03	00:27:14.896	0.78693	0.78764			6
2026.06.03	00:27:15.199	0.78692	0.78783			6
2026.06.03	00:27:15.500		0.78780			4
2026.06.03	00:27:17.418	0.78691				2
2026.06.03	00:27:21.316		0.78781			4
2026.06.03	00:27:22.201	0.78692	0.78780			6
2026.06.03	00:27:22.503		0.78779			4
2026.06.03	00:27:25.835	0.78694	0.78780			6
2026.06.03	00:27:31.177	0.78695	0.78779			6
2026.06.03	00:27:37.865	0.78696				2
2026.06.03	00:27:38.167	0.78695	0.78751			6
2026.06.03	00:27:38.467	0.78696	0.78779			6
2026.06.03	00:27:38.766	0.78695	0.78751			6
2026.06.03	00:27:39.369	0.78696	0.78779			6
2026.06.03	00:27:39.674	0.78695	0.78751			6
2026.06.03	00:27:39.975	0.78696	0.78779			6
2026.06.03	00:27:40.276	0.78695	0.78751			6
2026.06.03	00:27:40.575	0.78696	0.78779			6
2026.06.03	00:27:40.878	0.78695	0.78751			6
2026.06.03	00:27:41.181	0.78696	0.78779			6
2026.06.03	00:27:41.506	0.78695	0.78751			6
2026.06.03	00:27:41.889		0.78779			4
2026.06.03	00:27:42.190	0.78694				2
2026.06.03	00:27:45.267	0.78695				2
2026.06.03	00:27:45.570	0.78694	0.78769			6
2026.06.03	00:27:56.116		0.78770			4
2026.06.03	00:28:00.015	0.78694				2
2026.06.03	00:28:05.716	0.78693				2
2026.06.03	00:28:11.475		0.78760			4
2026.06.03	00:28:24.316		0.78761			4
2026.06.03	00:28:30.615	0.78692				2
2026.06.03	00:28:32.403	0.78693				2
2026.06.03	00:28:33.915	0.78692				2
2026.06.03	00:28:49.217		0.78762			4
2026.06.03	00:28:55.516	0.78691				2
2026.06.03	00:29:00.016	0.78691				2
2026.06.03	00:29:13.816		0.78763			4
2026.06.03	00:29:24.916	0.78690				2
2026.06.03	00:29:32.165	0.78691				2
2026.06.03	00:29:34.215	0.78690				2
2026.06.03	00:30:00.021	0.78690	0.78764			6
2026.06.03	00:30:16.515	0.78689				2
2026.06.03	00:30:21.984		0.78763			4
2026.06.03	00:30:37.004	0.78688				2
2026.06.03	00:30:40.516		0.78764			4
2026.06.03	00:30:58.632	0.78685	0.78766			6
2026.06.03	00:31:04.516	0.78685				2
2026.06.03	00:31:07.981	0.78684	0.78768			6
2026.06.03	00:31:14.991	0.78685				2
2026.06.03	00:31:15.291		0.78766			4
2026.06.03	00:31:54.148	0.78684	0.78767			6
2026.06.03	00:31:56.464		0.78768			4
2026.06.03	00:31:56.765	0.78686	0.78766			6
2026.06.03	00:31:58.784	0.78685				2
2026.06.03	00:32:01.110	0.78685				2
2026.06.03	00:32:01.411		0.78767			4
2026.06.03	00:32:39.015	0.78684				2
2026.06.03	00:32:41.416	0.78685				2
2026.06.03	00:32:48.784	0.78686				2
2026.06.03	00:32:49.084		0.78765			4
2026.06.03	00:33:00.635	0.78686				2
2026.06.03	00:33:10.986		0.78766			4
2026.06.03	00:33:26.416	0.78685				2
2026.06.03	00:33:36.375		0.78767			4
2026.06.03	00:34:01.772	0.78685				2
2026.06.03	00:34:11.912	0.78684				2
2026.06.03	00:34:12.916	0.78685				2
2026.06.03	00:34:14.036	0.78684				2
2026.06.03	00:34:17.774	0.78685				2
2026.06.03	00:34:18.375	0.78686	0.78766			6
2026.06.03	00:34:21.617	0.78685	0.78767			6
2026.06.03	00:35:00.810	0.78685				2
2026.06.03	00:35:06.369	0.78675				2
2026.06.03	00:35:13.216	0.78676				2
2026.06.03	00:35:13.516		0.78766			4
2026.06.03	00:35:35.560	0.78684	0.78765			6
2026.06.03	00:35:35.863	0.78685	0.78763			6
2026.06.03	00:35:39.315	0.78684	0.78764			6
2026.06.03	00:35:42.499	0.78679	0.78763			6
2026.06.03	00:35:57.077	0.78677	0.78765			6
2026.06.03	00:35:57.381	0.78676	0.78766			6
2026.06.03	00:35:57.679	0.78677	0.78765			6
2026.06.03	00:36:00.272	0.78677				2
2026.06.03	00:36:00.873	0.78680	0.78762			6
2026.06.03	00:36:01.174	0.78679	0.78763			6
2026.06.03	00:36:09.006	0.78680	0.78762			6
2026.06.03	00:36:09.308	0.78681	0.78761			6
2026.06.03	00:36:10.310	0.78682	0.78760			6
2026.06.03	00:36:36.117	0.78683				2
2026.06.03	00:36:37.660	0.78685				2
2026.06.03	00:36:38.441	0.78682				2
2026.06.03	00:36:41.716	0.78683	0.78759			6
2026.06.03	00:36:57.645	0.78682	0.78760			6
2026.06.03	00:37:01.271	0.78682				2
2026.06.03	00:37:01.571	0.78686	0.78762			6
2026.06.03	00:37:07.731	0.78683	0.78759			6
2026.06.03	00:37:08.031	0.78681				2
2026.06.03	00:37:08.332	0.78684	0.78758			6
2026.06.03	00:37:08.633	0.78683	0.78759			6
2026.06.03	00:37:09.235		0.78761			4
2026.06.03	00:37:09.535		0.78759			4
2026.06.03	00:37:12.760	0.78685	0.78760			6
2026.06.03	00:37:15.029	0.78686	0.78759			6
2026.06.03	00:37:16.040	0.78685				2
2026.06.03	00:37:16.343		0.78760			4
2026.06.03	00:37:18.123	0.78686	0.78759			6
2026.06.03	00:37:20.707	0.78685	0.78763			6
2026.06.03	00:37:21.665	0.78687	0.78761			6
2026.06.03	00:37:21.967	0.78686	0.78762			6
2026.06.03	00:37:22.267	0.78685	0.78760			6
2026.06.03	00:37:23.277	0.78686				2
2026.06.03	00:37:23.577		0.78759			4
2026.06.03	00:37:30.842	0.78685	0.78760			6
2026.06.03	00:37:32.758	0.78686	0.78762			6
2026.06.03	00:37:33.059	0.78687	0.78761			6
2026.06.03	00:37:33.362	0.78686	0.78762			6
2026.06.03	00:37:33.963	0.78682	0.78760			6
2026.06.03	00:37:34.459	0.78683				2
2026.06.03	00:37:34.761		0.78759			4
2026.06.03	00:37:35.662	0.78684	0.78758			6
2026.06.03	00:37:37.215	0.78683	0.78759			6
2026.06.03	00:37:37.516	0.78682	0.78760			6
2026.06.03	00:37:38.308	0.78684	0.78758			6
2026.06.03	00:37:38.698	0.78683				2
2026.06.03	00:37:38.998	0.78681	0.78761			6
2026.06.03	00:37:40.374	0.78682	0.78760			6
2026.06.03	00:37:41.574	0.78681				2
2026.06.03	00:37:42.624	0.78680	0.78761			6
2026.06.03	00:37:42.925	0.78687				2
2026.06.03	00:37:53.311	0.78685	0.78763			6
2026.06.03	00:37:53.610	0.78679				2
2026.06.03	00:37:53.911	0.78682				2
2026.06.03	00:37:54.811	0.78680	0.78765			6
2026.06.03	00:37:55.215	0.78679	0.78766			6
2026.06.03	00:37:56.343	0.78681	0.78764			6
2026.06.03	00:37:56.946	0.78680	0.78765			6
2026.06.03	00:37:57.723	0.78681	0.78764			6
2026.06.03	00:38:01.292	0.78681				2
2026.06.03	00:38:28.401	0.78686	0.78762			6
2026.06.03	00:38:28.703	0.78683				2
2026.06.03	00:38:29.648	0.78682	0.78763			6
2026.06.03	00:38:30.332	0.78683				2
2026.06.03	00:38:30.634		0.78762			4
2026.06.03	00:38:30.934	0.78682	0.78763			6
2026.06.03	00:38:31.236	0.78681	0.78764			6
2026.06.03	00:38:35.415	0.78682				2
2026.06.03	00:38:35.716		0.78763			4
2026.06.03	00:38:37.434	0.78684	0.78761			6
2026.06.03	00:38:37.734	0.78681	0.78764			6
2026.06.03	00:38:41.576	0.78685	0.78760			6
2026.06.03	00:38:41.876	0.78680	0.78762			6
2026.06.03	00:38:45.315		0.78761			4
2026.06.03	00:38:46.478	0.78679	0.78762			6
2026.06.03	00:38:47.575	0.78680				2
2026.06.03	00:38:53.029	0.78679	0.78763			6
2026.06.03	00:38:53.716		0.78762			4
2026.06.03	00:38:56.458	0.78680	0.78761			6
2026.06.03	00:38:56.761	0.78686	0.78762			6
2026.06.03	00:38:57.061	0.78682	0.78763			6
2026.06.03	00:38:57.757	0.78683	0.78762			6
2026.06.03	00:39:01.133	0.78682				2
2026.06.03	00:39:01.434		0.78763			4
2026.06.03	00:39:01.734	0.78684				2
2026.06.03	00:39:02.335		0.78764			4
2026.06.03	00:39:10.032	0.78675	0.78763			6
2026.06.03	00:39:10.331	0.78677	0.78762			6
2026.06.03	00:39:11.115		0.78761			4
2026.06.03	00:39:12.894	0.78676	0.78760			6
2026.06.03	00:39:15.943	0.78677	0.78759			6
2026.06.03	00:39:16.246	0.78676	0.78761			6
2026.06.03	00:39:21.764	0.78678	0.78762			6
2026.06.03	00:39:22.595	0.78679	0.78761			6
2026.06.03	00:39:22.895	0.78676				2
2026.06.03	00:39:24.641	0.78675	0.78762			6
2026.06.03	00:39:25.039	0.78677	0.78760			6
2026.06.03	00:39:25.341	0.78676	0.78761			6
2026.06.03	00:39:29.410	0.78680	0.78762			6
2026.06.03	00:39:31.495	0.78676	0.78761			6
2026.06.03	00:39:32.856	0.78680	0.78762			6
2026.06.03	00:39:33.156	0.78678				2
2026.06.03	00:39:34.661	0.78679				2
2026.06.03	00:39:34.963	0.78681				2
2026.06.03	00:39:38.389	0.78680				2
2026.06.03	00:39:41.881		0.78760			4
2026.06.03	00:39:42.181	0.78675	0.78762			6
2026.06.03	00:39:42.583	0.78676	0.78761			6
2026.06.03	00:39:42.885	0.78678	0.78762			6
2026.06.03	00:39:43.366	0.78680				2
2026.06.03	00:39:43.668	0.78678				2
2026.06.03	00:39:50.715	0.78679	0.78761			6
2026.06.03	00:39:51.016	0.78678	0.78762			6
2026.06.03	00:39:54.932	0.78680				2
2026.06.03	00:39:55.232	0.78682				2
2026.06.03	00:40:01.293	0.78682				2
2026.06.03	00:40:04.692	0.78681				2
2026.06.03	00:40:10.215		0.78763			4
2026.06.03	00:40:12.645		0.78762			4
2026.06.03	00:40:19.516		0.78763			4
2026.06.03	00:40:32.116	0.78682	0.78762			6
2026.06.03	00:40:50.978	0.78679	0.78764			6
2026.06.03	00:40:51.637	0.78677				2
2026.06.03	00:40:51.939		0.78766			4
2026.06.03	00:40:55.112		0.78767			4
2026.06.03	00:40:55.412	0.78676	0.78768			6
2026.06.03	00:40:56.016	0.78677	0.78767			6
2026.06.03	00:40:59.716		0.78766			4
2026.06.03	00:41:00.016	0.78677				2
2026.06.03	00:41:02.716		0.78767			4
2026.06.03	00:41:29.118	0.78676				2
2026.06.03	00:41:55.035	0.78679				2
2026.06.03	00:42:00.615	0.78679	0.78768			6
2026.06.03	00:42:04.987	0.78678				2
2026.06.03	00:42:15.474	0.78679	0.78767			6
2026.06.03	00:42:18.004		0.78768			4
2026.06.03	00:42:29.286	0.78680	0.78767			6
2026.06.03	00:42:30.616	0.78679				2
2026.06.03	00:42:31.203	0.78678				2
2026.06.03	00:42:31.504	0.78677	0.78769			6
2026.06.03	00:42:32.116	0.78678				2
2026.06.03	00:42:39.608	0.78677				2
2026.06.03	00:42:39.908		0.78770			4
2026.06.03	00:42:41.757	0.78678	0.78769			6
2026.06.03	00:42:42.359	0.78677				2
2026.06.03	00:42:44.901	0.78676	0.78771			6
2026.06.03	00:42:46.215		0.78770			4
2026.06.03	00:42:46.748	0.78677				2
2026.06.03	00:42:51.299	0.78678	0.78769			6
2026.06.03	00:42:52.515	0.78677				2
2026.06.03	00:42:52.815	0.78678	0.78768			6
2026.06.03	00:42:59.536	0.78677	0.78769			6
2026.06.03	00:43:00.546	0.78677				2
2026.06.03	00:43:00.847		0.78770			4
2026.06.03	00:43:04.815	0.78676				2
2026.06.03	00:43:07.333	0.78677	0.78769			6
2026.06.03	00:43:08.716		0.78770			4
2026.06.03	00:43:10.499	0.78678	0.78769			6
2026.06.03	00:43:12.602	0.78677	0.78770			6
2026.06.03	00:43:13.516		0.78769			4
2026.06.03	00:43:17.530		0.78770			4
2026.06.03	00:43:25.496	0.78676				2
2026.06.03	00:43:33.301	0.78677	0.78769			6
2026.06.03	00:43:35.129	0.78678				2
2026.06.03	00:43:36.498	0.78676				2
2026.06.03	00:43:36.799	0.78677	0.78770			6
2026.06.03	00:43:37.553		0.78769			4
2026.06.03	00:43:39.015		0.78770			4
2026.06.03	00:43:40.051	0.78675				2
2026.06.03	00:43:40.352		0.78771			4
2026.06.03	00:43:42.916	0.78676	0.78770			6
2026.06.03	00:43:43.217		0.78771			4
2026.06.03	00:43:44.102	0.78677	0.78769			6
2026.06.03	00:43:45.310	0.78678	0.78768			6
2026.06.03	00:43:47.115		0.78769			4
2026.06.03	00:44:00.698	0.78678				2
2026.06.03	00:44:01.216	0.78677				2
2026.06.03	00:44:02.701	0.78676				2
2026.06.03	00:44:03.002		0.78770			4
2026.06.03	00:44:05.404	0.78678	0.78769			6
2026.06.03	00:44:07.333	0.78676	0.78770			6
2026.06.03	00:44:11.401	0.78677				2
2026.06.03	00:44:13.816	0.78676				2
2026.06.03	00:44:14.298		0.78771			4
2026.06.03	00:44:24.605	0.78677				2
2026.06.03	00:44:24.907	0.78676				2
2026.06.03	00:44:27.276	0.78675				2
2026.06.03	00:44:34.149	0.78673	0.78767			6
2026.06.03	00:44:34.449	0.78670	0.78770			6
2026.06.03	00:44:34.749	0.78671	0.78769			6
2026.06.03	00:44:37.107	0.78670	0.78770			6
2026.06.03	00:44:37.405	0.78674	0.78766			6
2026.06.03	00:44:38.765	0.78671	0.78769			6
2026.06.03	00:44:39.065		0.78770			4
2026.06.03	00:44:39.365		0.78769			4
2026.06.03	00:44:40.801	0.78672	0.78768			6
2026.06.03	00:44:41.204	0.78671	0.78769			6
2026.06.03	00:44:41.504	0.78674	0.78766			6
2026.06.03	00:44:41.807	0.78671	0.78769			6
2026.06.03	00:44:42.109	0.78672	0.78768			6
2026.06.03	00:45:00.104	0.78672				2
2026.06.03	00:45:00.404	0.78680	0.78777			6
2026.06.03	00:45:00.704	0.78677	0.78780			6
2026.06.03	00:45:01.305		0.78777			4
2026.06.03	00:45:01.605	0.78676	0.78778			6
2026.06.03	00:45:01.906	0.78677	0.78777			6
2026.06.03	00:45:02.809	0.78670	0.78769			6
2026.06.03	00:45:03.110		0.78768			4
2026.06.03	00:45:03.416	0.78668	0.78769			6
2026.06.03	00:45:04.618	0.78667	0.78768			6
2026.06.03	00:45:05.518	0.78668				2
2026.06.03	00:45:05.820	0.78671	0.78773			6
2026.06.03	00:45:06.119	0.78669	0.78786			6
2026.06.03	00:45:06.421	0.78672	0.78779			6
2026.06.03	00:45:06.721		0.78777			4
2026.06.03	00:45:07.398	0.78667	0.78786			6
2026.06.03	00:45:07.698	0.78668				2
2026.06.03	00:45:08.601	0.78667	0.78784			6
2026.06.03	00:45:08.901	0.78655	0.78776			6
2026.06.03	00:45:10.830	0.78654				2
2026.06.03	00:45:14.196		0.78775			4
2026.06.03	00:45:15.316	0.78655	0.78774			6
2026.06.03	00:45:33.859	0.78663	0.78786			6
2026.06.03	00:45:34.461	0.78655				2
2026.06.03	00:45:34.762		0.78787			4
2026.06.03	00:45:37.858	0.78653				2
2026.06.03	00:45:59.334		0.78792			4
2026.06.03	00:45:59.935		0.78796			4
2026.06.03	00:46:00.236	0.78653	0.78792			6
2026.06.03	00:46:00.836		0.78796			4
2026.06.03	00:46:01.137		0.78797			4
2026.06.03	00:46:01.984		0.78792			4
2026.06.03	00:46:02.585		0.78797			4
2026.06.03	00:46:04.312	0.78655				2
2026.06.03	00:46:04.613	0.78657	0.78796			6
2026.06.03	00:46:04.916	0.78655	0.78797			6
2026.06.03	00:46:05.216	0.78656	0.78796			6
2026.06.03	00:46:05.517	0.78657	0.78795			6
2026.06.03	00:46:06.016	0.78658				2
2026.06.03	00:46:06.318		0.78786			4
2026.06.03	00:46:06.618	0.78653	0.78791			6
2026.06.03	00:46:07.515		0.78792			4
2026.06.03	00:46:07.816	0.78654	0.78790			6
2026.06.03	00:46:08.534	0.78653	0.78791			6
2026.06.03	00:46:08.835	0.78655	0.78789			6
2026.06.03	00:46:09.137	0.78656	0.78788			6
2026.06.03	00:46:10.575		0.78793			4
2026.06.03	00:46:11.532		0.78788			4
2026.06.03	00:46:11.832		0.78794			4
2026.06.03	00:46:12.133		0.78788			4
2026.06.03	00:46:12.435	0.78657	0.78787			6
2026.06.03	00:46:13.639	0.78656				2
2026.06.03	00:46:13.939		0.78788			4
2026.06.03	00:46:14.657	0.78655	0.78789			6
2026.06.03	00:46:15.675	0.78656	0.78788			6
2026.06.03	00:46:15.975	0.78657	0.78792			6
2026.06.03	00:46:16.694	0.78658	0.78786			6
2026.06.03	00:46:18.737	0.78657	0.78793			6
2026.06.03	00:46:19.040		0.78792			4
2026.06.03	00:46:19.390	0.78655				2
2026.06.03	00:46:19.689	0.78657	0.78787			6
2026.06.03	00:46:20.773		0.78792			4
2026.06.03	00:46:21.073	0.78655	0.78794			6
2026.06.03	00:46:21.675	0.78656	0.78788			6
2026.06.03	00:46:22.813	0.78658	0.78786			6
2026.06.03	00:46:23.836	0.78659	0.78785			6
2026.06.03	00:46:26.175	0.78657	0.78787			6
2026.06.03	00:46:26.486	0.78656				2
2026.06.03	00:46:26.787	0.78657				2
2026.06.03	00:46:27.088	0.78658	0.78786			6
2026.06.03	00:46:27.875	0.78659	0.78785			6
2026.06.03	00:46:28.175	0.78656	0.78788			6
2026.06.03	00:46:28.475	0.78658	0.78791			6
2026.06.03	00:46:28.776	0.78659	0.78785			6
2026.06.03	00:46:29.076	0.78658	0.78786			6
2026.06.03	00:46:29.677		0.78769			4
2026.06.03	00:46:29.979	0.78659	0.78785			6
2026.06.03	00:46:31.274	0.78657	0.78787			6
2026.06.03	00:46:31.576	0.78658	0.78791			6
2026.06.03	00:46:31.876	0.78659				2
2026.06.03	00:46:32.486	0.78660	0.78789			6
2026.06.03	00:46:32.787	0.78659	0.78790			6
2026.06.03	00:46:34.035	0.78657	0.78792			6
2026.06.03	00:46:34.638	0.78659	0.78790			6
2026.06.03	00:46:36.073	0.78660				2
2026.06.03	00:46:37.095	0.78659				2
2026.06.03	00:46:39.136	0.78660	0.78784			6
2026.06.03	00:46:41.174		0.78788			4
2026.06.03	00:46:45.559	0.78659	0.78785			6
2026.06.03	00:46:49.938	0.78658	0.78786			6
2026.06.03	00:46:50.241	0.78659	0.78785			6
2026.06.03	00:46:54.360	0.78661	0.78783			6
2026.06.03	00:46:54.661	0.78660	0.78784			6
2026.06.03	00:46:56.476	0.78659	0.78785			6
2026.06.03	00:46:56.776	0.78660	0.78784			6
2026.06.03	00:46:57.498	0.78661	0.78787			6
2026.06.03	00:46:58.514		0.78783			4
2026.06.03	00:46:59.537	0.78658	0.78786			6
2026.06.03	00:47:00.138	0.78660	0.78784			6
2026.06.03	00:47:00.438	0.78661	0.78783			6
2026.06.03	00:47:00.742	0.78660	0.78784			6
2026.06.03	00:47:01.408	0.78661	0.78783			6
2026.06.03	00:47:02.896	0.78653	0.78735			6
2026.06.03	00:47:03.795	0.78652				2
2026.06.03	00:47:05.605	0.78653				2
2026.06.03	00:47:05.906	0.78660	0.78787			6
2026.06.03	00:47:06.508		0.78784			4
2026.06.03	00:47:07.995		0.78787			4
2026.06.03	00:47:08.595		0.78784			4
2026.06.03	00:47:17.894	0.78661	0.78783			6
2026.06.03	00:47:19.906	0.78660	0.78784			6
2026.06.03	00:47:21.974	0.78661	0.78787			6
2026.06.03	00:47:26.053		0.78783			4
2026.06.03	00:47:27.076	0.78660	0.78784			6
2026.06.03	00:47:27.376	0.78659	0.78785			6
2026.06.03	00:47:28.094	0.78660	0.78784			6
2026.06.03	00:47:29.116	0.78661	0.78783			6
2026.06.03	00:47:37.274	0.78662	0.78782			6
2026.06.03	00:47:40.645	0.78661	0.78783			6
2026.06.03	00:47:42.375	0.78659	0.78789			6
2026.06.03	00:47:42.675	0.78662	0.78786			6
2026.06.03	00:47:42.976		0.78779			4
2026.06.03	00:47:43.277	0.78658	0.78786			6
2026.06.03	00:47:43.576	0.78656	0.78788			6
2026.06.03	00:47:44.481		0.78785			4
2026.06.03	00:47:46.040		0.78788			4
2026.06.03	00:47:46.641	0.78657				2
2026.06.03	00:47:47.541		0.78787			4
2026.06.03	00:47:47.842		0.78788			4
2026.06.03	00:47:49.516		0.78787			4
2026.06.03	00:47:50.537	0.78658	0.78786			6
2026.06.03	00:47:50.837	0.78661	0.78790			6
2026.06.03	00:47:51.554	0.78662				2
2026.06.03	00:47:52.595		0.78785			4
2026.06.03	00:47:52.895	0.78661	0.78786			6
2026.06.03	00:47:53.641	0.78662	0.78789			6
2026.06.03	00:47:54.544		0.78785			4
2026.06.03	00:47:57.742	0.78657	0.78788			6
2026.06.03	00:47:58.496		0.78789			4
2026.06.03	00:47:58.799		0.78787			4
2026.06.03	00:47:59.145	0.78656				2
2026.06.03	00:47:59.446		0.78789			4
2026.06.03	00:47:59.746		0.78788			4
2026.06.03	00:48:00.398	0.78655	0.78789			6
2026.06.03	00:48:00.698		0.78788			4
2026.06.03	00:48:01.603		0.78777			4
2026.06.03	00:48:01.904		0.78788			4
2026.06.03	00:48:03.111		0.78790			4
2026.06.03	00:48:03.787		0.78789			4
2026.06.03	00:48:04.088	0.78656	0.78788			6
2026.06.03	00:48:04.388	0.78654				2
2026.06.03	00:48:04.689	0.78655				2
2026.06.03	00:48:05.956		0.78786			4
2026.06.03	00:48:06.257		0.78788			4
2026.06.03	00:48:13.099		0.78786			4
2026.06.03	00:48:16.158		0.78788			4
2026.06.03	00:48:17.175		0.78786			4
2026.06.03	00:48:18.194		0.78788			4
2026.06.03	00:48:19.215		0.78786			4
2026.06.03	00:48:21.255		0.78787			4
2026.06.03	00:48:22.276		0.78785			4
2026.06.03	00:48:23.295		0.78782			4
2026.06.03	00:48:24.315		0.78785			4
2026.06.03	00:48:26.356		0.78786			4
2026.06.03	00:48:27.375	0.78656	0.78785			6
2026.06.03	00:48:33.495	0.78655	0.78786			6
2026.06.03	00:48:35.535	0.78656	0.78785			6
2026.06.03	00:48:51.856	0.78657	0.78784			6
2026.06.03	00:48:56.954		0.78781			4
2026.06.03	00:48:57.976	0.78656				2
2026.06.03	00:48:58.995	0.78657				2
2026.06.03	00:49:00.021	0.78657				2
2026.06.03	00:49:06.136		0.78784			4
2026.06.03	00:49:10.098		0.78780			4
2026.06.03	00:49:10.715		0.78784			4
2026.06.03	00:49:11.015		0.78780			4
2026.06.03	00:49:12.260		0.78781			4
2026.06.03	00:49:16.334		0.78780			4
2026.06.03	00:49:21.436		0.78787			4
2026.06.03	00:49:23.476		0.78784			4
2026.06.03	00:49:24.495		0.78787			4
2026.06.03	00:49:26.534		0.78788			4
2026.06.03	00:49:27.557		0.78787			4
2026.06.03	00:49:43.874		0.78788			4
2026.06.03	00:49:45.916		0.78787			4
2026.06.03	00:49:47.954	0.78658	0.78788			6
2026.06.03	00:49:48.974		0.78787			4
2026.06.03	00:49:49.995		0.78788			4
2026.06.03	00:49:51.014		0.78787			4
2026.06.03	00:49:52.033	0.78657	0.78788			6
2026.06.03	00:49:53.054		0.78787			4
2026.06.03	00:49:53.354	0.78658	0.78788			6
2026.06.03	00:49:54.076		0.78787			4
2026.06.03	00:49:55.094		0.78786			4
2026.06.03	00:49:56.115		0.78783			4
2026.06.03	00:49:57.133		0.78779			4
2026.06.03	00:49:58.155		0.78783			4
2026.06.03	00:49:59.175	0.78657	0.78781			6
2026.06.03	00:49:59.475		0.78783			4
2026.06.03	00:49:59.776		0.78781			4
2026.06.03	00:50:00.078	0.78657	0.78787			6
2026.06.03	00:50:00.378		0.78784			4
2026.06.03	00:50:00.678		0.78780			4
2026.06.03	00:50:00.981		0.78787			4
2026.06.03	00:50:01.281		0.78784			4
2026.06.03	00:50:02.007		0.78783			4
2026.06.03	00:50:02.308	0.78656	0.78780			6
2026.06.03	00:50:03.254	0.78655				2
2026.06.03	00:50:04.278	0.78656	0.78778			6
2026.06.03	00:50:04.967	0.78657	0.78777			6
2026.06.03	00:50:05.267	0.78658	0.78776			6
2026.06.03	00:50:06.321	0.78657	0.78777			6
2026.06.03	00:50:06.921	0.78655	0.78779			6
2026.06.03	00:50:07.822	0.78656	0.78778			6
2026.06.03	00:50:08.123	0.78655	0.78779			6
2026.06.03	00:50:08.816	0.78656				2
2026.06.03	00:50:09.117		0.78778			4
2026.06.03	00:50:10.317	0.78657	0.78777			6
2026.06.03	00:50:11.715		0.78787			4
2026.06.03	00:50:12.110	0.78659	0.78785			6
2026.06.03	00:50:12.411	0.78657	0.78786			6
2026.06.03	00:50:12.860	0.78656	0.78787			6
2026.06.03	00:50:13.463		0.78783			4
2026.06.03	00:50:14.066	0.78658	0.78781			6
2026.06.03	00:50:14.366		0.78777			4
2026.06.03	00:50:14.666	0.78659	0.78776			6
2026.06.03	00:50:15.270	0.78658				2
2026.06.03	00:50:15.571		0.78778			4
2026.06.03	00:50:15.871	0.78659	0.78775			6
2026.06.03	00:50:16.171		0.78778			4
2026.06.03	00:50:16.471		0.78782			4
2026.06.03	00:50:17.538		0.78776			4
2026.06.03	00:50:18.173	0.78658	0.78777			6
2026.06.03	00:50:18.476	0.78659	0.78776			6
2026.06.03	00:50:18.949	0.78661				2
2026.06.03	00:50:19.250		0.78774			4
2026.06.03	00:50:19.551	0.78659	0.78776			6
2026.06.03	00:50:21.614		0.78778			4
2026.06.03	00:50:22.081	0.78661	0.78777			6
2026.06.03	00:50:22.382	0.78660	0.78776			6
2026.06.03	00:50:22.683		0.78777			4
2026.06.03	00:50:22.984	0.78659				2
2026.06.03	00:50:23.284	0.78660				2
2026.06.03	00:50:23.885	0.78659				2
2026.06.03	00:50:24.186	0.78660				2
2026.06.03	00:50:24.488	0.78661	0.78783			6
2026.06.03	00:50:25.089	0.78662	0.78782			6
2026.06.03	00:50:25.694	0.78661	0.78783			6
2026.06.03	00:50:25.995	0.78660	0.78784			6
2026.06.03	00:50:26.715		0.78777			4
2026.06.03	00:50:28.770		0.78782			4
2026.06.03	00:50:29.070		0.78778			4
2026.06.03	00:50:29.373		0.78777			4
2026.06.03	00:50:29.673		0.78781			4
2026.06.03	00:50:30.793		0.78776			4
2026.06.03	00:50:31.093		0.78781			4
2026.06.03	00:50:31.694		0.78777			4
2026.06.03	00:50:32.844		0.78774			4
2026.06.03	00:50:33.144		0.78776			4
2026.06.03	00:50:33.855		0.78777			4
2026.06.03	00:50:43.035		0.78775			4
2026.06.03	00:50:44.053		0.78774			4
2026.06.03	00:50:44.355		0.78775			4
2026.06.03	00:50:45.076		0.78777			4
2026.06.03	00:50:46.095		0.78774			4
2026.06.03	00:50:49.154		0.78776			4
2026.06.03	00:50:50.175		0.78777			4
2026.06.03	00:50:51.195		0.78774			4
2026.06.03	00:50:52.214		0.78776			4
2026.06.03	00:50:56.293		0.78777			4
2026.06.03	00:50:57.315		0.78774			4
2026.06.03	00:50:58.334		0.78777			4
2026.06.03	00:50:59.356		0.78776			4
2026.06.03	00:51:00.072	0.78660				2
2026.06.03	00:51:00.373		0.78781			4
2026.06.03	00:51:00.675	0.78661	0.78776			6
2026.06.03	00:51:01.395	0.78660				2
2026.06.03	00:51:02.416		0.78774			4
2026.06.03	00:51:04.755	0.78661	0.78776			6
2026.06.03	00:51:06.494	0.78660	0.78774			6
2026.06.03	00:51:09.552	0.78661	0.78776			6
2026.06.03	00:51:10.575		0.78773			4
2026.06.03	00:51:11.176		0.78780			4
2026.06.03	00:51:11.476		0.78778			4
2026.06.03	00:51:14.656		0.78780			4
2026.06.03	00:51:15.683		0.78778			4
2026.06.03	00:51:17.311		0.78781			4
2026.06.03	00:51:17.612		0.78776			4
2026.06.03	00:51:18.733		0.78773			4
2026.06.03	00:51:19.754		0.78776			4
2026.06.03	00:51:20.775		0.78777			4
2026.06.03	00:51:21.741		0.78776			4
2026.06.03	00:51:22.816		0.78777			4
2026.06.03	00:51:24.133		0.78776			4
2026.06.03	00:51:24.856		0.78773			4
2026.06.03	00:51:33.015		0.78776			4
2026.06.03	00:51:34.041		0.78773			4
2026.06.03	00:51:35.058		0.78776			4
2026.06.03	00:51:35.359		0.78773			4
2026.06.03	00:51:39.145		0.78776			4
2026.06.03	00:51:41.174		0.78775			4
2026.06.03	00:51:43.213		0.78776			4
2026.06.03	00:51:46.275		0.78773			4
2026.06.03	00:51:47.175	0.78662	0.78772			6
2026.06.03	00:51:48.333		0.78775			4
2026.06.03	00:51:51.394		0.78780			4
2026.06.03	00:51:52.413	0.78661	0.78773			6
2026.06.03	00:51:53.438	0.78662	0.78779			6
2026.06.03	00:51:54.453	0.78663	0.78778			6
2026.06.03	00:51:55.358	0.78664				2
2026.06.03	00:51:57.518		0.78774			4
2026.06.03	00:51:58.535		0.78777			4
2026.06.03	00:52:00.274	0.78664				2
2026.06.03	00:52:02.627		0.78774			4
2026.06.03	00:52:03.374	0.78662	0.78758			6
2026.06.03	00:52:03.676		0.78772			4
2026.06.03	00:52:05.673		0.78779			4
2026.06.03	00:52:06.694		0.78780			4
2026.06.03	00:52:07.715		0.78775			4
2026.06.03	00:52:09.040		0.78780			4
2026.06.03	00:52:09.340		0.78775			4
2026.06.03	00:52:09.641		0.78783			4
2026.06.03	00:52:10.242		0.78780			4
2026.06.03	00:52:10.544		0.78775			4
2026.06.03	00:52:13.837		0.78780			4
2026.06.03	00:52:14.855		0.78775			4
2026.06.03	00:52:18.934		0.78772			4
2026.06.03	00:52:20.885		0.78775			4
2026.06.03	00:52:21.995		0.78780			4
2026.06.03	00:52:23.013		0.78772			4
2026.06.03	00:52:24.037		0.78774			4
2026.06.03	00:52:25.055		0.78779			4
2026.06.03	00:52:25.360		0.78772			4
2026.06.03	00:52:29.132	0.78663	0.78779			6
2026.06.03	00:52:29.733		0.78773			4
2026.06.03	00:52:30.034		0.78771			4
2026.06.03	00:52:30.336		0.78773			4
2026.06.03	00:52:31.177		0.78771			4
2026.06.03	00:52:33.215		0.78778			4
2026.06.03	00:52:34.235		0.78771			4
2026.06.03	00:52:36.275		0.78773			4
2026.06.03	00:52:37.295		0.78771			4
2026.06.03	00:52:38.320		0.78778			4
2026.06.03	00:52:39.342		0.78771			4
2026.06.03	00:52:41.262		0.78778			4
2026.06.03	00:52:41.563		0.78771			4
2026.06.03	00:52:41.863	0.78660	0.78781			6
2026.06.03	00:52:42.163		0.78774			4
2026.06.03	00:52:44.875	0.78661				2
2026.06.03	00:52:45.476	0.78660				2
2026.06.03	00:52:59.734	0.78661				2
2026.06.03	00:53:00.035	0.78661				2
2026.06.03	00:53:00.756		0.78773			4
2026.06.03	00:53:01.774	0.78660	0.78774			6
2026.06.03	00:53:03.815	0.78661	0.78773			6
2026.06.03	00:53:04.836	0.78660	0.78774			6
2026.06.03	00:53:05.855	0.78661	0.78773			6
2026.06.03	00:53:06.154		0.78774			4
2026.06.03	00:53:06.875		0.78773			4
2026.06.03	00:53:08.196		0.78774			4
2026.06.03	00:53:08.915	0.78660				2
2026.06.03	00:53:14.016	0.78661				2
2026.06.03	00:53:16.055		0.78773			4
2026.06.03	00:53:37.178		0.78763			4
2026.06.03	00:53:37.479		0.78773			4
2026.06.03	00:54:00.223	0.78661				2
2026.06.03	00:54:32.553	0.78662	0.78772			6
2026.06.03	00:54:33.576	0.78661	0.78773			6
2026.06.03	00:54:33.876	0.78662	0.78772			6
2026.06.03	00:54:34.595	0.78663	0.78773			6
2026.06.03	00:54:35.620	0.78664	0.78772			6
2026.06.03	00:54:36.949		0.78773			4
2026.06.03	00:54:38.675	0.78663	0.78753			6
2026.06.03	00:54:38.976		0.78728			4
2026.06.03	00:54:41.115	0.78662				2
2026.06.03	00:54:43.217	0.78663				2
2026.06.03	00:54:53.843	0.78641	0.78718			6
2026.06.03	00:55:01.215	0.78641				2
2026.06.03	00:55:07.523	0.78647	0.78717			6
2026.06.03	00:55:09.065	0.78641	0.78721			6
2026.06.03	00:55:09.369	0.78647	0.78717			6
2026.06.03	00:55:16.574	0.78657	0.78716			6
2026.06.03	00:55:20.788		0.78715			4
2026.06.03	00:55:27.092		0.78714			4
2026.06.03	00:55:43.921	0.78663	0.78723			6
2026.06.03	00:55:46.022	0.78664				2
2026.06.03	00:55:48.136	0.78669	0.78763			6
2026.06.03	00:55:48.432		0.78743			4
2026.06.03	00:55:49.335		0.78754			4
2026.06.03	00:55:49.629	0.78665	0.78756			6
2026.06.03	00:55:50.241	0.78664	0.78752			6
2026.06.03	00:55:51.442		0.78750			4
2026.06.03	00:55:52.334	0.78665	0.78752			6
2026.06.03	00:55:54.133		0.78748			4
2026.06.03	00:55:54.434		0.78752			4
2026.06.03	00:55:55.351		0.78749			4
2026.06.03	00:55:56.240		0.78750			4
2026.06.03	00:55:56.541	0.78667	0.78753			6
2026.06.03	00:55:58.355	0.78668	0.78749			6
2026.06.03	00:55:59.250	0.78664	0.78728			6
2026.06.03	00:55:59.546	0.78668	0.78746			6
2026.06.03	00:56:00.146	0.78668				2
2026.06.03	00:56:00.453		0.78755			4
2026.06.03	00:56:01.648		0.78752			4
2026.06.03	00:56:03.449		0.78749			4
2026.06.03	00:56:04.050	0.78667				2
2026.06.03	00:56:04.358	0.78665	0.78727			6
2026.06.03	00:56:04.650	0.78667	0.78758			6
2026.06.03	00:56:04.951	0.78669	0.78757			6
2026.06.03	00:56:05.855	0.78668	0.78758			6
2026.06.03	00:56:06.765		0.78760			4
2026.06.03	00:56:07.363		0.78769			4
2026.06.03	00:56:12.473	0.78669	0.78780			6
2026.06.03	00:56:13.061	0.78668				2
2026.06.03	00:56:13.674	0.78669				2
2026.06.03	00:56:14.274	0.78668				2
2026.06.03	00:56:14.573	0.78670	0.78778			6
2026.06.03	00:56:14.863	0.78668	0.78779			6
2026.06.03	00:56:15.771		0.78780			4
2026.06.03	00:56:16.681	0.78670				2
2026.06.03	00:56:16.980	0.78669				2
2026.06.03	00:56:17.581	0.78670				2
2026.06.03	00:56:18.770	0.78669				2
2026.06.03	00:56:19.680		0.78771			4
2026.06.03	00:56:22.076	0.78670				2
2026.06.03	00:56:22.677	0.78669	0.78780			6
2026.06.03	00:56:23.590	0.78670				2
2026.06.03	00:56:25.681	0.78669				2
2026.06.03	00:56:25.979		0.78779			4
2026.06.03	00:56:27.790		0.78780			4
2026.06.03	00:56:33.794		0.78762			4
2026.06.03	00:56:34.084		0.78780			4
2026.06.03	00:56:34.994	0.78670				2
2026.06.03	00:56:37.998		0.78776			4
2026.06.03	00:56:38.890		0.78758			4
2026.06.03	00:56:39.189		0.78780			4
2026.06.03	00:56:41.003	0.78669	0.78777			6
2026.06.03	00:56:41.296		0.78780			4
2026.06.03	00:56:42.201		0.78777			4
2026.06.03	00:56:43.105		0.78780			4
2026.06.03	00:56:44.010		0.78762			4
2026.06.03	00:56:44.299		0.78777			4
2026.06.03	00:56:45.210		0.78780			4
2026.06.03	00:56:47.310	0.78670				2
2026.06.03	00:56:48.207	0.78669				2
2026.06.03	00:56:49.115		0.78777			4
2026.06.03	00:56:49.405		0.78780			4
2026.06.03	00:56:50.317	0.78670				2
2026.06.03	00:56:51.216	0.78669				2
2026.06.03	00:56:54.213	0.78670				2
2026.06.03	00:57:00.229	0.78670				2
2026.06.03	00:57:00.523	0.78671				2
2026.06.03	00:57:00.832	0.78670				2
2026.06.03	00:57:01.435	0.78671				2
2026.06.03	00:57:01.728	0.78670				2
2026.06.03	00:57:03.543	0.78671				2
2026.06.03	00:57:03.841	0.78670				2
2026.06.03	00:57:12.566		0.78776			4
2026.06.03	00:57:12.859		0.78780			4
2026.06.03	00:57:17.682		0.78779			4
2026.06.03	00:57:27.909	0.78668				2
2026.06.03	00:57:30.900	0.78671	0.78776			6
2026.06.03	00:57:31.202	0.78668	0.78779			6
2026.06.03	00:57:36.012	0.78671				2
2026.06.03	00:57:36.310	0.78668				2
2026.06.03	00:57:39.617	0.78667				2
2026.06.03	00:57:42.328	0.78668				2
2026.06.03	00:57:44.730		0.78777			4
2026.06.03	00:57:46.241	0.78669				2
2026.06.03	00:57:46.531	0.78668				2
2026.06.03	00:57:52.552	0.78669				2
2026.06.03	00:57:54.651	0.78673	0.78788			6
2026.06.03	00:57:56.461	0.78669				2
2026.06.03	00:57:56.759	0.78673				2
2026.06.03	00:57:58.572	0.78669				2
2026.06.03	00:57:58.866	0.78673				2
2026.06.03	00:57:59.480	0.78678				2
2026.06.03	00:57:59.771	0.78673				2
2026.06.03	00:58:00.073	0.78673				2
2026.06.03	00:58:01.589	0.78669				2
2026.06.03	00:58:01.877	0.78673				2
2026.06.03	00:58:04.595	0.78670				2
2026.06.03	00:58:04.885	0.78672				2
2026.06.03	00:58:05.789	0.78673				2
2026.06.03	00:58:06.692	0.78669				2
2026.06.03	00:58:06.985	0.78673				2
2026.06.03	00:58:08.791	0.78672				2
2026.06.03	00:58:09.695	0.78673	0.78785			6
2026.06.03	00:58:09.987		0.78788			4
2026.06.03	00:58:10.898	0.78682	0.78786			6
2026.06.03	00:58:19.914		0.78779			4
2026.06.03	00:58:20.200		0.78786			4
2026.06.03	00:58:41.560		0.78778			4
2026.06.03	00:58:53.899	0.78687				2
2026.06.03	00:58:54.806	0.78686				2
2026.06.03	00:58:56.609	0.78691				2
2026.06.03	00:58:56.899	0.78686				2
2026.06.03	00:58:57.800	0.78683				2
2026.06.03	00:58:58.399	0.78686				2
2026.06.03	00:58:58.712	0.78687				2
2026.06.03	00:59:00.204	0.78687				2
2026.06.03	00:59:01.704	0.78683				2
2026.06.03	00:59:02.002	0.78687				2
2026.06.03	00:59:02.911	0.78686				2
2026.06.03	00:59:03.807	0.78687				2
2026.06.03	00:59:05.916	0.78686				2
2026.06.03	00:59:06.811	0.78683				2
2026.06.03	00:59:07.115	0.78686	0.78803			6
2026.06.03	00:59:08.924		0.78799			4
2026.06.03	00:59:09.212		0.78798			4
2026.06.03	00:59:11.325		0.78797			4
2026.06.03	00:59:12.522		0.78803			4
2026.06.03	00:59:14.933	0.78687	0.78779			6
2026.06.03	00:59:15.236	0.78686	0.78803			6
2026.06.03	00:59:19.442	0.78687				2
2026.06.03	00:59:21.239	0.78696	0.78797			6
2026.06.03	00:59:21.539	0.78697	0.78803			6
2026.06.03	00:59:22.442		0.78795			4
2026.06.03	00:59:23.350	0.78696				2
2026.06.03	00:59:24.255		0.78786			4
2026.06.03	00:59:24.548		0.78795			4
2026.06.03	00:59:24.856		0.78772			4
2026.06.03	00:59:25.158		0.78795			4
2026.06.03	00:59:25.458		0.78769			4
2026.06.03	00:59:25.753		0.78789			4
2026.06.03	00:59:26.061		0.78769			4
2026.06.03	00:59:26.353		0.78788			4
2026.06.03	00:59:26.652		0.78769			4
2026.06.03	00:59:26.954		0.78791			4
2026.06.03	00:59:27.264	0.78695	0.78769			6
2026.06.03	00:59:27.559		0.78782			4
2026.06.03	00:59:27.859		0.78769			4
2026.06.03	00:59:28.461	0.78696	0.78780			6
2026.06.03	00:59:29.355	0.78692	0.78753			6
2026.06.03	00:59:29.656	0.78694	0.78749			6
2026.06.03	00:59:31.457		0.78756			4
2026.06.03	00:59:33.273	0.78692	0.78751			6
2026.06.03	00:59:33.872	0.78691	0.78753			6
2026.06.03	00:59:34.164	0.78688	0.78755			6
2026.06.03	00:59:34.778		0.78749			4
2026.06.03	00:59:35.678		0.78756			4
2026.06.03	00:59:35.972	0.78687	0.78744			6
2026.06.03	00:59:36.880		0.78750			4
2026.06.03	00:59:37.177	0.78684	0.78745			6
2026.06.03	00:59:38.386	0.78685				2
2026.06.03	00:59:41.683	0.78683	0.78746			6
2026.06.03	00:59:41.985	0.78682				2
2026.06.03	00:59:42.289	0.78687	0.78750			6
2026.06.03	00:59:42.584	0.78688	0.78751			6
2026.06.03	00:59:43.493	0.78683				2
2026.06.03	00:59:44.101		0.78750			4
2026.06.03	00:59:44.692	0.78684	0.78749			6
2026.06.03	00:59:53.423	0.78683	0.78750			6
2026.06.03	00:59:53.714	0.78692				2
2026.06.03	00:59:56.431	0.78688				2
2026.06.03	00:59:57.335	0.78692				2
2026.06.03	01:00:00.029	0.78692				2
2026.06.03	01:00:00.332	0.78687	0.78766			6
2026.06.03	01:00:00.941	0.78686	0.78764			6
2026.06.03	01:00:01.230	0.78684	0.78748			6
2026.06.03	01:00:01.536	0.78681	0.78759			6
2026.06.03	01:00:02.439	0.78680	0.78762			6
2026.06.03	01:00:02.743	0.78681	0.78742			6
2026.06.03	01:00:03.032	0.78686	0.78748			6
2026.06.03	01:00:03.343	0.78685				2
2026.06.03	01:00:03.641	0.78672	0.78745			6
2026.06.03	01:00:03.943	0.78671	0.78746			6
2026.06.03	01:00:04.235	0.78684	0.78755			6
2026.06.03	01:00:04.533	0.78682	0.78753			6
2026.06.03	01:00:04.834	0.78684				2
2026.06.03	01:00:05.740	0.78665	0.78738			6
2026.06.03	01:00:06.044	0.78679	0.78741			6
2026.06.03	01:00:06.339		0.78744			4
2026.06.03	01:00:06.634	0.78680	0.78746			6
2026.06.03	01:00:07.240		0.78748			4
2026.06.03	01:00:07.551		0.78746			4
2026.06.03	01:00:07.836		0.78737			4
2026.06.03	01:00:09.946		0.78739			4
2026.06.03	01:00:10.246		0.78748			4
2026.06.03	01:00:11.745		0.78746			4
2026.06.03	01:00:12.355		0.78737			4
2026.06.03	01:00:12.951	0.78677	0.78733			6
2026.06.03	01:00:13.249	0.78674				2
2026.06.03	01:00:13.850	0.78677	0.78732			6
2026.06.03	01:00:14.142	0.78680	0.78733			6
2026.06.03	01:00:15.345	0.78679	0.78740			6
2026.06.03	01:00:16.254	0.78680				2
2026.06.03	01:00:17.155	0.78681	0.78733			6
2026.06.03	01:00:17.455		0.78739			4
2026.06.03	01:00:20.453		0.78738			4
2026.06.03	01:00:21.361	0.78682				2
2026.06.03	01:00:22.264	0.78681				2
2026.06.03	01:00:24.363		0.78737			4
2026.06.03	01:00:28.570		0.78740			4
2026.06.03	01:00:30.665	0.78692	0.78738			6
2026.06.03	01:00:30.963	0.78681	0.78740			6
2026.06.03	01:00:32.175		0.78738			4
2026.06.03	01:00:32.778	0.78691	0.78737			6
2026.06.03	01:00:33.065	0.78681	0.78738			6
2026.06.03	01:00:36.670	0.78682				2
2026.06.03	01:00:36.979	0.78692	0.78735			6
2026.06.03	01:00:39.680	0.78682	0.78739			6
2026.06.03	01:00:40.581		0.78737			4
2026.06.03	01:00:45.696		0.78736			4
2026.06.03	01:00:45.985		0.78737			4
2026.06.03	01:00:46.599		0.78742			4
2026.06.03	01:00:46.889		0.78743			4
2026.06.03	01:00:47.799		0.78736			4
2026.06.03	01:00:48.091		0.78743			4
2026.06.03	01:00:49.899		0.78734			4
2026.06.03	01:00:50.197		0.78743			4
2026.06.03	01:00:51.102		0.78742			4
2026.06.03	01:00:51.701		0.78735			4
2026.06.03	01:00:52.315	0.78683				2
2026.06.03	01:00:53.204		0.78734			4
2026.06.03	01:01:00.111	0.78683	0.78726			6
2026.06.03	01:01:00.414		0.78724			4
2026.06.03	01:01:01.317	0.78685	0.78723			6
2026.06.03	01:01:01.915	0.78684	0.78726			6
2026.06.03	01:01:02.211	0.78685	0.78723			6
2026.06.03	01:01:02.811	0.78684				2
2026.06.03	01:01:03.415	0.78695				2
2026.06.03	01:01:07.329		0.78716			4
2026.06.03	01:01:08.530	0.78692	0.78713			6
2026.06.03	01:01:12.729	0.78695				2
2026.06.03	01:01:15.131	0.78697	0.78715			6
2026.06.03	01:01:15.433	0.78695				2
2026.06.03	01:01:15.730		0.78716			4
2026.06.03	01:01:17.248	0.78696	0.78717			6
2026.06.03	01:01:22.345	0.78700	0.78721			6
2026.06.03	01:01:23.252	0.78698	0.78718			6
2026.06.03	01:01:25.662		0.78719			4
2026.06.03	01:01:30.756	0.78699	0.78718			6
2026.06.03	01:01:32.560	0.78697				2
2026.06.03	01:01:40.674	0.78696				2
2026.06.03	01:01:50.893	0.78697	0.78717			6
2026.06.03	01:01:57.197		0.78719			4
2026.06.03	01:02:00.198	0.78697				2
2026.06.03	01:02:00.801		0.78718			4
2026.06.03	01:02:08.918		0.78717			4
2026.06.03	01:02:14.020	0.78699				2
2026.06.03	01:02:17.330	0.78698				2
2026.06.03	01:02:47.080	0.78699				2
2026.06.03	01:02:52.190		0.78715			4
2026.06.03	01:03:00.292	0.78699				2
2026.06.03	01:03:12.308		0.78716			4
2026.06.03	01:03:24.626		0.78715			4
2026.06.03	01:03:45.353	0.78701	0.78720			6
2026.06.03	01:03:45.654	0.78699				2
2026.06.03	01:03:45.952		0.78718			4
2026.06.03	01:03:46.554	0.78701				2
2026.06.03	01:04:00.078	0.78701				2
2026.06.03	01:04:01.279		0.78719			4
2026.06.03	01:04:01.871		0.78718			4
2026.06.03	01:04:04.885		0.78719			4
2026.06.03	01:04:06.087		0.78720			4
2026.06.03	01:04:07.890		0.78719			4
2026.06.03	01:04:27.125		0.78720			4
2026.06.03	01:04:31.022		0.78721			4
2026.06.03	01:04:43.644		0.78720			4
2026.06.03	01:04:44.559		0.78721			4
2026.06.03	01:04:46.963		0.78720			4
2026.06.03	01:04:47.249		0.78718			4
2026.06.03	01:04:57.164		0.78720			4
2026.06.03	01:05:00.184	0.78707	0.78723			6
2026.06.03	01:05:01.389	0.78709	0.78725			6
2026.06.03	01:05:02.884	0.78711	0.78727			6
2026.06.03	01:05:06.187	0.78709	0.78728			6
2026.06.03	01:05:06.491	0.78711				2
2026.06.03	01:05:07.080		0.78731			4
2026.06.03	01:05:18.204	0.78713				2
2026.06.03	01:05:19.403	0.78715				2
2026.06.03	01:05:27.814	0.78716	0.78732			6
2026.06.03	01:05:57.260	0.78717				2
2026.06.03	01:06:00.267	0.78717				2
2026.06.03	01:06:15.897	0.78718				2
2026.06.03	01:06:16.199		0.78730			4
2026.06.03	01:06:16.501	0.78713	0.78729			6
2026.06.03	01:06:17.104	0.78715	0.78731			6
2026.06.03	01:06:20.107	0.78716				2
2026.06.03	01:06:29.136	0.78717				2
2026.06.03	01:06:31.826	0.78716				2
2026.06.03	01:06:38.137	0.78717				2
2026.06.03	01:06:42.048		0.78732			4
2026.06.03	01:06:45.054	0.78716				2
2026.06.03	01:06:48.961	0.78717				2
2026.06.03	01:06:51.966		0.78731			4
2026.06.03	01:07:00.074	0.78717				2
2026.06.03	01:07:05.188	0.78718				2
2026.06.03	01:07:08.196	0.78716				2
2026.06.03	01:07:17.805	0.78717				2
2026.06.03	01:07:41.852		0.78732			4
2026.06.03	01:07:47.266		0.78731			4
2026.06.03	01:07:49.967	0.78716				2
2026.06.03	01:07:50.573	0.78717				2
2026.06.03	01:07:51.466	0.78709	0.78723			6
2026.06.03	01:07:51.760	0.78710				2
2026.06.03	01:07:54.773	0.78708				2
2026.06.03	01:07:55.065	0.78710				2
2026.06.03	01:07:55.970	0.78709	0.78722			6
2026.06.03	01:08:00.175	0.78709				2
2026.06.03	01:08:20.916	0.78707				2
2026.06.03	01:08:21.219	0.78706				2
2026.06.03	01:08:50.708	0.78707				2
2026.06.03	01:08:56.114		0.78722			4
2026.06.03	01:09:00.014	0.78707				2
2026.06.03	01:09:56.214		0.78722			4
2026.06.03	01:10:00.115	0.78707				2
2026.06.03	01:10:45.179		0.78723			4
2026.06.03	01:10:46.678		0.78722			4
2026.06.03	01:10:54.500	0.78705	0.78720			6
2026.06.03	01:10:54.799	0.78707	0.78723			6
2026.06.03	01:10:55.700	0.78708	0.78722			6
2026.06.03	01:10:57.502		0.78723			4
2026.06.03	01:10:59.014	0.78707				2
2026.06.03	01:10:59.301	0.78708	0.78724			6
2026.06.03	01:10:59.604	0.78711	0.78725			6
2026.06.03	01:10:59.909	0.78712	0.78726			6
2026.06.03	01:11:00.205	0.78712				2
2026.06.03	01:11:01.107	0.78711				2
2026.06.03	01:11:03.211	0.78712				2
2026.06.03	01:11:03.504	0.78710	0.78724			6
2026.06.03	01:11:04.711	0.78711	0.78726			6
2026.06.03	01:11:08.607	0.78713				2
2026.06.03	01:11:09.515	0.78710	0.78725			6
2026.06.03	01:11:10.115		0.78724			4
2026.06.03	01:11:12.822	0.78708				2
2026.06.03	01:11:14.014	0.78709	0.78723			6
2026.06.03	01:11:29.937	0.78706	0.78721			6
2026.06.03	01:12:00.285	0.78706				2
2026.06.03	01:12:03.601	0.78707	0.78722			6
2026.06.03	01:12:14.424	0.78709	0.78724			6
2026.06.03	01:12:15.918	0.78710	0.78725			6
2026.06.03	01:12:17.125	0.78712				2
2026.06.03	01:12:18.026		0.78726			4
2026.06.03	01:13:00.097	0.78712				2
2026.06.03	01:13:18.130		0.78726			4
2026.06.03	01:13:31.937	0.78713	0.78728			6
2026.06.03	01:13:33.740	0.78714	0.78729			6
2026.06.03	01:13:34.637	0.78715	0.78730			6
2026.06.03	01:13:35.542	0.78716	0.78731			6
2026.06.03	01:13:37.052	0.78721	0.78735			6
2026.06.03	01:13:37.343	0.78725	0.78739			6
2026.06.03	01:13:38.247	0.78722	0.78737			6
2026.06.03	01:13:40.943	0.78723				2
2026.06.03	01:13:42.454	0.78722				2
2026.06.03	01:13:43.346	0.78723				2
2026.06.03	01:13:43.649	0.78724	0.78738			6
2026.06.03	01:14:00.180	0.78724				2
2026.06.03	01:14:04.701		0.78739			4
2026.06.03	01:14:04.985	0.78727	0.78742			6
2026.06.03	01:14:06.485	0.78728	0.78743			6
2026.06.03	01:14:55.485		0.78742			4
2026.06.03	01:15:00.300	0.78728				2
2026.06.03	01:15:21.928	0.78726	0.78740			6
2026.06.03	01:15:23.140	0.78727				2
2026.06.03	01:15:23.432		0.78741			4
2026.06.03	01:15:32.741	0.78726				2
2026.06.03	01:15:33.046	0.78731	0.78742			6
2026.06.03	01:15:33.348	0.78730	0.78743			6
2026.06.03	01:15:36.958	0.78726	0.78740			6
2026.06.03	01:15:39.662		0.78741			4
2026.06.03	01:15:44.771		0.78740			4
2026.06.03	01:15:52.284		0.78741			4
2026.06.03	01:15:56.795	0.78730	0.78742			6
2026.06.03	01:15:58.009		0.78743			4
2026.06.03	01:15:58.302	0.78729	0.78741			6
2026.06.03	01:15:58.596		0.78742			4
2026.06.03	01:15:59.203	0.78728	0.78741			6
2026.06.03	01:16:00.100	0.78728				2
2026.06.03	01:16:01.316	0.78729	0.78742			6
2026.06.03	01:16:10.326	0.78728				2
2026.06.03	01:16:56.902	0.78730	0.78743			6
2026.06.03	01:17:00.199	0.78730				2
2026.06.03	01:17:23.038	0.78729				2
2026.06.03	01:17:23.944	0.78730				2
2026.06.03	01:17:26.656	0.78731				2
2026.06.03	01:17:27.549	0.78730				2
2026.06.03	01:17:57.013		0.78743			4
2026.06.03	01:18:00.015	0.78730				2
2026.06.03	01:18:02.111	0.78729	0.78742			6
2026.06.03	01:18:02.419	0.78730				2
2026.06.03	01:18:04.518		0.78743			4
2026.06.03	01:18:05.428	0.78732	0.78744			6
2026.06.03	01:18:09.933	0.78731				2
2026.06.03	01:18:10.229	0.78732				2
2026.06.03	01:18:26.148	0.78731				2
2026.06.03	01:18:26.442	0.78732				2
2026.06.03	01:18:37.561	0.78733	0.78743			6
2026.06.03	01:18:54.407	0.78731				2
2026.06.03	01:18:56.197	0.78730				2
2026.06.03	01:19:00.109	0.78729	0.78741			6
2026.06.03	01:19:01.015		0.78742			4
2026.06.03	01:20:00.210	0.78729				2
2026.06.03	01:20:01.103		0.78742			4
2026.06.03	01:20:01.713		0.78740			4
2026.06.03	01:20:03.216		0.78741			4
2026.06.03	01:20:28.458		0.78740			4
2026.06.03	01:20:30.860	0.78728				2
2026.06.03	01:20:32.960	0.78730	0.78741			6
2026.06.03	01:20:35.065	0.78731	0.78740			6
2026.06.03	01:20:40.466	0.78729	0.78741			6
2026.06.03	01:20:43.171		0.78740			4
2026.06.03	01:20:49.786	0.78728				2
2026.06.03	01:20:53.692	0.78729	0.78741			6
2026.06.03	01:21:00.005	0.78729				2
2026.06.03	01:21:00.907		0.78740			4
2026.06.03	01:21:02.714	0.78730				2
2026.06.03	01:21:04.505		0.78741			4
2026.06.03	01:21:26.143	0.78729				2
2026.06.03	01:22:00.108	0.78729				2
2026.06.03	01:22:03.720	0.78730				2
2026.06.03	01:22:04.325	0.78729				2
2026.06.03	01:22:04.627		0.78741			4
2026.06.03	01:22:15.438	0.78732	0.78743			6
2026.06.03	01:22:15.741	0.78730	0.78741			6
2026.06.03	01:22:31.057	0.78729	0.78740			6
2026.06.03	01:22:31.957	0.78730				2
2026.06.03	01:22:33.754		0.78741			4
2026.06.03	01:23:00.204	0.78730				2
2026.06.03	01:23:04.718		0.78740			4
2026.06.03	01:23:28.747	0.78729				2
2026.06.03	01:23:29.055		0.78739			4
2026.06.03	01:23:33.550	0.78726	0.78738			6
2026.06.03	01:23:33.846	0.78728				2
2026.06.03	01:23:35.054	0.78727				2
2026.06.03	01:23:35.348		0.78737			4
2026.06.03	01:23:36.257	0.78726				2
2026.06.03	01:23:38.066		0.78738			4
2026.06.03	01:23:41.673	0.78727				2
2026.06.03	01:24:00.000	0.78727				2
2026.06.03	01:24:00.304	0.78728				2
2026.06.03	01:24:02.410		0.78739			4
2026.06.03	01:24:10.817	0.78729	0.78740			6
2026.06.03	01:24:20.439	0.78728	0.78741			6
2026.06.03	01:24:21.046	0.78729				2
2026.06.03	01:24:53.196	0.78730				2
2026.06.03	01:25:00.112	0.78730				2
2026.06.03	01:25:20.550		0.78741			4
2026.06.03	01:25:34.382	0.78729	0.78740			6
2026.06.03	01:25:55.709	0.78730				2
2026.06.03	01:25:56.910	0.78725	0.78737			6
2026.06.03	01:25:58.409		0.78736			4
2026.06.03	01:25:59.320	0.78726				2
2026.06.03	01:26:00.222	0.78726				2
2026.06.03	01:26:00.819		0.78737			4
2026.06.03	01:26:09.239		0.78736			4
2026.06.03	01:26:11.349	0.78725				2
2026.06.03	01:26:13.458	0.78726	0.78737			6
2026.06.03	01:26:16.145	0.78727	0.78736			6
2026.06.03	01:26:18.245	0.78728	0.78737			6
2026.06.03	01:26:18.553	0.78727				2
2026.06.03	01:26:21.251	0.78728				2
2026.06.03	01:26:21.854	0.78726				2
2026.06.03	01:26:23.963		0.78735			4
2026.06.03	01:26:24.255		0.78736			4
2026.06.03	01:26:26.058	0.78725	0.78734			6
2026.06.03	01:26:29.364	0.78726	0.78737			6
2026.06.03	01:26:37.485	0.78725	0.78736			6
2026.06.03	01:26:37.783	0.78723	0.78734			6
2026.06.03	01:26:39.585	0.78725				2
2026.06.03	01:26:41.986	0.78724				2
2026.06.03	01:26:43.489		0.78733			4
2026.06.03	01:26:45.292	0.78723				2
2026.06.03	01:26:57.933	0.78724				2
2026.06.03	01:27:00.025	0.78724				2
2026.06.03	01:27:06.936	0.78720	0.78730			6
2026.06.03	01:27:23.178	0.78719	0.78731			6
2026.06.03	01:27:24.681	0.78720				2
2026.06.03	01:27:36.998	0.78719				2
2026.06.03	01:27:49.615	0.78720				2
2026.06.03	01:28:00.136	0.78720				2
2026.06.03	01:28:11.567	0.78719				2
2026.06.03	01:28:23.283		0.78731			4
2026.06.03	01:28:37.104	0.78720				2
2026.06.03	01:28:38.307	0.78719				2
2026.06.03	01:28:42.523	0.78721	0.78732			6
2026.06.03	01:28:42.820	0.78719				2
2026.06.03	01:28:49.732	0.78720	0.78731			6
2026.06.03	01:28:58.154	0.78719				2
2026.06.03	01:29:00.253	0.78719				2
2026.06.03	01:29:00.853	0.78720				2
2026.06.03	01:29:01.454	0.78719				2
2026.06.03	01:29:02.367	0.78720				2
2026.06.03	01:29:08.086	0.78719				2
2026.06.03	01:29:15.293	0.78720				2
2026.06.03	01:29:20.406		0.78730			4
2026.06.03	01:29:38.730	0.78719	0.78729			6
2026.06.03	01:29:53.151	0.78720	0.78730			6
2026.06.03	01:29:53.753	0.78719	0.78729			6
2026.06.03	01:29:54.955	0.78720	0.78730			6
2026.06.03	01:29:55.245	0.78719	0.78729			6
2026.06.03	01:30:00.062	0.78719				2
2026.06.03	01:30:00.366	0.78720	0.78731			6
2026.06.03	01:30:02.460		0.78730			4
2026.06.03	01:30:02.771	0.78724	0.78725			6
2026.06.03	01:30:06.071	0.78719	0.78729			6
2026.06.03	01:30:17.185	0.78720				2
2026.06.03	01:30:27.407	0.78719	0.78730			6
2026.06.03	01:30:29.808		0.78729			4
2026.06.03	01:30:46.647		0.78730			4
2026.06.03	01:31:00.166	0.78719				2
2026.06.03	01:31:08.894		0.78729			4
2026.06.03	01:31:28.731	0.78721	0.78730			6
2026.06.03	01:31:34.447		0.78731			4
2026.06.03	01:31:51.296		0.78730			4
2026.06.03	01:31:54.587		0.78731			4
2026.06.03	01:31:57.904		0.78730			4
2026.06.03	01:32:00.000	0.78721				2
2026.06.03	01:32:00.908		0.78731			4
2026.06.03	01:32:03.304		0.78732			4
2026.06.03	01:32:06.010		0.78731			4
2026.06.03	01:32:29.772		0.78730			4
2026.06.03	01:32:31.269	0.78720				2
2026.06.03	01:32:32.471		0.78729			4
2026.06.03	01:32:36.980		0.78721			4
2026.06.03	01:32:37.282		0.78729			4
2026.06.03	01:32:37.593		0.78721			4
2026.06.03	01:32:37.891		0.78729			4
2026.06.03	01:32:38.192	0.78719	0.78720			6
2026.06.03	01:32:38.490		0.78730			4
2026.06.03	01:32:38.792		0.78720			4
2026.06.03	01:32:39.990		0.78730			4
2026.06.03	01:32:40.288		0.78720			4
2026.06.03	01:32:40.595		0.78730			4
2026.06.03	01:32:40.891	0.78718	0.78727			6
2026.06.03	01:32:49.611		0.78728			4
2026.06.03	01:32:52.919		0.78727			4
2026.06.03	01:32:55.320		0.78728			4
2026.06.03	01:32:59.212		0.78727			4
2026.06.03	01:33:00.114	0.78718				2
2026.06.03	01:33:00.413	0.78719				2
2026.06.03	01:33:02.527		0.78728			4
2026.06.03	01:33:02.814	0.78718	0.78727			6
2026.06.03	01:33:12.738		0.78728			4
2026.06.03	01:33:14.839		0.78726			4
2026.06.03	01:33:15.738		0.78728			4
2026.06.03	01:33:18.736	0.78719				2
2026.06.03	01:33:19.336	0.78718				2
2026.06.03	01:33:21.743		0.78727			4
2026.06.03	01:33:23.847		0.78728			4
2026.06.03	01:33:24.156		0.78729			4
2026.06.03	01:33:24.456		0.78728			4
2026.06.03	01:33:35.272	0.78719	0.78727			6
2026.06.03	01:33:39.794	0.78718				2
2026.06.03	01:33:42.789	0.78717	0.78728			6
2026.06.03	01:33:49.404	0.78718				2
2026.06.03	01:34:00.229	0.78718				2
2026.06.03	01:34:07.744		0.78727			4
2026.06.03	01:34:10.154	0.78719	0.78728			6
2026.06.03	01:34:13.460	0.78718				2
2026.06.03	01:34:15.860		0.78727			4
2026.06.03	01:34:16.170	0.78719	0.78728			6
2026.06.03	01:34:16.464	0.78720	0.78730			6
2026.06.03	01:34:18.556		0.78728			4
2026.06.03	01:34:20.964	0.78719	0.78727			6
2026.06.03	01:34:25.172	0.78720	0.78728			6
2026.06.03	01:34:29.679	0.78719	0.78727			6
2026.06.03	01:34:31.184	0.78720	0.78728			6
2026.06.03	01:34:31.791	0.78719	0.78727			6
2026.06.03	01:34:32.986	0.78720	0.78728			6
2026.06.03	01:34:34.190	0.78719	0.78727			6
2026.06.03	01:34:35.390	0.78720	0.78728			6
2026.06.03	01:34:36.300	0.78719	0.78727			6
2026.06.03	01:34:36.601	0.78720	0.78728			6
2026.06.03	01:34:40.802	0.78721	0.78731			6
2026.06.03	01:34:43.214	0.78720				2
2026.06.03	01:34:51.331		0.78730			4
2026.06.03	01:34:51.619	0.78721	0.78731			6
2026.06.03	01:34:55.838		0.78729			4
2026.06.03	01:34:56.439		0.78731			4
2026.06.03	01:34:57.938	0.78720				2
2026.06.03	01:35:00.039	0.78720				2
2026.06.03	01:35:05.750		0.78732			4
2026.06.03	01:35:06.058		0.78729			4
2026.06.03	01:35:06.654	0.78719				2
2026.06.03	01:35:07.850		0.78727			4
2026.06.03	01:35:08.158		0.78729			4
2026.06.03	01:35:12.065		0.78728			4
2026.06.03	01:35:15.075		0.78729			4
2026.06.03	01:35:22.278	0.78720				2
2026.06.03	01:35:25.591	0.78721	0.78728			6
2026.06.03	01:35:27.698	0.78720				2
2026.06.03	01:35:36.399	0.78725	0.78732			6
2026.06.03	01:35:47.224		0.78733			4
2026.06.03	01:36:00.135	0.78725				2
2026.06.03	01:36:03.453		0.78732			4
2026.06.03	01:36:07.352	0.78726	0.78733			6
2026.06.03	01:37:00.265	0.78726				2
2026.06.03	01:37:07.481		0.78733			4
2026.06.03	01:37:17.705	0.78725				2
2026.06.03	01:37:18.907	0.78726				2
2026.06.03	01:37:24.008	0.78727	0.78735			6
2026.06.03	01:37:26.125	0.78726	0.78733			6
2026.06.03	01:37:28.513		0.78735			4
2026.06.03	01:37:30.337		0.78734			4
2026.06.03	01:37:51.963		0.78733			4
2026.06.03	01:37:52.564	0.78727	0.78735			6
2026.06.03	01:37:52.860	0.78726	0.78734			6
2026.06.03	01:38:00.067	0.78726				2
2026.06.03	01:38:00.368		0.78733			4
2026.06.03	01:38:03.075	0.78727				2
2026.06.03	01:38:24.711	0.78728	0.78734			6
2026.06.03	01:38:25.015	0.78727				2
2026.06.03	01:38:51.161		0.78735			4
2026.06.03	01:38:52.360	0.78728	0.78734			6
2026.06.03	01:38:54.778		0.78735			4
2026.06.03	01:38:56.592		0.78734			4
2026.06.03	01:39:00.189	0.78728				2
2026.06.03	01:39:01.092		0.78735			4
2026.06.03	01:39:02.301	0.78729	0.78736			6
2026.06.03	01:39:02.594	0.78728	0.78735			6
2026.06.03	01:39:03.506	0.78729	0.78736			6
2026.06.03	01:39:04.395		0.78735			4
2026.06.03	01:39:20.325	0.78728	0.78734			6
2026.06.03	01:39:20.927	0.78727				2
2026.06.03	01:39:26.047	0.78730	0.78737			6
2026.06.03	01:39:30.862	0.78731				2
2026.06.03	01:39:31.154	0.78733	0.78738			6
2026.06.03	01:39:42.869	0.78732				2
2026.06.03	01:39:52.496	0.78733				2
2026.06.03	01:39:52.792	0.78732				2
2026.06.03	01:39:55.801		0.78739			4
2026.06.03	01:39:57.000		0.78738			4
2026.06.03	01:39:57.291	0.78730	0.78737			6
2026.06.03	01:39:57.591		0.78736			4
2026.06.03	01:40:00.004	0.78730				2
2026.06.03	01:40:10.516		0.78737			4
2026.06.03	01:40:13.224		0.78736			4
2026.06.03	01:40:14.419		0.78737			4
2026.06.03	01:40:32.438		0.78736			4
2026.06.03	01:40:34.855		0.78738			4
2026.06.03	01:40:35.151		0.78737			4
2026.06.03	01:40:40.264		0.78736			4
2026.06.03	01:40:55.884	0.78732	0.78738			6
2026.06.03	01:41:00.086	0.78732				2
2026.06.03	01:41:02.498	0.78731	0.78737			6
2026.06.03	01:41:03.088		0.78738			4
2026.06.03	01:41:04.293	0.78732				2
2026.06.03	01:41:06.706	0.78731				2
2026.06.03	01:41:07.596	0.78730	0.78739			6
2026.06.03	01:41:07.894		0.78737			4
2026.06.03	01:41:21.415		0.78736			4
2026.06.03	01:41:24.424		0.78737			4
2026.06.03	01:41:28.936	0.78732	0.78738			6
2026.06.03	01:41:34.041	0.78728	0.78735			6
2026.06.03	01:41:34.339	0.78730	0.78736			6
2026.06.03	01:41:36.450	0.78728	0.78735			6
2026.06.03	01:42:00.191	0.78728				2
2026.06.03	01:42:09.201	0.78727	0.78733			6
2026.06.03	01:42:09.507	0.78726	0.78732			6
2026.06.03	01:42:10.699		0.78733			4
2026.06.03	01:42:14.304	0.78727				2
2026.06.03	01:42:19.730	0.78726	0.78732			6
2026.06.03	01:42:49.759	0.78725				2
2026.06.03	01:42:52.766	0.78726				2
2026.06.03	01:42:56.674	0.78725				2
2026.06.03	01:43:00.288	0.78725				2
2026.06.03	01:43:04.492	0.78728	0.78733			6
2026.06.03	01:43:09.010		0.78735			4
2026.06.03	01:43:28.539	0.78729				2
2026.06.03	01:43:40.560		0.78736			4
2026.06.03	01:43:55.887		0.78735			4
2026.06.03	01:44:00.092	0.78729				2
2026.06.03	01:44:56.022		0.78735			4
2026.06.03	01:44:59.314		0.78737			4
2026.06.03	01:45:00.215	0.78729				2
2026.06.03	01:45:09.533		0.78736			4
2026.06.03	01:45:09.833		0.78735			4
2026.06.03	01:45:15.766	0.78728	0.78736			6
2026.06.03	01:45:16.938		0.78735			4
2026.06.03	01:45:33.421	0.78729				2
2026.06.03	01:45:33.722		0.78737			4
2026.06.03	01:45:38.063	0.78730	0.78739			6
2026.06.03	01:45:54.264		0.78738			4
2026.06.03	01:46:00.635	0.78730				2
2026.06.03	01:46:02.071	0.78729	0.78735			6
2026.06.03	01:46:07.233		0.78736			4
2026.06.03	01:46:29.115		0.78735			4
2026.06.03	01:46:57.428	0.78730				2
2026.06.03	01:46:57.729		0.78737			4
2026.06.03	01:47:00.644	0.78730				2
2026.06.03	01:47:01.516	0.78729				2
2026.06.03	01:47:03.187	0.78730				2
2026.06.03	01:47:10.870		0.78736			4
2026.06.03	01:47:11.176	0.78729	0.78737			6
2026.06.03	01:47:16.558		0.78735			4
2026.06.03	01:47:16.859		0.78737			4
2026.06.03	01:47:17.284		0.78735			4
2026.06.03	01:47:17.584		0.78737			4
2026.06.03	01:47:18.772		0.78735			4
2026.06.03	01:47:19.072		0.78737			4
2026.06.03	01:47:26.118	0.78730				2
2026.06.03	01:47:43.663	0.78729	0.78735			6
2026.06.03	01:47:45.519	0.78728				2
2026.06.03	01:47:54.674	0.78729	0.78736			6
2026.06.03	01:47:56.115	0.78730				2
2026.06.03	01:47:59.259	0.78732	0.78738			6
2026.06.03	01:48:02.128	0.78732				2
2026.06.03	01:48:23.339		0.78739			4
2026.06.03	01:48:26.117		0.78738			4
2026.06.03	01:48:34.515	0.78731				2
2026.06.03	01:48:34.819		0.78739			4
2026.06.03	01:48:37.815	0.78732	0.78738			6
2026.06.03	01:48:43.816	0.78731				2
2026.06.03	01:48:53.083		0.78739			4
2026.06.03	01:49:08.409	0.78731				2
2026.06.03	01:49:08.710		0.78738			4
2026.06.03	01:49:10.952	0.78733	0.78741			6
2026.06.03	01:49:11.924	0.78732	0.78738			6
2026.06.03	01:49:20.121	0.78731				2
2026.06.03	01:49:21.599		0.78739			4
2026.06.03	01:49:24.084	0.78732	0.78738			6
2026.06.03	01:50:00.615	0.78732				2
2026.06.03	01:50:23.382	0.78733	0.78739			6
2026.06.03	01:50:26.715	0.78732				2
2026.06.03	01:50:31.216		0.78740			4
2026.06.03	01:50:33.207	0.78733				2
2026.06.03	01:50:51.731	0.78732	0.78739			6
2026.06.03	01:50:55.382		0.78740			4
2026.06.03	01:51:02.941	0.78732				2
2026.06.03	01:51:03.240	0.78731	0.78739			6
2026.06.03	01:51:05.116	0.78732	0.78738			6
2026.06.03	01:51:08.172		0.78739			4
2026.06.03	01:51:08.473		0.78740			4
2026.06.03	01:51:12.938		0.78739			4
2026.06.03	01:51:20.183		0.78740			4
2026.06.03	01:51:27.803		0.78739			4
2026.06.03	01:51:32.416	0.78731				2
2026.06.03	01:51:49.741	0.78732				2
2026.06.03	01:51:50.049	0.78741	0.78748			6
2026.06.03	01:51:50.349	0.78738	0.78747			6
2026.06.03	01:51:50.644	0.78739				2
2026.06.03	01:51:51.545	0.78737	0.78745			6
2026.06.03	01:51:52.146		0.78746			4
2026.06.03	01:51:52.446		0.78745			4
2026.06.03	01:51:52.746	0.78735	0.78741			6
2026.06.03	01:52:09.909	0.78735	0.78740			6
2026.06.03	01:52:14.782		0.78741			4
2026.06.03	01:52:26.984	0.78737	0.78746			6
2026.06.03	01:52:27.762	0.78738				2
2026.06.03	01:52:31.162		0.78748			4
2026.06.03	01:52:32.259	0.78739				2
2026.06.03	01:52:33.160	0.78741				2
2026.06.03	01:52:37.933	0.78742	0.78749			6
2026.06.03	01:52:38.233	0.78741				2
2026.06.03	01:52:38.533		0.78748			4
2026.06.03	01:52:39.531	0.78742	0.78749			6
2026.06.03	01:52:39.831		0.78750			4
2026.06.03	01:52:40.131	0.78741	0.78749			6
2026.06.03	01:52:43.215		0.78748			4
2026.06.03	01:52:50.150		0.78749			4
2026.06.03	01:52:50.451		0.78748			4
2026.06.03	01:52:52.516		0.78747			4
2026.06.03	01:52:59.108	0.78738	0.78745			6
2026.06.03	01:53:00.405	0.78738				2
2026.06.03	01:53:28.519	0.78737				2
2026.06.03	01:53:30.217		0.78744			4
2026.06.03	01:53:40.216		0.78745			4
2026.06.03	01:53:41.016		0.78746			4
2026.06.03	01:53:42.618		0.78747			4
2026.06.03	01:53:42.918		0.78746			4
2026.06.03	01:53:48.011		0.78747			4
2026.06.03	01:53:48.310		0.78746			4
2026.06.03	01:53:50.772	0.78738	0.78747			6
2026.06.03	01:53:51.077	0.78737	0.78746			6
2026.06.03	01:53:51.379		0.78745			4
2026.06.03	01:54:05.715	0.78738				2
2026.06.03	01:54:08.453		0.78744			4
2026.06.03	01:54:08.754		0.78745			4
2026.06.03	01:54:16.973		0.78746			4
2026.06.03	01:54:17.575	0.78739				2
2026.06.03	01:54:17.875	0.78737	0.78745			6
2026.06.03	01:54:28.343		0.78746			4
2026.06.03	01:54:46.252	0.78735	0.78742			6
2026.06.03	01:54:48.493	0.78734				2
2026.06.03	01:54:49.510	0.78735	0.78743			6
2026.06.03	01:54:53.486		0.78744			4
2026.06.03	01:54:58.125	0.78736	0.78745			6
2026.06.03	01:55:01.516	0.78736				2
2026.06.03	01:55:03.945	0.78735	0.78744			6
2026.06.03	01:55:21.916	0.78734	0.78742			6
2026.06.03	01:55:23.133	0.78731	0.78739			6
2026.06.03	01:55:35.116		0.78740			4
2026.06.03	01:55:42.674		0.78739			4
2026.06.03	01:55:43.676		0.78740			4
2026.06.03	01:55:54.315	0.78730				2
2026.06.03	01:56:00.478	0.78730	0.78739			6
2026.06.03	01:56:05.415	0.78731	0.78740			6
2026.06.03	01:56:13.959		0.78742			4
2026.06.03	01:56:15.381	0.78732				2
2026.06.03	01:56:18.201		0.78741			4
2026.06.03	01:56:23.760	0.78731	0.78740			6
2026.06.03	01:56:48.778		0.78739			4
2026.06.03	01:56:56.714	0.78730	0.78740			6
2026.06.03	01:57:00.151	0.78730				2
2026.06.03	01:57:01.216	0.78729				2
2026.06.03	01:57:01.517		0.78739			4
2026.06.03	01:57:06.616	0.78730				2
2026.06.03	01:57:09.888		0.78738			4
2026.06.03	01:57:10.765		0.78739			4
2026.06.03	01:57:11.365		0.78740			4
2026.06.03	01:57:13.551	0.78731				2
2026.06.03	01:57:13.852		0.78741			4
2026.06.03	01:57:21.378		0.78739			4
2026.06.03	01:57:22.811	0.78730	0.78740			6
2026.06.03	01:57:25.815		0.78739			4
2026.06.03	01:57:31.816		0.78740			4
2026.06.03	01:57:40.630	0.78731				2
2026.06.03	01:57:45.031		0.78741			4
2026.06.03	01:57:47.715		0.78740			4
2026.06.03	01:57:57.197	0.78732	0.78741			6
2026.06.03	01:57:58.064	0.78731	0.78740			6
2026.06.03	01:58:00.350	0.78731				2
2026.06.03	01:58:00.650	0.78732	0.78741			6
2026.06.03	01:58:03.249	0.78733				2
2026.06.03	01:58:08.748		0.78742			4
2026.06.03	01:58:15.158	0.78732	0.78741			6
2026.06.03	01:58:20.716	0.78733				2
2026.06.03	01:58:21.016		0.78742			4
2026.06.03	01:58:23.262	0.78731	0.78739			6
2026.06.03	01:58:23.561		0.78737			4
2026.06.03	01:58:31.585		0.78738			4
2026.06.03	01:58:44.733	0.78732	0.78740			6
2026.06.03	01:58:47.116	0.78731				2
2026.06.03	01:58:49.331	0.78732	0.78741			6
2026.06.03	01:58:50.757	0.78733	0.78742			6
2026.06.03	01:58:51.659	0.78734				2
2026.06.03	01:58:57.026	0.78735	0.78741			6
2026.06.03	01:59:00.332	0.78735				2
2026.06.03	01:59:02.534	0.78734	0.78742			6
2026.06.03	01:59:04.023	0.78735				2
2026.06.03	01:59:04.324	0.78734				2
2026.06.03	01:59:04.624	0.78735				2
2026.06.03	01:59:06.071	0.78736	0.78744			6
2026.06.03	01:59:07.295	0.78739	0.78747			6
2026.06.03	01:59:07.906	0.78740	0.78748			6
2026.06.03	01:59:08.206		0.78746			4
2026.06.03	01:59:08.998	0.78741				2
2026.06.03	01:59:09.295		0.78747			4
2026.06.03	01:59:10.087	0.78740				2
2026.06.03	01:59:12.923		0.78748			4
2026.06.03	01:59:14.532	0.78739				2
2026.06.03	01:59:14.832	0.78740	0.78747			6
2026.06.03	01:59:17.707	0.78739	0.78748			6
2026.06.03	01:59:18.007	0.78740	0.78747			6
2026.06.03	01:59:18.308	0.78739	0.78748			6
2026.06.03	01:59:22.384	0.78740				2
2026.06.03	01:59:26.658	0.78741	0.78747			6
2026.06.03	01:59:32.125	0.78740				2
2026.06.03	01:59:32.424		0.78748			4
2026.06.03	01:59:43.236	0.78742	0.78750			6
2026.06.03	01:59:46.614	0.78741				2
2026.06.03	01:59:47.216		0.78749			4
2026.06.03	01:59:51.577		0.78750			4
2026.06.03	01:59:52.681		0.78751			4
2026.06.03	01:59:58.052		0.78750			4
2026.06.03	01:59:58.351		0.78749			4
2026.06.03	01:59:59.233		0.78750			4
2026.06.03	02:00:00.169	0.78741				2
2026.06.03	02:00:04.772		0.78749			4
2026.06.03	02:00:05.073	0.78740	0.78748			6
2026.06.03	02:00:08.134		0.78747			4
2026.06.03	02:00:08.434		0.78748			4
2026.06.03	02:00:11.057	0.78739	0.78749			6
2026.06.03	02:00:21.172	0.78740	0.78748			6
2026.06.03	02:00:24.483	0.78739				2
2026.06.03	02:00:27.728	0.78738	0.78746			6
2026.06.03	02:00:28.026	0.78737	0.78745			6
2026.06.03	02:00:29.784		0.78746			4
2026.06.03	02:00:31.216		0.78745			4
2026.06.03	02:00:34.919	0.78738	0.78746			6
2026.06.03	02:00:35.521		0.78745			4
2026.06.03	02:00:36.563		0.78746			4
2026.06.03	02:00:36.863		0.78745			4
2026.06.03	02:00:37.640		0.78746			4
2026.06.03	02:00:42.772	0.78739	0.78747			6
2026.06.03	02:00:44.241	0.78738				2
2026.06.03	02:00:44.541		0.78745			4
2026.06.03	02:00:51.017	0.78739				2
2026.06.03	02:00:52.230		0.78746			4
2026.06.03	02:00:53.901	0.78740	0.78747			6
2026.06.03	02:00:54.201		0.78746			4
2026.06.03	02:00:55.948		0.78747			4
2026.06.03	02:00:58.896	0.78738	0.78745			6
2026.06.03	02:01:00.021	0.78738				2
2026.06.03	02:01:09.358		0.78744			4
2026.06.03	02:01:17.417		0.78745			4
2026.06.03	02:01:17.718		0.78744			4
2026.06.03	02:01:25.632		0.78745			4
2026.06.03	02:01:44.550	0.78736	0.78743			6
2026.06.03	02:01:50.678		0.78744			4
2026.06.03	02:01:51.529		0.78742			4
2026.06.03	02:01:55.029		0.78744			4
2026.06.03	02:01:56.073		0.78742			4
2026.06.03	02:02:00.056	0.78736				2
2026.06.03	02:02:00.357		0.78743			4
2026.06.03	02:02:01.565	0.78738	0.78745			6
2026.06.03	02:02:03.176	0.78739				2
2026.06.03	02:02:06.652	0.78738	0.78746			6
2026.06.03	02:02:09.156		0.78745			4
2026.06.03	02:02:11.828		0.78746			4
2026.06.03	02:02:15.573	0.78737	0.78747			6
2026.06.03	02:02:15.870	0.78741	0.78744			6
2026.06.03	02:02:16.472	0.78740	0.78743			6
2026.06.03	02:02:18.875	0.78739	0.78746			6
2026.06.03	02:02:19.175	0.78741	0.78748			6
2026.06.03	02:02:20.820		0.78749			4
2026.06.03	02:02:22.623	0.78742				2
2026.06.03	02:02:23.570	0.78743	0.78751			6
2026.06.03	02:02:24.230		0.78750			4
2026.06.03	02:02:27.823		0.78751			4
2026.06.03	02:02:36.415	0.78744	0.78752			6
2026.06.03	02:02:46.513		0.78751			4
2026.06.03	02:02:54.404	0.78745	0.78753			6
2026.06.03	02:02:56.413	0.78747	0.78755			6
2026.06.03	02:03:00.077	0.78747				2
2026.06.03	02:03:00.677	0.78745	0.78752			6
2026.06.03	02:03:00.977		0.78753			4
2026.06.03	02:03:01.418	0.78746				2
2026.06.03	02:03:06.130	0.78747	0.78754			6
2026.06.03	02:03:07.071		0.78753			4
2026.06.03	02:03:07.369	0.78746				2
2026.06.03	02:03:10.308		0.78754			4
2026.06.03	02:03:11.220		0.78753			4
2026.06.03	02:03:12.450	0.78747				2
2026.06.03	02:03:14.072	0.78749	0.78757			6
2026.06.03	02:03:14.376		0.78755			4
2026.06.03	02:03:14.676	0.78748	0.78756			6
2026.06.03	02:03:15.379		0.78754			4
2026.06.03	02:03:16.894		0.78755			4
2026.06.03	02:03:17.784		0.78756			4
2026.06.03	02:03:24.015	0.78749	0.78757			6
2026.06.03	02:03:26.917	0.78748	0.78756			6
2026.06.03	02:03:29.247		0.78755			4
2026.06.03	02:03:35.049	0.78751	0.78757			6
2026.06.03	02:03:37.235	0.78750				2
2026.06.03	02:03:40.253	0.78749				2
2026.06.03	02:03:40.553	0.78750	0.78756			6
2026.06.03	02:03:44.861		0.78757			4
2026.06.03	02:03:46.516		0.78758			4
2026.06.03	02:03:50.716		0.78757			4
2026.06.03	02:03:52.108		0.78758			4
2026.06.03	02:03:53.752		0.78757			4
2026.06.03	02:03:54.053		0.78758			4
2026.06.03	02:03:54.352	0.78751				2
2026.06.03	02:03:54.652		0.78757			4
2026.06.03	02:03:55.083		0.78758			4
2026.06.03	02:03:55.384	0.78752	0.78760			6
2026.06.03	02:03:56.278		0.78761			4
2026.06.03	02:03:56.578		0.78758			4
2026.06.03	02:03:58.153		0.78759			4
2026.06.03	02:03:58.452		0.78761			4
2026.06.03	02:03:58.753	0.78751	0.78758			6
2026.06.03	02:03:59.053	0.78752				2
2026.06.03	02:04:00.017	0.78752				2
2026.06.03	02:04:00.317		0.78760			4
2026.06.03	02:04:01.579	0.78753	0.78761			6
2026.06.03	02:04:01.880	0.78754				2
2026.06.03	02:04:04.297	0.78755	0.78763			6
2026.06.03	02:04:04.598		0.78761			4
2026.06.03	02:04:06.560		0.78762			4
2026.06.03	02:04:08.664		0.78763			4
2026.06.03	02:04:11.515	0.78754	0.78762			6
2026.06.03	02:04:17.024	0.78755	0.78763			6
2026.06.03	02:04:22.859	0.78754				2
2026.06.03	02:04:23.158		0.78762			4
2026.06.03	02:04:24.105		0.78763			4
2026.06.03	02:04:33.588	0.78755				2
2026.06.03	02:04:33.889		0.78762			4
2026.06.03	02:04:34.560	0.78756				2
2026.06.03	02:04:34.861	0.78755				2
2026.06.03	02:04:35.160	0.78756				2
2026.06.03	02:04:36.452	0.78755	0.78761			6
2026.06.03	02:04:39.137	0.78754	0.78762			6
2026.06.03	02:04:39.810	0.78756				2
2026.06.03	02:04:42.421		0.78763			4
2026.06.03	02:04:44.513	0.78757	0.78764			6
2026.06.03	02:04:47.823	0.78756				2
2026.06.03	02:04:49.840		0.78760			4
2026.06.03	02:04:50.147		0.78764			4
2026.06.03	02:04:50.447		0.78760			4
2026.06.03	02:04:50.747		0.78764			4
2026.06.03	02:04:51.047		0.78760			4
2026.06.03	02:04:51.347		0.78764			4
2026.06.03	02:04:51.648		0.78760			4
2026.06.03	02:04:51.949		0.78764			4
2026.06.03	02:04:52.249		0.78760			4
2026.06.03	02:04:52.548		0.78764			4
2026.06.03	02:04:52.849		0.78760			4
2026.06.03	02:04:53.149		0.78764			4
2026.06.03	02:04:54.258	0.78757				2
2026.06.03	02:04:54.558		0.78765			4
2026.06.03	02:04:55.161	0.78756	0.78764			6
2026.06.03	02:05:00.076	0.78756				2
2026.06.03	02:05:02.132		0.78763			4
2026.06.03	02:05:03.266	0.78755				2
2026.06.03	02:05:03.905	0.78756	0.78762			6
2026.06.03	02:05:04.204	0.78753	0.78761			6
2026.06.03	02:05:04.803	0.78755	0.78763			6
2026.06.03	02:05:05.406	0.78754	0.78761			6
2026.06.03	02:05:05.705		0.78762			4
2026.06.03	02:05:08.399		0.78760			4
2026.06.03	02:05:10.173	0.78753				2
2026.06.03	02:05:24.726		0.78761			4
2026.06.03	02:05:46.487	0.78754	0.78760			6
2026.06.03	02:05:55.120	0.78753				2
2026.06.03	02:05:55.422	0.78755	0.78761			6
2026.06.03	02:05:56.915	0.78754				2
2026.06.03	02:05:59.935	0.78755				2
2026.06.03	02:06:00.235	0.78754	0.78760			6
2026.06.03	02:06:02.422		0.78761			4
2026.06.03	02:06:03.874		0.78760			4
2026.06.03	02:06:05.539	0.78753	0.78761			6
2026.06.03	02:06:10.226	0.78754				2
2026.06.03	02:06:10.526		0.78760			4
2026.06.03	02:06:13.228	0.78753				2
2026.06.03	02:06:13.527		0.78761			4
2026.06.03	02:06:15.381	0.78756				2
2026.06.03	02:06:16.529	0.78755	0.78762			6
2026.06.03	02:06:19.789		0.78761			4
2026.06.03	02:06:20.088		0.78763			4
2026.06.03	02:06:21.531		0.78762			4
2026.06.03	02:06:24.275	0.78759	0.78766			6
2026.06.03	02:06:26.263	0.78758	0.78763			6
2026.06.03	02:06:30.016		0.78764			4
2026.06.03	02:06:31.268	0.78760	0.78765			6
2026.06.03	02:06:35.715	0.78759				2
2026.06.03	02:06:36.015		0.78766			4
2026.06.03	02:06:41.715	0.78760				2
2026.06.03	02:06:42.016		0.78765			4
2026.06.03	02:06:46.907		0.78766			4
2026.06.03	02:07:00.077	0.78760				2
2026.06.03	02:07:00.378	0.78759	0.78767			6
2026.06.03	02:07:05.715	0.78760				2
2026.06.03	02:07:06.015	0.78761	0.78766			6
2026.06.03	02:07:06.315	0.78759	0.78768			6
2026.06.03	02:07:07.586	0.78760	0.78766			6
2026.06.03	02:07:17.321	0.78762	0.78767			6
2026.06.03	02:07:20.716	0.78761				2
2026.06.03	02:07:21.015		0.78768			4
2026.06.03	02:07:22.147		0.78767			4
2026.06.03	02:07:24.645		0.78768			4
2026.06.03	02:07:24.944	0.78762				2
2026.06.03	02:07:28.215		0.78769			4
2026.06.03	02:07:30.888	0.78763				2
2026.06.03	02:08:00.075	0.78763				2
2026.06.03	02:08:00.674	0.78765	0.78771			6
2026.06.03	02:08:01.471	0.78764	0.78770			6
2026.06.03	02:08:37.652	0.78763				2
2026.06.03	02:08:42.017		0.78769			4
2026.06.03	02:08:49.076	0.78762	0.78767			6
2026.06.03	02:08:51.068	0.78761	0.78768			6
2026.06.03	02:08:51.369	0.78762				2
2026.06.03	02:08:55.788	0.78761	0.78769			6
2026.06.03	02:09:00.327	0.78761				2
2026.06.03	02:09:00.627	0.78763	0.78770			6
2026.06.03	02:09:02.152		0.78769			4
2026.06.03	02:09:05.714	0.78764				2
2026.06.03	02:09:13.157	0.78763	0.78770			6
2026.06.03	02:09:13.457		0.78769			4
2026.06.03	02:09:15.628	0.78764				2
2026.06.03	02:09:15.930		0.78770			4
2026.06.03	02:09:16.840	0.78763				2
2026.06.03	02:09:28.358		0.78769			4
2026.06.03	02:09:30.616	0.78762				2
2026.06.03	02:09:34.235		0.78768			4
2026.06.03	02:09:37.601	0.78763	0.78769			6
2026.06.03	02:09:39.066		0.78771			4
2026.06.03	02:09:40.631	0.78764				2
2026.06.03	02:09:43.354	0.78763				2
2026.06.03	02:09:45.620	0.78764	0.78770			6
2026.06.03	02:09:47.016	0.78763	0.78771			6
2026.06.03	02:09:50.129		0.78770			4
2026.06.03	02:09:51.748	0.78764				2
2026.06.03	02:09:52.049		0.78772			4
2026.06.03	02:09:55.216		0.78771			4
2026.06.03	02:09:55.816	0.78765	0.78772			6
2026.06.03	02:09:57.284	0.78766				2
2026.06.03	02:10:00.279	0.78765				2
2026.06.03	02:10:08.716		0.78771			4
2026.06.03	02:10:14.896	0.78763	0.78770			6
2026.06.03	02:10:15.797		0.78769			4
2026.06.03	02:10:17.352		0.78770			4
2026.06.03	02:10:18.503	0.78764				2
2026.06.03	02:10:18.804	0.78763				2
2026.06.03	02:10:21.308	0.78764	0.78771			6
2026.06.03	02:10:22.916	0.78765	0.78770			6
2026.06.03	02:10:24.152	0.78764				2
2026.06.03	02:10:27.016	0.78765	0.78771			6
2026.06.03	02:10:29.520		0.78773			4
2026.06.03	02:10:45.237		0.78772			4
2026.06.03	02:10:47.778		0.78773			4
2026.06.03	02:10:50.444	0.78766				2
2026.06.03	02:10:53.894		0.78772			4
2026.06.03	02:10:55.352	0.78770	0.78776			6
2026.06.03	02:10:55.652	0.78769				2
2026.06.03	02:10:58.800	0.78770				2
2026.06.03	02:11:00.120	0.78770				2
2026.06.03	02:11:00.420	0.78769				2
2026.06.03	02:11:02.511		0.78775			4
2026.06.03	02:11:14.292	0.78768				2
2026.06.03	02:11:14.715	0.78769				2
2026.06.03	02:11:19.658	0.78768	0.78774			6
2026.06.03	02:11:20.258	0.78767	0.78773			6
2026.06.03	02:11:26.115		0.78774			4
2026.06.03	02:11:33.786	0.78766				2
2026.06.03	02:11:36.192		0.78773			4
2026.06.03	02:11:36.493		0.78774			4
2026.06.03	02:11:36.888	0.78765				2
2026.06.03	02:11:41.281	0.78766				2
2026.06.03	02:11:41.581	0.78765				2
2026.06.03	02:11:45.785	0.78766				2
2026.06.03	02:11:46.473	0.78768				2
2026.06.03	02:11:46.774		0.78775			4
2026.06.03	02:11:52.118	0.78769				2
2026.06.03	02:11:53.903	0.78768				2
2026.06.03	02:11:54.201	0.78770	0.78776			6
2026.06.03	02:11:59.255	0.78769	0.78777			6
2026.06.03	02:11:59.555		0.78776			4
2026.06.03	02:12:00.097	0.78769				2
2026.06.03	02:12:03.474	0.78770	0.78775			6
2026.06.03	02:12:09.133	0.78769				2
2026.06.03	02:12:11.463	0.78768	0.78776			6
2026.06.03	02:12:11.765	0.78769	0.78775			6
2026.06.03	02:12:17.192		0.78777			4
2026.06.03	02:12:18.174	0.78770	0.78776			6
2026.06.03	02:12:19.180	0.78769	0.78777			6
2026.06.03	02:12:22.789		0.78776			4
2026.06.03	02:12:28.557	0.78770				2
2026.06.03	02:12:32.958	0.78769	0.78777			6
2026.06.03	02:12:37.205	0.78770				2
2026.06.03	02:12:43.286		0.78776			4
2026.06.03	02:12:44.572	0.78769				2
2026.06.03	02:12:51.076	0.78768				2
2026.06.03	02:12:56.385	0.78769				2
2026.06.03	02:12:58.193		0.78775			4
2026.06.03	02:13:02.542	0.78769	0.78776			6
2026.06.03	02:13:04.528		0.78775			4
2026.06.03	02:13:04.827		0.78776			4
2026.06.03	02:13:16.935	0.78770	0.78775			6
2026.06.03	02:13:17.235	0.78768	0.78776			6
2026.06.03	02:13:24.327	0.78769				2
2026.06.03	02:13:25.526	0.78768	0.78777			6
2026.06.03	02:13:26.569	0.78770				2
2026.06.03	02:13:26.871		0.78775			4
2026.06.03	02:13:31.840	0.78769				2
2026.06.03	02:13:32.139		0.78776			4
2026.06.03	02:13:33.292	0.78772	0.78778			6
2026.06.03	02:13:37.580	0.78770				2
2026.06.03	02:13:40.701	0.78771	0.78777			6
2026.06.03	02:13:44.362	0.78770	0.78779			6
2026.06.03	02:13:45.839		0.78778			4
2026.06.03	02:13:46.992	0.78771	0.78777			6
2026.06.03	02:13:47.689	0.78770	0.78778			6
2026.06.03	02:13:51.901	0.78771	0.78777			6
2026.06.03	02:13:52.945	0.78770	0.78778			6
2026.06.03	02:13:54.677		0.78780			4
2026.06.03	02:13:54.977		0.78779			4
2026.06.03	02:13:57.364	0.78771				2
2026.06.03	02:13:57.663		0.78780			4
2026.06.03	02:13:58.548		0.78779			4
2026.06.03	02:14:00.119	0.78771				2
2026.06.03	02:14:00.419	0.78770	0.78778			6
2026.06.03	02:14:00.719	0.78771	0.78777			6
2026.06.03	02:14:03.325	0.78769	0.78778			6
2026.06.03	02:14:04.612	0.78767	0.78774			6
2026.06.03	02:14:04.965	0.78768				2
2026.06.03	02:14:05.567	0.78767	0.78775			6
2026.06.03	02:14:06.015	0.78766				2
2026.06.03	02:14:12.277	0.78767				2
2026.06.03	02:14:15.091	0.78768	0.78774			6
2026.06.03	02:14:18.856		0.78775			4
2026.06.03	02:14:20.111		0.78774			4
2026.06.03	02:14:29.885	0.78769	0.78775			6
2026.06.03	02:15:00.193	0.78769				2
2026.06.03	02:15:00.996		0.78776			4
2026.06.03	02:15:06.259	0.78767	0.78777			6
2026.06.03	02:15:06.561	0.78768	0.78776			6
2026.06.03	02:15:11.729	0.78767				2
2026.06.03	02:15:14.716	0.78768				2
2026.06.03	02:15:15.942	0.78769				2
2026.06.03	02:15:17.473		0.78775			4
2026.06.03	02:15:24.234	0.78766	0.78774			6
2026.06.03	02:15:25.150	0.78765				2
2026.06.03	02:15:28.115	0.78766	0.78773			6
2026.06.03	02:15:29.577	0.78767				2
2026.06.03	02:15:29.878		0.78774			4
2026.06.03	02:15:31.242	0.78766				2
2026.06.03	02:15:40.430	0.78765	0.78773			6
2026.06.03	02:15:42.213	0.78766				2
2026.06.03	02:15:42.512		0.78774			4
2026.06.03	02:16:02.491	0.78766				2
2026.06.03	02:16:27.308	0.78765	0.78773			6
2026.06.03	02:16:29.970		0.78772			4
2026.06.03	02:16:30.446	0.78766	0.78773			6
2026.06.03	02:16:30.746		0.78774			4
2026.06.03	02:16:31.318		0.78773			4
2026.06.03	02:16:42.213		0.78774			4
2026.06.03	02:16:44.726	0.78767				2
2026.06.03	02:16:45.026	0.78768				2
2026.06.03	02:16:45.330	0.78769				2
2026.06.03	02:16:45.631	0.78768				2
2026.06.03	02:16:47.321	0.78770	0.78776			6
2026.06.03	02:16:47.623		0.78777			4
2026.06.03	02:16:48.437		0.78778			4
2026.06.03	02:16:48.742		0.78777			4
2026.06.03	02:16:49.041		0.78775			4
2026.06.03	02:16:49.342	0.78769	0.78777			6
2026.06.03	02:16:50.732	0.78770	0.78776			6
2026.06.03	02:16:51.333	0.78769				2
2026.06.03	02:16:52.371		0.78777			4
2026.06.03	02:16:53.756	0.78770				2
2026.06.03	02:16:54.057		0.78776			4
2026.06.03	02:16:54.972	0.78769				2
2026.06.03	02:16:58.006	0.78771	0.78778			6
2026.06.03	02:16:59.416		0.78776			4
2026.06.03	02:16:59.760	0.78770				2
2026.06.03	02:17:00.062	0.78771	0.78778			6
2026.06.03	02:17:00.753	0.78773	0.78782			6
2026.06.03	02:17:01.053		0.78781			4
2026.06.03	02:17:02.714	0.78772				2
2026.06.03	02:17:06.628		0.78780			4
2026.06.03	02:17:06.980		0.78781			4
2026.06.03	02:17:07.283		0.78780			4
2026.06.03	02:17:07.583		0.78781			4
2026.06.03	02:17:11.411	0.78773				2
2026.06.03	02:17:12.372	0.78772				2
2026.06.03	02:17:12.671	0.78773				2
2026.06.03	02:17:24.367		0.78780			4
2026.06.03	02:17:25.339		0.78781			4
2026.06.03	02:17:31.169	0.78772				2
2026.06.03	02:17:31.470		0.78780			4
2026.06.03	02:17:32.875		0.78781			4
2026.06.03	02:17:33.329		0.78780			4
2026.06.03	02:17:34.723		0.78781			4
2026.06.03	02:17:35.843		0.78780			4
2026.06.03	02:17:38.715	0.78771				2
2026.06.03	02:17:41.193		0.78779			4
2026.06.03	02:17:42.887	0.78772				2
2026.06.03	02:17:43.186	0.78775	0.78785			6
2026.06.03	02:17:43.788		0.78784			4
2026.06.03	02:17:45.593	0.78774				2
2026.06.03	02:17:46.194		0.78783			4
2026.06.03	02:17:50.190	0.78773	0.78782			6
2026.06.03	02:17:50.814	0.78775	0.78784			6
2026.06.03	02:17:51.114	0.78778				2
2026.06.03	02:17:52.049	0.78777				2
2026.06.03	02:17:52.350		0.78783			4
2026.06.03	02:17:52.825		0.78785			4
2026.06.03	02:17:53.125		0.78782			4
2026.06.03	02:17:53.426		0.78785			4
2026.06.03	02:17:55.367		0.78782			4
2026.06.03	02:17:55.965		0.78785			4
2026.06.03	02:17:56.266		0.78782			4
2026.06.03	02:17:56.567		0.78785			4
2026.06.03	02:18:00.967	0.78777				2
2026.06.03	02:18:01.267		0.78782			4
2026.06.03	02:18:01.870	0.78776	0.78784			6
2026.06.03	02:18:02.770		0.78783			4
2026.06.03	02:18:03.071		0.78784			4
2026.06.03	02:18:03.371	0.78777	0.78783			6
2026.06.03	02:18:04.049	0.78773	0.78780			6
2026.06.03	02:18:05.391	0.78774	0.78783			6
2026.06.03	02:18:09.230	0.78776	0.78784			6
2026.06.03	02:18:10.595	0.78777	0.78785			6
2026.06.03	02:18:10.894	0.78776				2
2026.06.03	02:18:12.177	0.78777				2
2026.06.03	02:18:12.777	0.78775	0.78784			6
2026.06.03	02:18:13.078		0.78785			4
2026.06.03	02:18:15.107	0.78776	0.78784			6
2026.06.03	02:18:16.581		0.78781			4
2026.06.03	02:18:16.880	0.78777	0.78783			6
2026.06.03	02:18:17.181	0.78774	0.78780			6
2026.06.03	02:18:18.083	0.78777	0.78782			6
2026.06.03	02:18:18.383	0.78775	0.78780			6
2026.06.03	02:18:18.983		0.78782			4
2026.06.03	02:18:28.474	0.78777	0.78784			6
2026.06.03	02:18:30.441	0.78776	0.78785			6
2026.06.03	02:18:37.185	0.78775				2
2026.06.03	02:18:40.711	0.78776	0.78786			6
2026.06.03	02:18:41.521		0.78785			4
2026.06.03	02:18:45.593		0.78786			4
2026.06.03	02:18:49.959		0.78783			4
2026.06.03	02:18:50.736		0.78786			4
2026.06.03	02:18:53.424	0.78777				2
2026.06.03	02:19:02.405	0.78777				2
2026.06.03	02:19:02.707		0.78785			4
2026.06.03	02:19:03.915		0.78786			4
2026.06.03	02:19:11.924		0.78784			4
2026.06.03	02:19:12.225		0.78785			4
2026.06.03	02:19:13.967		0.78786			4
2026.06.03	02:19:14.570		0.78785			4
2026.06.03	02:19:15.542		0.78786			4
2026.06.03	02:19:18.063		0.78785			4
2026.06.03	02:19:19.839		0.78786			4
2026.06.03	02:19:20.870		0.78785			4
2026.06.03	02:19:21.164		0.78786			4
2026.06.03	02:19:24.530	0.78776	0.78785			6
2026.06.03	02:19:25.132		0.78786			4
2026.06.03	02:19:25.465		0.78785			4
2026.06.03	02:19:26.649		0.78786			4
2026.06.03	02:19:27.551		0.78785			4
2026.06.03	02:19:28.007		0.78786			4
2026.06.03	02:19:30.879	0.78784	0.78792			6
2026.06.03	02:19:31.178	0.78785				2
2026.06.03	02:19:31.478		0.78791			4
2026.06.03	02:19:32.122		0.78792			4
2026.06.03	02:19:32.612		0.78791			4
2026.06.03	02:19:33.692		0.78792			4
2026.06.03	02:19:36.587	0.78784				2
2026.06.03	02:19:36.888	0.78785				2
2026.06.03	02:19:37.197	0.78784				2
2026.06.03	02:19:39.610	0.78785	0.78793			6
2026.06.03	02:19:44.941	0.78786	0.78794			6
2026.06.03	02:19:47.492	0.78787				2
2026.06.03	02:19:49.655	0.78786				2
2026.06.03	02:19:55.587		0.78792			4
2026.06.03	02:19:56.621		0.78791			4
2026.06.03	02:19:56.921		0.78792			4
2026.06.03	02:19:57.674		0.78794			4
2026.06.03	02:19:58.274		0.78793			4
2026.06.03	02:19:58.576	0.78784	0.78791			6
2026.06.03	02:19:59.781	0.78785	0.78793			6
2026.06.03	02:20:00.081	0.78786				2
2026.06.03	02:20:00.681		0.78794			4
2026.06.03	02:20:00.981		0.78792			4
2026.06.03	02:20:01.582		0.78794			4
2026.06.03	02:20:02.666	0.78784	0.78792			6
2026.06.03	02:20:05.099	0.78783	0.78791			6
2026.06.03	02:20:07.731	0.78784	0.78789			6
2026.06.03	02:20:08.330	0.78783	0.78790			6
2026.06.03	02:20:08.629	0.78784				2
2026.06.03	02:20:08.931	0.78785	0.78791			6
2026.06.03	02:20:10.000	0.78786				2
2026.06.03	02:20:11.033	0.78785				2
2026.06.03	02:20:15.982	0.78787	0.78793			6
2026.06.03	02:20:16.367	0.78786				2
2026.06.03	02:20:16.667	0.78787				2
2026.06.03	02:20:18.659	0.78786				2
2026.06.03	02:20:18.959	0.78787	0.78794			6
2026.06.03	02:20:22.751	0.78788				2
2026.06.03	02:20:23.045		0.78795			4
2026.06.03	02:20:25.492		0.78796			4
2026.06.03	02:20:28.982		0.78797			4
2026.06.03	02:20:31.163	0.78789				2
2026.06.03	02:20:34.242	0.78790				2
2026.06.03	02:20:34.542	0.78789				2
2026.06.03	02:20:37.640	0.78788	0.78796			6
2026.06.03	02:20:37.940	0.78789				2
2026.06.03	02:20:45.164	0.78788				2
2026.06.03	02:20:48.215	0.78787				2
2026.06.03	02:20:49.507	0.78788				2
2026.06.03	02:20:51.901	0.78787				2
2026.06.03	02:20:55.641		0.78794			4
2026.06.03	02:20:56.322	0.78786				2
2026.06.03	02:20:56.923	0.78784	0.78793			6
2026.06.03	02:20:57.224	0.78785				2
2026.06.03	02:20:57.523	0.78786				2
2026.06.03	02:20:57.826	0.78787				2
2026.06.03	02:20:59.428	0.78786				2
2026.06.03	02:20:59.727		0.78795			4
2026.06.03	02:21:00.027	0.78786				2
2026.06.03	02:21:01.543		0.78794			4
2026.06.03	02:21:01.843	0.78789				2
2026.06.03	02:21:02.144	0.78786	0.78792			6
2026.06.03	02:21:03.347	0.78789	0.78795			6
2026.06.03	02:21:03.948	0.78786	0.78792			6
2026.06.03	02:21:04.248		0.78795			4
2026.06.03	02:21:09.688		0.78794			4
2026.06.03	02:21:10.027	0.78785				2
2026.06.03	02:21:10.328	0.78788	0.78796			6
2026.06.03	02:21:10.628	0.78789	0.78797			6
2026.06.03	02:21:19.236		0.78796			4
2026.06.03	02:21:20.743		0.78797			4
2026.06.03	02:21:21.721		0.78796			4
2026.06.03	02:21:22.021		0.78797			4
2026.06.03	02:21:22.321		0.78796			4
2026.06.03	02:21:23.041		0.78797			4
2026.06.03	02:21:23.960	0.78788	0.78795			6
2026.06.03	02:21:24.260		0.78796			4
2026.06.03	02:21:29.800	0.78789	0.78797			6
2026.06.03	02:21:37.662	0.78790				2
2026.06.03	02:21:40.662	0.78791				2
2026.06.03	02:21:43.354	0.78792	0.78798			6
2026.06.03	02:21:43.955	0.78791	0.78799			6
2026.06.03	02:21:44.948		0.78798			4
2026.06.03	02:21:46.161		0.78799			4
2026.06.03	02:21:47.141	0.78792				2
2026.06.03	02:21:48.497		0.78800			4
2026.06.03	02:21:48.798	0.78793	0.78802			6
2026.06.03	02:21:49.101	0.78794	0.78800			6
2026.06.03	02:21:49.400	0.78796	0.78803			6
2026.06.03	02:21:49.700	0.78797				2
2026.06.03	02:21:50.720		0.78805			4
2026.06.03	02:21:52.889		0.78804			4
2026.06.03	02:21:53.299		0.78805			4
2026.06.03	02:21:53.600		0.78804			4
2026.06.03	02:21:53.901		0.78805			4
2026.06.03	02:21:54.502		0.78804			4
2026.06.03	02:21:54.803	0.78796	0.78805			6
2026.06.03	02:21:56.658	0.78797	0.78806			6
2026.06.03	02:21:56.959		0.78805			4
2026.06.03	02:21:58.918	0.78796				2
2026.06.03	02:21:59.219		0.78803			4
2026.06.03	02:22:00.295	0.78795	0.78804			6
2026.06.03	02:22:00.596	0.78797	0.78802			6
2026.06.03	02:22:01.857	0.78796				2
2026.06.03	02:22:02.457		0.78803			4
2026.06.03	02:22:03.057	0.78798				2
2026.06.03	02:22:03.358		0.78804			4
2026.06.03	02:22:04.457	0.78797				2
2026.06.03	02:22:07.446	0.78795	0.78801			6
2026.06.03	02:22:11.515	0.78796				2
2026.06.03	02:22:11.814	0.78797	0.78802			6
2026.06.03	02:22:12.491	0.78796				2
2026.06.03	02:22:12.791		0.78803			4
2026.06.03	02:22:13.091	0.78797	0.78802			6
2026.06.03	02:22:14.074		0.78803			4
2026.06.03	02:22:14.375	0.78796	0.78802			6
2026.06.03	02:22:15.522		0.78803			4
2026.06.03	02:22:16.702	0.78797	0.78804			6
2026.06.03	02:22:19.251	0.78798	0.78803			6
2026.06.03	02:22:23.561		0.78804			4
2026.06.03	02:22:31.277		0.78803			4
2026.06.03	02:22:32.401		0.78804			4
2026.06.03	02:22:35.301		0.78803			4
2026.06.03	02:22:36.099	0.78797				2
2026.06.03	02:22:37.634	0.78795	0.78801			6
2026.06.03	02:22:37.934		0.78802			4
2026.06.03	02:22:39.692		0.78801			4
2026.06.03	02:22:40.433		0.78802			4
2026.06.03	02:22:42.692	0.78796				2
2026.06.03	02:22:43.974	0.78794	0.78800			6
2026.06.03	02:22:56.133	0.78792				2
2026.06.03	02:22:57.033	0.78791				2
2026.06.03	02:22:57.333	0.78792				2
2026.06.03	02:22:57.633	0.78794				2
2026.06.03	02:22:58.816	0.78793	0.78801			6
2026.06.03	02:23:01.144	0.78793				2
2026.06.03	02:23:01.958	0.78792	0.78800			6
2026.06.03	02:23:06.991	0.78790	0.78798			6
2026.06.03	02:23:08.549	0.78792	0.78800			6
2026.06.03	02:23:09.732	0.78793				2
2026.06.03	02:23:10.033	0.78792				2
2026.06.03	02:23:12.510	0.78793				2
2026.06.03	02:23:13.499	0.78792				2
2026.06.03	02:23:16.187	0.78793				2
2026.06.03	02:23:19.970	0.78794				2
2026.06.03	02:23:23.502	0.78793	0.78801			6
2026.06.03	02:23:28.364	0.78794	0.78800			6
2026.06.03	02:23:37.817	0.78792	0.78801			6
2026.06.03	02:23:40.789	0.78794	0.78800			6
2026.06.03	02:23:55.223	0.78795	0.78801			6
2026.06.03	02:23:55.523		0.78802			4
2026.06.03	02:23:55.823		0.78801			4
2026.06.03	02:23:57.537	0.78794				2
2026.06.03	02:23:57.836		0.78800			4
2026.06.03	02:23:58.569	0.78795	0.78801			6
2026.06.03	02:23:59.791	0.78794				2
2026.06.03	02:24:00.091	0.78794	0.78800			6
2026.06.03	02:24:00.392	0.78796	0.78804			6
2026.06.03	02:24:01.417	0.78797				2
2026.06.03	02:24:01.718	0.78796				2
2026.06.03	02:24:07.558	0.78797				2
2026.06.03	02:24:10.126		0.78805			4
2026.06.03	02:24:10.426		0.78804			4
2026.06.03	02:24:10.727		0.78805			4
2026.06.03	02:24:11.027		0.78804			4
2026.06.03	02:24:13.023		0.78805			4
2026.06.03	02:24:15.426	0.78796	0.78804			6
2026.06.03	02:24:21.346	0.78797				2
2026.06.03	02:24:24.158		0.78805			4
2026.06.03	02:24:25.404		0.78804			4
2026.06.03	02:24:29.107	0.78796	0.78803			6
2026.06.03	02:24:31.992	0.78795	0.78804			6
2026.06.03	02:24:33.507		0.78802			4
2026.06.03	02:24:35.408	0.78792	0.78798			6
2026.06.03	02:24:36.008	0.78793	0.78800			6
2026.06.03	02:24:36.609	0.78794				2
2026.06.03	02:24:38.422	0.78793				2
2026.06.03	02:24:39.361		0.78801			4
2026.06.03	02:24:42.004	0.78797	0.78805			6
2026.06.03	02:24:42.304		0.78804			4
2026.06.03	02:24:45.178		0.78803			4
2026.06.03	02:24:47.448	0.78796	0.78804			6
2026.06.03	02:24:50.359		0.78803			4
2026.06.03	02:24:50.733		0.78804			4
2026.06.03	02:24:52.077		0.78803			4
2026.06.03	02:24:52.587		0.78804			4
2026.06.03	02:24:53.180		0.78803			4
2026.06.03	02:24:54.381		0.78804			4
2026.06.03	02:24:56.336	0.78797				2
2026.06.03	02:24:56.636	0.78796				2
2026.06.03	02:24:58.233	0.78797				2
2026.06.03	02:24:59.208		0.78803			4
2026.06.03	02:25:00.312	0.78797	0.78804			6
2026.06.03	02:25:00.613		0.78805			4
2026.06.03	02:25:02.420		0.78804			4
2026.06.03	02:25:06.668	0.78796				2
2026.06.03	02:25:07.651	0.78797	0.78805			6
2026.06.03	02:25:07.951		0.78804			4
2026.06.03	02:25:08.587		0.78803			4
2026.06.03	02:25:11.511	0.78796	0.78804			6
2026.06.03	02:25:16.580	0.78797				2
2026.06.03	02:25:18.529		0.78805			4
2026.06.03	02:25:20.840	0.78798	0.78806			6
2026.06.03	02:25:21.441	0.78799				2
2026.06.03	02:25:21.741	0.78797	0.78804			6
2026.06.03	02:25:22.797		0.78805			4
2026.06.03	02:25:26.450		0.78804			4
2026.06.03	02:25:27.632	0.78796	0.78803			6
2026.06.03	02:25:28.796	0.78797				2
2026.06.03	02:25:34.533		0.78805			4
2026.06.03	02:25:35.545		0.78804			4
2026.06.03	02:25:37.234		0.78805			4
2026.06.03	02:25:37.534		0.78804			4
2026.06.03	02:25:43.778		0.78806			4
2026.06.03	02:25:44.078		0.78804			4
2026.06.03	02:25:44.785		0.78805			4
2026.06.03	02:25:46.198	0.78800	0.78806			6
2026.06.03	02:25:49.056	0.78798	0.78804			6
2026.06.03	02:25:49.356	0.78797				2
2026.06.03	02:25:49.981		0.78805			4
2026.06.03	02:25:50.580		0.78804			4
