<DATE>	<TIME>	<BID>	<ASK>	<LAST>	<VOLUME>	<FLAGS>
2026.03.24	00:03:30.284	0.78616	0.78651			6
2026.03.24	00:04:00.216	0.78616				2
2026.03.24	00:04:32.962		0.78651			4
2026.03.24	00:05:03.962	0.78616				2
2026.03.24	00:05:04.264	0.78603	0.78645			6
2026.03.24	00:05:05.444	0.78607				2
2026.03.24	00:05:05.745	0.78618				2
2026.03.24	00:05:08.650	0.78613				2
2026.03.24	00:06:11.948	0.78613	0.78645			6
2026.03.24	00:06:19.748		0.78646			4
2026.03.24	00:06:24.220		0.78645			4
2026.03.24	00:06:52.158	0.78618				2
2026.03.24	00:06:53.660	0.78607				2
2026.03.24	00:06:54.268	0.78613				2
2026.03.24	00:07:00.562	0.78613				2
2026.03.24	00:07:30.562		0.78645			4
2026.03.24	00:08:06.031	0.78613				2
2026.03.24	00:08:39.748		0.78645			4
2026.03.24	00:09:03.973	0.78613	0.78647			6
2026.03.24	00:10:00.072	0.78604				2
2026.03.24	00:10:03.976		0.78647			4
2026.03.24	00:10:04.277		0.78648			4
2026.03.24	00:10:12.010	0.78582	0.78641			6
2026.03.24	00:11:00.168	0.78582				2
2026.03.24	00:11:12.207		0.78641			4
2026.03.24	00:12:00.051	0.78582				2
2026.03.24	00:12:12.382		0.78641			4
2026.03.24	00:12:46.401	0.78590	0.78649			6
2026.03.24	00:12:48.504	0.78582	0.78641			6
2026.03.24	00:13:00.233	0.78582				2
2026.03.24	00:13:48.654		0.78641			4
2026.03.24	00:14:00.097	0.78582				2
2026.03.24	00:14:48.822		0.78641			4
2026.03.24	00:15:00.249	0.78582				2
2026.03.24	00:15:48.992		0.78641			4
2026.03.24	00:16:00.129	0.78582				2
2026.03.24	00:16:07.654	0.78574	0.78645			6
2026.03.24	00:16:08.259	0.78582	0.78641			6
2026.03.24	00:16:09.459	0.78581				2
2026.03.24	00:16:12.471		0.78642			4
2026.03.24	00:16:24.811		0.78640			4
2026.03.24	00:17:00.027	0.78581				2
2026.03.24	00:17:24.990		0.78640			4
2026.03.24	00:17:25.292	0.78580	0.78639			6
2026.03.24	00:18:00.199	0.78580				2
2026.03.24	00:18:11.943		0.78642			4
2026.03.24	00:18:16.148	0.78583				2
2026.03.24	00:18:21.863	0.78580	0.78643			6
2026.03.24	00:18:24.573	0.78581	0.78640			6
2026.03.24	00:19:00.093	0.78581				2
2026.03.24	00:19:24.779		0.78640			4
2026.03.24	00:20:00.276	0.78584	0.78643			6
2026.03.24	00:20:15.925	0.78585	0.78644			6
2026.03.24	00:20:28.559	0.78584	0.78643			6
2026.03.24	00:21:00.149	0.78584				2
2026.03.24	00:21:28.752		0.78643			4
2026.03.24	00:22:00.059	0.78584				2
2026.03.24	00:22:28.938		0.78643			4
2026.03.24	00:22:44.595	0.78599	0.78644			6
2026.03.24	00:23:00.562	0.78599				2
2026.03.24	00:23:43.787		0.78646			4
2026.03.24	00:23:52.815		0.78645			4
2026.03.24	00:23:56.417		0.78646			4
2026.03.24	00:24:00.014	0.78599				2
2026.03.24	00:24:00.617		0.78647			4
2026.03.24	00:24:36.749		0.78646			4
2026.03.24	00:24:49.149		0.78647			4
2026.03.24	00:24:59.103		0.78646			4
2026.03.24	00:25:01.813	0.78599				2
2026.03.24	00:25:15.322		0.78644			4
2026.03.24	00:25:26.107		0.78643			4
2026.03.24	00:25:41.952		0.78644			4
2026.03.24	00:26:00.022	0.78599				2
2026.03.24	00:26:14.861		0.78639			4
2026.03.24	00:27:01.813	0.78599				2
2026.03.24	00:27:20.562		0.78639			4
2026.03.24	00:27:25.008		0.78637			4
2026.03.24	00:27:26.161		0.78635			4
2026.03.24	00:27:39.080		0.78636			4
2026.03.24	00:27:54.033		0.78635			4
2026.03.24	00:28:05.009	0.78599				2
2026.03.24	00:28:05.310	0.78623	0.78637			6
2026.03.24	00:28:05.611	0.78599				2
2026.03.24	00:28:05.918	0.78623				2
2026.03.24	00:28:06.219	0.78599				2
2026.03.24	00:28:06.520	0.78623				2
2026.03.24	00:28:06.820	0.78599				2
2026.03.24	00:28:07.121	0.78623				2
2026.03.24	00:28:07.424	0.78599				2
2026.03.24	00:28:07.725	0.78623				2
2026.03.24	00:28:08.025	0.78599				2
2026.03.24	00:28:08.325	0.78623				2
2026.03.24	00:28:08.625	0.78599				2
2026.03.24	00:28:09.293		0.78635			4
2026.03.24	00:28:14.865		0.78637			4
2026.03.24	00:28:26.161		0.78635			4
2026.03.24	00:28:37.409		0.78634			4
2026.03.24	00:28:37.708		0.78633			4
2026.03.24	00:28:51.155		0.78634			4
2026.03.24	00:29:00.563	0.78599				2
2026.03.24	00:29:01.467		0.78633			4
2026.03.24	00:29:02.078		0.78634			4
2026.03.24	00:29:03.968		0.78633			4
2026.03.24	00:29:09.017	0.78598				2
2026.03.24	00:29:41.454		0.78634			4
2026.03.24	00:29:51.160		0.78633			4
2026.03.24	00:29:59.101	0.78601				2
2026.03.24	00:30:00.075	0.78601				2
2026.03.24	00:30:00.377		0.78634			4
2026.03.24	00:30:08.725		0.78635			4
2026.03.24	00:30:13.793		0.78634			4
2026.03.24	00:30:26.458		0.78630			4
2026.03.24	00:30:31.655		0.78632			4
2026.03.24	00:30:33.936		0.78633			4
2026.03.24	00:30:34.238		0.78631			4
2026.03.24	00:30:41.947		0.78634			4
2026.03.24	00:30:43.387		0.78633			4
2026.03.24	00:30:57.226		0.78629			4
2026.03.24	00:30:58.400		0.78631			4
2026.03.24	00:31:03.589	0.78601				2
2026.03.24	00:31:03.891		0.78630			4
2026.03.24	00:31:17.980		0.78632			4
2026.03.24	00:31:22.392		0.78631			4
2026.03.24	00:31:33.355		0.78630			4
2026.03.24	00:31:41.431		0.78633			4
2026.03.24	00:31:45.508		0.78632			4
2026.03.24	00:31:48.454		0.78633			4
2026.03.24	00:31:59.101	0.78602				2
2026.03.24	00:32:01.513	0.78602				2
2026.03.24	00:32:20.813		0.78635			4
2026.03.24	00:32:21.113		0.78637			4
2026.03.24	00:32:23.259		0.78636			4
2026.03.24	00:32:26.455		0.78634			4
2026.03.24	00:32:27.408		0.78633			4
2026.03.24	00:32:36.853		0.78626			4
2026.03.24	00:32:38.115		0.78625			4
2026.03.24	00:32:40.539		0.78626			4
2026.03.24	00:32:41.455		0.78625			4
2026.03.24	00:32:56.454		0.78624			4
2026.03.24	00:33:01.212	0.78602				2
2026.03.24	00:33:05.803		0.78625			4
2026.03.24	00:33:09.819		0.78624			4
2026.03.24	00:33:13.515		0.78633			4
2026.03.24	00:33:15.308		0.78624			4
2026.03.24	00:33:15.611		0.78623			4
2026.03.24	00:33:21.317		0.78630			4
2026.03.24	00:33:21.617		0.78634			4
2026.03.24	00:33:21.917		0.78633			4
2026.03.24	00:33:32.552		0.78632			4
2026.03.24	00:33:37.791		0.78631			4
2026.03.24	00:33:38.093		0.78623			4
2026.03.24	00:33:40.515		0.78633			4
2026.03.24	00:33:41.116		0.78632			4
2026.03.24	00:33:41.416		0.78623			4
2026.03.24	00:33:42.313		0.78622			4
2026.03.24	00:33:43.728		0.78623			4
2026.03.24	00:33:45.013		0.78622			4
2026.03.24	00:33:47.714		0.78623			4
2026.03.24	00:33:51.249		0.78633			4
2026.03.24	00:33:55.936		0.78632			4
2026.03.24	00:33:56.237		0.78622			4
2026.03.24	00:33:59.335		0.78631			4
2026.03.24	00:34:00.562	0.78602				2
2026.03.24	00:34:02.825		0.78640			4
2026.03.24	00:34:21.450		0.78639			4
2026.03.24	00:34:22.450		0.78640			4
2026.03.24	00:34:28.742		0.78639			4
2026.03.24	00:34:31.450		0.78627			4
2026.03.24	00:34:32.392		0.78626			4
2026.03.24	00:34:34.910		0.78641			4
2026.03.24	00:34:45.422		0.78630			4
2026.03.24	00:34:49.814		0.78629			4
2026.03.24	00:34:54.014		0.78628			4
2026.03.24	00:34:54.639		0.78641			4
2026.03.24	00:35:01.214	0.78602				2
2026.03.24	00:35:06.291		0.78640			4
2026.03.24	00:35:06.592		0.78641			4
2026.03.24	00:35:19.302		0.78633			4
2026.03.24	00:35:23.568		0.78625			4
2026.03.24	00:35:24.651		0.78624			4
2026.03.24	00:35:26.073		0.78629			4
2026.03.24	00:35:30.077		0.78625			4
2026.03.24	00:35:33.617		0.78624			4
2026.03.24	00:35:35.217		0.78629			4
2026.03.24	00:35:36.119		0.78630			4
2026.03.24	00:35:42.313		0.78631			4
2026.03.24	00:35:45.316		0.78625			4
2026.03.24	00:36:00.355	0.78602				2
2026.03.24	00:36:00.655		0.78634			4
2026.03.24	00:36:05.796	0.78604				2
2026.03.24	00:36:13.601		0.78635			4
2026.03.24	00:36:13.903		0.78627			4
2026.03.24	00:36:15.953	0.78602				2
2026.03.24	00:36:16.937	0.78605	0.78641			6
2026.03.24	00:36:17.237	0.78606				2
2026.03.24	00:36:22.811	0.78607				2
2026.03.24	00:36:23.112		0.78630			4
2026.03.24	00:36:23.411		0.78637			4
2026.03.24	00:36:26.763	0.78606				2
2026.03.24	00:36:27.063		0.78638			4
2026.03.24	00:36:31.362	0.78607				2
2026.03.24	00:36:31.662	0.78608				2
2026.03.24	00:36:35.447	0.78605				2
2026.03.24	00:36:36.549	0.78607				2
2026.03.24	00:36:37.648	0.78605				2
2026.03.24	00:36:38.747	0.78607				2
2026.03.24	00:36:39.848	0.78605				2
2026.03.24	00:36:40.949	0.78607				2
2026.03.24	00:36:42.277	0.78604				2
2026.03.24	00:36:43.151	0.78607				2
2026.03.24	00:36:44.248	0.78604				2
2026.03.24	00:36:45.267		0.78640			4
2026.03.24	00:36:45.570	0.78607				2
2026.03.24	00:36:46.448	0.78604				2
2026.03.24	00:36:47.547	0.78607				2
2026.03.24	00:36:48.648	0.78604				2
2026.03.24	00:36:49.748	0.78607				2
2026.03.24	00:36:50.847	0.78604				2
2026.03.24	00:36:51.949	0.78607				2
2026.03.24	00:36:53.124	0.78604				2
2026.03.24	00:36:54.148	0.78607				2
2026.03.24	00:36:54.449		0.78630			4
2026.03.24	00:36:54.750		0.78639			4
2026.03.24	00:36:55.248	0.78604				2
2026.03.24	00:36:56.349	0.78607				2
2026.03.24	00:36:57.448	0.78604				2
2026.03.24	00:36:58.643	0.78607	0.78640			6
2026.03.24	00:36:59.654	0.78604				2
2026.03.24	00:37:00.749	0.78607				2
2026.03.24	00:37:01.351		0.78641			4
2026.03.24	00:37:01.848	0.78604				2
2026.03.24	00:37:02.948	0.78607				2
2026.03.24	00:37:04.048	0.78604				2
2026.03.24	00:37:05.150	0.78607				2
2026.03.24	00:37:05.451		0.78632			4
2026.03.24	00:37:05.752		0.78631			4
2026.03.24	00:37:06.247	0.78604				2
2026.03.24	00:37:06.549		0.78630			4
2026.03.24	00:37:07.348	0.78607				2
2026.03.24	00:37:07.651		0.78629			4
2026.03.24	00:37:08.450	0.78603				2
2026.03.24	00:37:09.549	0.78607				2
2026.03.24	00:37:10.648	0.78603				2
2026.03.24	00:37:11.749	0.78607				2
2026.03.24	00:37:12.051		0.78633			4
2026.03.24	00:37:12.848	0.78603				2
2026.03.24	00:37:13.948	0.78607				2
2026.03.24	00:37:14.419		0.78634			4
2026.03.24	00:37:14.725		0.78641			4
2026.03.24	00:37:15.047	0.78604				2
2026.03.24	00:37:16.149	0.78607				2
2026.03.24	00:37:16.649	0.78606				2
2026.03.24	00:37:17.251	0.78603				2
2026.03.24	00:37:18.348	0.78606				2
2026.03.24	00:37:19.449	0.78603				2
2026.03.24	00:37:20.113		0.78640			4
2026.03.24	00:37:20.548	0.78606				2
2026.03.24	00:37:21.649	0.78603				2
2026.03.24	00:37:22.749	0.78606				2
2026.03.24	00:37:23.848	0.78603				2
2026.03.24	00:37:24.155		0.78631			4
2026.03.24	00:37:24.454		0.78639			4
2026.03.24	00:37:24.947	0.78606				2
2026.03.24	00:37:25.249		0.78640			4
2026.03.24	00:37:26.048	0.78603				2
2026.03.24	00:37:27.150	0.78606				2
2026.03.24	00:37:47.940		0.78641			4
2026.03.24	00:38:04.004	0.78606				2
2026.03.24	00:38:19.814		0.78640			4
2026.03.24	00:38:24.313		0.78641			4
2026.03.24	00:38:28.078		0.78642			4
2026.03.24	00:38:28.382		0.78639			4
2026.03.24	00:38:28.983		0.78641			4
2026.03.24	00:39:00.667	0.78606				2
2026.03.24	00:39:02.524		0.78642			4
2026.03.24	00:39:07.230		0.78643			4
2026.03.24	00:39:12.288		0.78642			4
2026.03.24	00:39:14.410		0.78643			4
2026.03.24	00:39:27.187		0.78642			4
2026.03.24	00:39:40.863		0.78641			4
2026.03.24	00:39:48.743		0.78640			4
2026.03.24	00:39:50.420	0.78604				2
2026.03.24	00:39:50.720	0.78603	0.78639			6
2026.03.24	00:39:51.022	0.78602				2
2026.03.24	00:39:51.323		0.78631			4
2026.03.24	00:39:56.722		0.78632			4
2026.03.24	00:39:58.769	0.78605				2
2026.03.24	00:40:08.571	0.78604				2
2026.03.24	00:40:08.871	0.78602				2
2026.03.24	00:40:16.637	0.78606				2
2026.03.24	00:40:22.157	0.78604				2
2026.03.24	00:40:22.457		0.78630			4
2026.03.24	00:40:23.058	0.78605	0.78641			6
2026.03.24	00:40:25.267	0.78602				2
2026.03.24	00:40:38.735	0.78605				2
2026.03.24	00:40:39.035		0.78633			4
2026.03.24	00:40:39.337	0.78604	0.78632			6
2026.03.24	00:40:42.257	0.78602				2
2026.03.24	00:40:43.813		0.78633			4
2026.03.24	00:40:52.513		0.78640			4
2026.03.24	00:40:53.113	0.78604				2
2026.03.24	00:40:55.073	0.78602	0.78631			6
2026.03.24	00:40:55.802		0.78632			4
2026.03.24	00:41:01.153	0.78602				2
2026.03.24	00:41:01.454		0.78629			4
2026.03.24	00:41:16.957	0.78604	0.78642			6
2026.03.24	00:41:17.257	0.78602				2
2026.03.24	00:41:25.213		0.78643			4
2026.03.24	00:41:59.176	0.78588				2
2026.03.24	00:42:00.531	0.78588				2
2026.03.24	00:42:00.840		0.78642			4
2026.03.24	00:42:07.537		0.78643			4
2026.03.24	00:42:10.512		0.78644			4
2026.03.24	00:42:15.599		0.78643			4
2026.03.24	00:42:17.000		0.78642			4
2026.03.24	00:42:28.813		0.78641			4
2026.03.24	00:42:30.902		0.78642			4
2026.03.24	00:42:34.717		0.78641			4
2026.03.24	00:42:43.213		0.78642			4
2026.03.24	00:42:45.903		0.78641			4
2026.03.24	00:42:46.204		0.78643			4
2026.03.24	00:42:46.806	0.78606	0.78644			6
2026.03.24	00:43:00.562	0.78606				2
2026.03.24	00:43:00.863	0.78607				2
2026.03.24	00:43:11.936	0.78606				2
2026.03.24	00:43:27.624	0.78607				2
2026.03.24	00:43:40.075	0.78606				2
2026.03.24	00:43:40.377	0.78605				2
2026.03.24	00:43:48.442		0.78644			4
2026.03.24	00:44:01.641	0.78605				2
2026.03.24	00:44:01.941	0.78607				2
2026.03.24	00:44:45.714	0.78608				2
2026.03.24	00:44:50.668		0.78644			4
2026.03.24	00:44:55.310	0.78607				2
2026.03.24	00:44:56.587	0.78605				2
2026.03.24	00:45:00.562	0.78605				2
2026.03.24	00:45:03.077	0.78598				2
2026.03.24	00:45:03.378	0.78615	0.78674			6
2026.03.24	00:45:06.703	0.78605	0.78644			6
2026.03.24	00:45:10.953	0.78604				2
2026.03.24	00:45:25.152	0.78607				2
2026.03.24	00:45:36.590	0.78605				2
2026.03.24	00:46:02.100	0.78605				2
2026.03.24	00:46:06.313	0.78606				2
2026.03.24	00:46:09.455	0.78605	0.78644			6
2026.03.24	00:46:17.155	0.78604				2
2026.03.24	00:46:20.562		0.78643			4
2026.03.24	00:46:39.997	0.78605				2
2026.03.24	00:46:40.597	0.78604				2
2026.03.24	00:46:51.152	0.78605				2
2026.03.24	00:46:51.453	0.78608				2
2026.03.24	00:46:54.592	0.78607				2
2026.03.24	00:46:55.191	0.78606				2
2026.03.24	00:47:01.230	0.78606				2
2026.03.24	00:47:01.531	0.78605				2
2026.03.24	00:47:03.105	0.78599	0.78644			6
2026.03.24	00:47:03.405	0.78613	0.78672			6
2026.03.24	00:47:06.424	0.78605	0.78643			6
2026.03.24	00:47:13.083	0.78611				2
2026.03.24	00:47:28.813	0.78610				2
2026.03.24	00:47:31.378		0.78644			4
2026.03.24	00:47:33.224	0.78608				2
2026.03.24	00:47:33.526	0.78610				2
2026.03.24	00:47:41.153	0.78609				2
2026.03.24	00:47:41.454	0.78605				2
2026.03.24	00:47:47.066	0.78606				2
2026.03.24	00:47:47.366	0.78604				2
2026.03.24	00:47:57.844		0.78643			4
2026.03.24	00:47:58.144	0.78612				2
2026.03.24	00:48:09.016	0.78612				2
2026.03.24	00:48:58.507	0.78610	0.78643			6
2026.03.24	00:48:58.808	0.78605				2
2026.03.24	00:48:59.109	0.78604				2
2026.03.24	00:49:00.231	0.78604				2
2026.03.24	00:49:02.235	0.78605				2
2026.03.24	00:49:07.813	0.78606				2
2026.03.24	00:49:13.213	0.78605				2
2026.03.24	00:49:18.313	0.78604				2
2026.03.24	00:49:24.313	0.78605				2
2026.03.24	00:49:34.986		0.78644			4
2026.03.24	00:49:35.286	0.78610				2
2026.03.24	00:49:44.693	0.78609				2
2026.03.24	00:50:00.120	0.78609	0.78640			6
2026.03.24	00:50:15.713		0.78639			4
2026.03.24	00:50:16.013	0.78608				2
2026.03.24	00:50:16.976		0.78640			4
2026.03.24	00:50:17.276	0.78607				2
2026.03.24	00:50:18.093	0.78605				2
2026.03.24	00:50:27.300	0.78606				2
2026.03.24	00:50:29.154	0.78608				2
2026.03.24	00:50:55.334	0.78609				2
2026.03.24	00:51:00.562	0.78609				2
2026.03.24	00:51:20.668		0.78640			4
2026.03.24	00:51:21.253	0.78610				2
2026.03.24	00:51:23.366	0.78611				2
2026.03.24	00:51:32.161	0.78612				2
2026.03.24	00:51:33.094	0.78610				2
2026.03.24	00:52:02.525	0.78610				2
2026.03.24	00:52:05.543	0.78609				2
2026.03.24	00:52:21.154	0.78608	0.78640			6
2026.03.24	00:52:21.455	0.78609				2
2026.03.24	00:52:27.162		0.78639			4
2026.03.24	00:52:27.463	0.78611				2
2026.03.24	00:52:27.763	0.78603				2
2026.03.24	00:52:28.451	0.78602				2
2026.03.24	00:52:28.751	0.78603	0.78640			6
2026.03.24	00:52:36.063	0.78604				2
2026.03.24	00:52:38.845	0.78603				2
2026.03.24	00:52:40.816	0.78602				2
2026.03.24	00:52:48.855	0.78601				2
2026.03.24	00:52:49.160	0.78610				2
2026.03.24	00:52:50.862	0.78611				2
2026.03.24	00:52:51.164	0.78602				2
2026.03.24	00:52:53.145	0.78601				2
2026.03.24	00:52:53.447	0.78602				2
2026.03.24	00:52:57.710	0.78603				2
2026.03.24	00:52:58.010	0.78610				2
2026.03.24	00:53:04.638	0.78610				2
2026.03.24	00:53:08.764		0.78639			4
2026.03.24	00:53:24.100	0.78605				2
2026.03.24	00:53:24.702	0.78603				2
2026.03.24	00:53:28.741	0.78604				2
2026.03.24	00:53:30.025	0.78603				2
2026.03.24	00:53:30.325	0.78604				2
2026.03.24	00:53:30.925	0.78603				2
2026.03.24	00:53:34.636	0.78604				2
2026.03.24	00:53:43.259	0.78603				2
2026.03.24	00:53:43.558	0.78604				2
2026.03.24	00:53:58.288	0.78603				2
2026.03.24	00:54:00.072	0.78602				2
2026.03.24	00:54:00.372	0.78603				2
2026.03.24	00:54:00.742	0.78602				2
2026.03.24	00:54:01.042	0.78603				2
2026.03.24	00:54:01.342	0.78610				2
2026.03.24	00:54:01.645	0.78611				2
2026.03.24	00:54:03.313	0.78610				2
2026.03.24	00:54:07.510	0.78611				2
2026.03.24	00:54:09.438		0.78639			4
2026.03.24	00:54:10.042	0.78610				2
2026.03.24	00:54:11.641	0.78604				2
2026.03.24	00:54:11.941	0.78602				2
2026.03.24	00:54:16.682	0.78601				2
2026.03.24	00:54:22.800	0.78602				2
2026.03.24	00:54:26.143	0.78603				2
2026.03.24	00:54:26.443	0.78610				2
2026.03.24	00:54:38.464	0.78602				2
2026.03.24	00:54:53.468	0.78601				2
2026.03.24	00:55:00.015	0.78601	0.78644			6
2026.03.24	00:55:03.985	0.78602				2
2026.03.24	00:55:04.590	0.78603				2
2026.03.24	00:55:08.166	0.78602				2
2026.03.24	00:55:09.257	0.78596				2
2026.03.24	00:55:09.558	0.78602				2
2026.03.24	00:55:14.969	0.78610				2
2026.03.24	00:55:32.704	0.78604				2
2026.03.24	00:55:51.356	0.78603				2
2026.03.24	00:56:00.079	0.78603	0.78644			6
2026.03.24	00:56:01.277	0.78609				2
2026.03.24	00:56:01.874	0.78610				2
2026.03.24	00:56:03.385	0.78611				2
2026.03.24	00:56:06.098	0.78610				2
2026.03.24	00:56:11.516	0.78604				2
2026.03.24	00:56:12.116	0.78603				2
2026.03.24	00:56:22.052	0.78604				2
2026.03.24	00:56:31.365	0.78602				2
2026.03.24	00:56:34.372	0.78603				2
2026.03.24	00:56:40.693	0.78602				2
2026.03.24	00:56:46.414	0.78604				2
2026.03.24	00:56:53.639	0.78610				2
2026.03.24	00:57:00.256	0.78610	0.78644			6
2026.03.24	00:57:29.149	0.78604				2
2026.03.24	00:57:39.374	0.78605				2
2026.03.24	00:57:44.183	0.78604				2
2026.03.24	00:57:54.718	0.78610				2
2026.03.24	00:58:00.140	0.78610				2
2026.03.24	00:58:00.443		0.78644			4
2026.03.24	00:58:03.147	0.78605				2
2026.03.24	00:58:03.447	0.78604				2
2026.03.24	00:58:13.972	0.78605				2
2026.03.24	00:58:18.787	0.78604				2
2026.03.24	00:58:19.690	0.78605				2
2026.03.24	00:58:20.591	0.78609				2
2026.03.24	00:58:22.996	0.78610				2
2026.03.24	00:59:00.003	0.78610				2
2026.03.24	00:59:00.605		0.78644			4
2026.03.24	00:59:06.924	0.78609				2
2026.03.24	00:59:16.852	0.78626				2
2026.03.24	00:59:17.152	0.78609	0.78642			6
2026.03.24	00:59:17.452	0.78626	0.78644			6
2026.03.24	00:59:17.752	0.78609	0.78642			6
2026.03.24	00:59:18.052	0.78626	0.78644			6
2026.03.24	00:59:18.353	0.78609	0.78642			6
2026.03.24	00:59:18.656	0.78626	0.78644			6
2026.03.24	00:59:18.953	0.78610	0.78642			6
2026.03.24	00:59:19.253	0.78626	0.78644			6
2026.03.24	00:59:19.560	0.78610	0.78642			6
2026.03.24	00:59:19.861	0.78626	0.78644			6
2026.03.24	00:59:20.166	0.78610	0.78642			6
2026.03.24	00:59:20.465		0.78644			4
2026.03.24	00:59:37.311	0.78609				2
2026.03.24	00:59:46.938	0.78610				2
2026.03.24	00:59:58.368	0.78522	0.78728			6
2026.03.24	00:59:58.664		0.78729			4
2026.03.24	00:59:58.965		0.78757			4
2026.03.24	00:59:59.569	0.78519	0.78758			6
2026.03.24	00:59:59.869	0.78520				2
2026.03.24	01:00:00.172	0.78529	0.78759			6
2026.03.24	01:00:00.471	0.78540				2
2026.03.24	01:00:01.069	0.78537				2
2026.03.24	01:00:01.371	0.78540	0.78719			6
2026.03.24	01:00:01.673		0.78681			4
2026.03.24	01:00:01.973	0.78541	0.78702			6
2026.03.24	01:00:02.272	0.78546	0.78755			6
2026.03.24	01:00:02.574		0.78702			4
2026.03.24	01:00:02.873	0.78547	0.78680			6
2026.03.24	01:00:03.176	0.78548	0.78679			6
2026.03.24	01:00:03.473	0.78523	0.78713			6
2026.03.24	01:00:03.772	0.78526	0.78711			6
2026.03.24	01:00:04.372	0.78527	0.78710			6
2026.03.24	01:00:04.973	0.78528	0.78709			6
2026.03.24	01:00:05.274	0.78543	0.78698			6
2026.03.24	01:00:05.574	0.78548	0.78695			6
2026.03.24	01:00:06.178	0.78549	0.78697			6
2026.03.24	01:00:07.075	0.78565	0.78674			6
2026.03.24	01:00:07.377		0.78671			4
2026.03.24	01:00:07.979	0.78566				2
2026.03.24	01:00:08.282		0.78673			4
2026.03.24	01:00:08.581	0.78567	0.78667			6
2026.03.24	01:00:09.184		0.78672			4
2026.03.24	01:00:09.485		0.78663			4
2026.03.24	01:00:10.084		0.78672			4
2026.03.24	01:00:10.686	0.78569	0.78667			6
2026.03.24	01:00:11.286		0.78670			4
2026.03.24	01:00:11.586	0.78570	0.78667			6
2026.03.24	01:00:12.185		0.78673			4
2026.03.24	01:00:12.486		0.78663			4
2026.03.24	01:00:13.085	0.78571				2
2026.03.24	01:00:13.385		0.78664			4
2026.03.24	01:00:13.986		0.78668			4
2026.03.24	01:00:14.289	0.78572	0.78673			6
2026.03.24	01:00:14.589		0.78668			4
2026.03.24	01:00:15.189	0.78573				2
2026.03.24	01:00:15.488		0.78664			4
2026.03.24	01:00:18.195		0.78672			4
2026.03.24	01:00:18.495	0.78572	0.78664			6
2026.03.24	01:00:18.796	0.78573				2
2026.03.24	01:00:19.996		0.78660			4
2026.03.24	01:00:20.298		0.78664			4
2026.03.24	01:00:21.196	0.78585	0.78659			6
2026.03.24	01:00:22.102		0.78660			4
2026.03.24	01:00:23.298	0.78584				2
2026.03.24	01:00:23.601		0.78649			4
2026.03.24	01:00:26.899	0.78561	0.78642			6
2026.03.24	01:00:28.101		0.78643			4
2026.03.24	01:00:30.502	0.78584	0.78647			6
2026.03.24	01:00:32.306		0.78664			4
2026.03.24	01:00:33.510		0.78663			4
2026.03.24	01:00:34.408		0.78664			4
2026.03.24	01:00:35.010		0.78662			4
2026.03.24	01:00:37.117		0.78664			4
2026.03.24	01:00:40.723	0.78583	0.78649			6
2026.03.24	01:00:50.943		0.78650			4
2026.03.24	01:00:57.555	0.78584	0.78648			6
2026.03.24	01:00:58.152	0.78562	0.78642			6
2026.03.24	01:00:59.352		0.78641			4
2026.03.24	01:00:59.656	0.78583	0.78646			6
2026.03.24	01:00:59.955	0.78561	0.78642			6
2026.03.24	01:01:00.252	0.78581	0.78643			6
2026.03.24	01:01:02.358		0.78642			4
2026.03.24	01:01:02.655		0.78643			4
2026.03.24	01:01:03.258		0.78638			4
2026.03.24	01:01:08.061	0.78582				2
2026.03.24	01:01:08.360	0.78581				2
2026.03.24	01:01:09.561		0.78635			4
2026.03.24	01:01:11.966	0.78580				2
2026.03.24	01:01:15.569		0.78630			4
2026.03.24	01:01:17.670	0.78581				2
2026.03.24	01:01:22.778	0.78580	0.78628			6
2026.03.24	01:01:24.280	0.78581				2
2026.03.24	01:01:29.988	0.78580				2
2026.03.24	01:01:30.589		0.78625			4
2026.03.24	01:01:37.796	0.78581	0.78621			6
2026.03.24	01:01:40.497		0.78639			4
2026.03.24	01:01:48.005		0.78640			4
2026.03.24	01:01:50.409		0.78639			4
2026.03.24	01:01:52.517	0.78582				2
2026.03.24	01:01:52.814	0.78581	0.78633			6
2026.03.24	01:01:59.423		0.78632			4
2026.03.24	01:02:00.025	0.78581				2
2026.03.24	01:02:03.027		0.78641			4
2026.03.24	01:02:05.430		0.78647			4
2026.03.24	01:02:06.333	0.78582				2
2026.03.24	01:02:07.834		0.78641			4
2026.03.24	01:02:12.643		0.78634			4
2026.03.24	01:02:15.647		0.78622			4
2026.03.24	01:02:18.049		0.78646			4
2026.03.24	01:02:19.550	0.78583				2
2026.03.24	01:02:22.551		0.78627			4
2026.03.24	01:02:22.851		0.78646			4
2026.03.24	01:02:26.759		0.78647			4
2026.03.24	01:02:29.465		0.78643			4
2026.03.24	01:02:32.463	0.78582				2
2026.03.24	01:02:33.068		0.78644			4
2026.03.24	01:02:33.364	0.78583				2
2026.03.24	01:02:35.470	0.78582				2
2026.03.24	01:02:37.878		0.78632			4
2026.03.24	01:02:45.690		0.78636			4
2026.03.24	01:02:48.693	0.78583				2
2026.03.24	01:02:48.990	0.78582				2
2026.03.24	01:02:49.593	0.78583	0.78631			6
2026.03.24	01:02:50.196	0.78582				2
2026.03.24	01:02:53.798	0.78583				2
2026.03.24	01:02:54.399	0.78582				2
2026.03.24	01:03:00.107	0.78582				2
2026.03.24	01:03:04.012		0.78630			4
2026.03.24	01:03:08.821	0.78583				2
2026.03.24	01:03:10.024	0.78582				2
2026.03.24	01:03:10.324	0.78583	0.78622			6
2026.03.24	01:03:12.125	0.78585				2
2026.03.24	01:03:12.424	0.78584				2
2026.03.24	01:03:13.025	0.78583				2
2026.03.24	01:03:13.324	0.78584				2
2026.03.24	01:03:13.624	0.78583				2
2026.03.24	01:03:13.929	0.78584				2
2026.03.24	01:03:20.531	0.78585				2
2026.03.24	01:03:20.835	0.78584				2
2026.03.24	01:03:22.937		0.78620			4
2026.03.24	01:03:27.742	0.78585	0.78643			6
2026.03.24	01:03:28.046	0.78586	0.78614			6
2026.03.24	01:03:29.246	0.78587				2
2026.03.24	01:03:29.851	0.78607	0.78644			6
2026.03.24	01:03:30.146	0.78606	0.78661			6
2026.03.24	01:03:30.449	0.78603				2
2026.03.24	01:03:30.746	0.78605				2
2026.03.24	01:03:31.048		0.78651			4
2026.03.24	01:03:31.348	0.78604				2
2026.03.24	01:03:32.252	0.78605	0.78647			6
2026.03.24	01:03:32.553	0.78607				2
2026.03.24	01:03:33.453	0.78606				2
2026.03.24	01:03:34.054	0.78607	0.78655			6
2026.03.24	01:03:34.656	0.78610				2
2026.03.24	01:03:36.158	0.78605				2
2026.03.24	01:03:39.458		0.78654			4
2026.03.24	01:03:49.070	0.78604	0.78663			6
2026.03.24	01:03:52.073	0.78605				2
2026.03.24	01:03:52.676		0.78658			4
2026.03.24	01:03:53.873	0.78606				2
2026.03.24	01:03:54.173	0.78605	0.78655			6
2026.03.24	01:03:54.774	0.78608				2
2026.03.24	01:03:55.975	0.78607	0.78646			6
2026.03.24	01:03:57.477	0.78609	0.78647			6
2026.03.24	01:03:57.778	0.78612	0.78653			6
2026.03.24	01:04:00.181	0.78612				2
2026.03.24	01:04:00.479	0.78617	0.78666			6
2026.03.24	01:04:01.079	0.78618	0.78675			6
2026.03.24	01:04:01.681	0.78619	0.78662			6
2026.03.24	01:04:01.983	0.78620	0.78663			6
2026.03.24	01:04:04.086	0.78619				2
2026.03.24	01:04:04.686	0.78618				2
2026.03.24	01:04:04.986		0.78653			4
2026.03.24	01:04:06.184	0.78617				2
2026.03.24	01:04:10.092	0.78622	0.78658			6
2026.03.24	01:04:11.293	0.78623	0.78659			6
2026.03.24	01:04:11.895	0.78621				2
2026.03.24	01:04:12.194	0.78615	0.78656			6
2026.03.24	01:04:13.092		0.78645			4
2026.03.24	01:04:13.395	0.78614	0.78644			6
2026.03.24	01:04:28.132	0.78612	0.78643			6
2026.03.24	01:04:29.930	0.78614	0.78652			6
2026.03.24	01:04:30.232	0.78615				2
2026.03.24	01:04:31.435		0.78653			4
2026.03.24	01:04:36.237	0.78616				2
2026.03.24	01:04:40.140		0.78648			4
2026.03.24	01:04:42.847	0.78625				2
2026.03.24	01:04:43.143		0.78652			4
2026.03.24	01:04:46.144		0.78654			4
2026.03.24	01:04:46.451	0.78616				2
2026.03.24	01:04:50.354	0.78617				2
2026.03.24	01:04:57.561	0.78616				2
2026.03.24	01:05:00.269	0.78622	0.78659			6
2026.03.24	01:05:00.572	0.78624				2
2026.03.24	01:05:00.864	0.78622				2
2026.03.24	01:05:03.864	0.78625				2
2026.03.24	01:05:04.171	0.78624				2
2026.03.24	01:05:05.373	0.78623				2
2026.03.24	01:05:12.578	0.78622				2
2026.03.24	01:05:14.073	0.78624				2
2026.03.24	01:05:14.381	0.78626				2
2026.03.24	01:05:15.274		0.78658			4
2026.03.24	01:05:16.480	0.78624				2
2026.03.24	01:05:17.678	0.78625				2
2026.03.24	01:05:17.984	0.78626				2
2026.03.24	01:05:20.679		0.78652			4
2026.03.24	01:05:20.988	0.78624	0.78653			6
2026.03.24	01:05:21.287	0.78623				2
2026.03.24	01:05:25.484		0.78651			4
2026.03.24	01:05:38.997		0.78655			4
2026.03.24	01:05:39.899		0.78650			4
2026.03.24	01:05:41.101		0.78656			4
2026.03.24	01:05:42.002		0.78650			4
2026.03.24	01:05:45.307	0.78616	0.78646			6
2026.03.24	01:05:45.610		0.78651			4
2026.03.24	01:05:46.808	0.78617				2
2026.03.24	01:05:47.408	0.78614	0.78642			6
2026.03.24	01:05:48.309	0.78613	0.78648			6
2026.03.24	01:05:48.911	0.78616	0.78650			6
2026.03.24	01:05:50.113	0.78617				2
2026.03.24	01:05:50.718	0.78621	0.78653			6
2026.03.24	01:05:51.017	0.78617				2
2026.03.24	01:05:51.316	0.78621				2
2026.03.24	01:05:53.119	0.78620				2
2026.03.24	01:05:53.720		0.78651			4
2026.03.24	01:05:54.625	0.78621				2
2026.03.24	01:05:54.923		0.78652			4
2026.03.24	01:05:55.523		0.78651			4
2026.03.24	01:05:56.125	0.78622				2
2026.03.24	01:05:59.442	0.78618				2
2026.03.24	01:05:59.736	0.78607	0.78646			6
2026.03.24	01:06:00.043	0.78608				2
2026.03.24	01:06:00.334	0.78614	0.78649			6
2026.03.24	01:06:00.635	0.78625	0.78669			6
2026.03.24	01:06:00.935	0.78626				2
2026.03.24	01:06:01.540		0.78668			4
2026.03.24	01:06:02.742	0.78627				2
2026.03.24	01:06:03.037	0.78629				2
2026.03.24	01:06:04.839	0.78628	0.78667			6
2026.03.24	01:06:12.957	0.78630				2
2026.03.24	01:06:13.259	0.78631				2
2026.03.24	01:06:15.951		0.78668			4
2026.03.24	01:06:19.263	0.78630	0.78663			6
2026.03.24	01:06:20.756		0.78661			4
2026.03.24	01:06:22.561	0.78628	0.78667			6
2026.03.24	01:06:23.466		0.78675			4
2026.03.24	01:06:24.065		0.78673			4
2026.03.24	01:06:24.666		0.78664			4
2026.03.24	01:06:25.262	0.78629				2
2026.03.24	01:06:27.363	0.78630				2
2026.03.24	01:06:33.074	0.78629				2
2026.03.24	01:06:33.977	0.78628	0.78657			6
2026.03.24	01:06:35.177		0.78664			4
2026.03.24	01:06:35.777	0.78623	0.78656			6
2026.03.24	01:06:37.283		0.78654			4
2026.03.24	01:06:40.284		0.78652			4
2026.03.24	01:06:40.583	0.78622	0.78651			6
2026.03.24	01:06:48.709	0.78620				2
2026.03.24	01:06:50.213	0.78621				2
2026.03.24	01:06:55.324		0.78649			4
2026.03.24	01:06:56.232	0.78622				2
2026.03.24	01:06:56.530	0.78621				2
2026.03.24	01:07:00.137	0.78621				2
2026.03.24	01:07:02.230	0.78622				2
2026.03.24	01:07:07.337	0.78621				2
2026.03.24	01:07:10.947		0.78654			4
2026.03.24	01:07:11.547	0.78622	0.78648			6
2026.03.24	01:07:17.257	0.78621	0.78647			6
2026.03.24	01:07:17.556	0.78620				2
2026.03.24	01:07:18.154	0.78619				2
2026.03.24	01:07:22.657		0.78646			4
2026.03.24	01:07:26.569	0.78620				2
2026.03.24	01:07:29.575	0.78621	0.78648			6
2026.03.24	01:07:29.867	0.78622				2
2026.03.24	01:07:41.287		0.78652			4
2026.03.24	01:07:41.589	0.78621	0.78653			6
2026.03.24	01:07:42.190		0.78648			4
2026.03.24	01:07:42.493		0.78653			4
2026.03.24	01:07:47.905		0.78647			4
2026.03.24	01:08:00.216	0.78621				2
2026.03.24	01:08:02.619	0.78622				2
2026.03.24	01:08:03.218	0.78621				2
2026.03.24	01:08:08.637	0.78620	0.78649			6
2026.03.24	01:08:08.932	0.78610	0.78646			6
2026.03.24	01:08:09.837	0.78604	0.78643			6
2026.03.24	01:08:10.734	0.78611	0.78641			6
2026.03.24	01:08:11.936	0.78612				2
2026.03.24	01:08:12.838	0.78609	0.78642			6
2026.03.24	01:08:13.140	0.78612	0.78641			6
2026.03.24	01:08:13.439		0.78640			4
2026.03.24	01:08:14.041	0.78613				2
2026.03.24	01:08:14.342		0.78645			4
2026.03.24	01:08:14.943	0.78614				2
2026.03.24	01:08:15.239	0.78616	0.78646			6
2026.03.24	01:08:18.250		0.78641			4
2026.03.24	01:08:19.748	0.78614				2
2026.03.24	01:08:22.748	0.78615				2
2026.03.24	01:08:24.248	0.78614				2
2026.03.24	01:08:29.063		0.78646			4
2026.03.24	01:08:30.867	0.78613				2
2026.03.24	01:08:31.166	0.78614				2
2026.03.24	01:08:35.374	0.78613				2
2026.03.24	01:08:35.678	0.78614				2
2026.03.24	01:08:41.383		0.78641			4
2026.03.24	01:08:42.290	0.78615				2
2026.03.24	01:08:42.584		0.78646			4
2026.03.24	01:08:44.984	0.78616				2
2026.03.24	01:08:48.597	0.78612				2
2026.03.24	01:08:48.903	0.78613				2
2026.03.24	01:08:49.200	0.78612	0.78641			6
2026.03.24	01:08:59.108	0.78602	0.78644			6
2026.03.24	01:09:00.009	0.78601				2
2026.03.24	01:09:00.614	0.78615				2
2026.03.24	01:09:00.904	0.78601				2
2026.03.24	01:09:09.023	0.78600	0.78636			6
2026.03.24	01:09:13.832		0.78635			4
2026.03.24	01:09:14.128		0.78641			4
2026.03.24	01:09:17.133	0.78617	0.78643			6
2026.03.24	01:09:19.843		0.78641			4
2026.03.24	01:09:22.849		0.78644			4
2026.03.24	01:09:24.354		0.78639			4
2026.03.24	01:09:27.660	0.78616	0.78634			6
2026.03.24	01:09:28.860	0.78617	0.78646			6
2026.03.24	01:09:29.766	0.78618				2
2026.03.24	01:09:30.060		0.78647			4
2026.03.24	01:09:31.561	0.78604	0.78640			6
2026.03.24	01:09:31.859	0.78605				2
2026.03.24	01:09:39.668		0.78639			4
2026.03.24	01:09:41.169	0.78612				2
2026.03.24	01:09:42.672	0.78622	0.78649			6
2026.03.24	01:09:44.774	0.78617	0.78640			6
2026.03.24	01:09:49.580		0.78641			4
2026.03.24	01:09:50.179	0.78616				2
2026.03.24	01:09:51.986	0.78617				2
2026.03.24	01:09:52.290	0.78616	0.78642			6
2026.03.24	01:09:52.592	0.78617				2
2026.03.24	01:09:52.886	0.78616				2
2026.03.24	01:09:53.187		0.78640			4
2026.03.24	01:09:53.488	0.78615				2
2026.03.24	01:09:53.788	0.78616	0.78641			6
2026.03.24	01:09:54.091	0.78615				2
2026.03.24	01:09:54.395	0.78616				2
2026.03.24	01:09:54.690	0.78615	0.78640			6
2026.03.24	01:09:55.295	0.78621	0.78642			6
2026.03.24	01:09:55.594		0.78643			4
2026.03.24	01:09:56.495	0.78622				2
2026.03.24	01:09:56.796	0.78621				2
2026.03.24	01:09:57.096	0.78622				2
2026.03.24	01:09:57.400	0.78621	0.78644			6
2026.03.24	01:09:58.002	0.78620				2
2026.03.24	01:09:58.299	0.78621				2
2026.03.24	01:09:58.603	0.78620				2
2026.03.24	01:09:58.900	0.78621	0.78645			6
2026.03.24	01:09:59.202	0.78620				2
2026.03.24	01:09:59.502	0.78621	0.78644			6
2026.03.24	01:09:59.809	0.78620				2
2026.03.24	01:10:00.103	0.78622				2
2026.03.24	01:10:00.406	0.78620				2
2026.03.24	01:10:00.701	0.78622				2
2026.03.24	01:10:01.010	0.78620				2
2026.03.24	01:10:01.307	0.78622	0.78645			6
2026.03.24	01:10:01.608	0.78621				2
2026.03.24	01:10:01.902	0.78622				2
2026.03.24	01:10:02.210	0.78621				2
2026.03.24	01:10:02.504	0.78622				2
2026.03.24	01:10:02.805	0.78621				2
2026.03.24	01:10:03.104	0.78620				2
2026.03.24	01:10:03.404	0.78621	0.78644			6
2026.03.24	01:10:03.708	0.78620				2
2026.03.24	01:10:04.014	0.78621				2
2026.03.24	01:10:04.308	0.78620				2
2026.03.24	01:10:04.611	0.78622				2
2026.03.24	01:10:04.904	0.78620				2
2026.03.24	01:10:05.210	0.78622				2
2026.03.24	01:10:05.507	0.78620	0.78642			6
2026.03.24	01:10:05.804	0.78622				2
2026.03.24	01:10:06.105	0.78620	0.78643			6
2026.03.24	01:10:06.403	0.78622				2
2026.03.24	01:10:06.709	0.78621				2
2026.03.24	01:10:07.004	0.78622				2
2026.03.24	01:10:07.309	0.78621				2
2026.03.24	01:10:07.610	0.78622				2
2026.03.24	01:10:07.910	0.78621				2
2026.03.24	01:10:08.213	0.78620				2
2026.03.24	01:10:08.507	0.78621	0.78642			6
2026.03.24	01:10:08.811	0.78620				2
2026.03.24	01:10:09.111	0.78621				2
2026.03.24	01:10:09.410	0.78620				2
2026.03.24	01:10:09.713	0.78622				2
2026.03.24	01:10:10.013	0.78620				2
2026.03.24	01:10:10.314	0.78622				2
2026.03.24	01:10:10.615	0.78620				2
2026.03.24	01:10:10.914	0.78622				2
2026.03.24	01:10:11.215	0.78621				2
2026.03.24	01:10:11.514	0.78622				2
2026.03.24	01:10:11.817	0.78621				2
2026.03.24	01:10:12.114	0.78622				2
2026.03.24	01:10:12.413	0.78621				2
2026.03.24	01:10:12.714	0.78622				2
2026.03.24	01:10:13.018	0.78621				2
2026.03.24	01:10:13.316	0.78620				2
2026.03.24	01:10:13.618	0.78621				2
2026.03.24	01:10:13.918	0.78620				2
2026.03.24	01:10:14.222	0.78621				2
2026.03.24	01:10:14.518	0.78620				2
2026.03.24	01:10:14.819	0.78622				2
2026.03.24	01:10:15.119	0.78620				2
2026.03.24	01:10:15.420	0.78622				2
2026.03.24	01:10:15.720	0.78620				2
2026.03.24	01:10:16.021	0.78622	0.78645			6
2026.03.24	01:10:16.324	0.78621	0.78643			6
2026.03.24	01:10:16.626	0.78622				2
2026.03.24	01:10:16.927	0.78621				2
2026.03.24	01:10:17.226	0.78622				2
2026.03.24	01:10:17.522	0.78621				2
2026.03.24	01:10:17.826	0.78622				2
2026.03.24	01:10:18.125	0.78621				2
2026.03.24	01:10:18.431	0.78620				2
2026.03.24	01:10:18.732	0.78622	0.78642			6
2026.03.24	01:10:19.031		0.78643			4
2026.03.24	01:10:19.332	0.78620				2
2026.03.24	01:10:20.233	0.78621				2
2026.03.24	01:10:21.434		0.78641			4
2026.03.24	01:10:22.932	0.78616				2
2026.03.24	01:10:23.234	0.78621				2
2026.03.24	01:10:39.454	0.78617	0.78643			6
2026.03.24	01:10:40.656	0.78616				2
2026.03.24	01:10:40.958	0.78617				2
2026.03.24	01:10:41.263	0.78618				2
2026.03.24	01:10:43.368	0.78617				2
2026.03.24	01:10:45.466	0.78618				2
2026.03.24	01:10:47.570	0.78623	0.78642			6
2026.03.24	01:10:48.171		0.78644			4
2026.03.24	01:10:49.674	0.78619				2
2026.03.24	01:10:49.976	0.78622	0.78647			6
2026.03.24	01:10:50.872	0.78621				2
2026.03.24	01:10:52.076	0.78622				2
2026.03.24	01:10:53.273	0.78621				2
2026.03.24	01:10:55.681	0.78622				2
2026.03.24	01:10:56.882	0.78620				2
2026.03.24	01:11:00.186	0.78620				2
2026.03.24	01:11:00.779	0.78621				2
2026.03.24	01:11:01.979	0.78620				2
2026.03.24	01:11:02.881	0.78621				2
2026.03.24	01:11:07.996	0.78620				2
2026.03.24	01:11:13.702	0.78624				2
2026.03.24	01:11:14.605	0.78625				2
2026.03.24	01:11:15.801	0.78617				2
2026.03.24	01:11:17.607	0.78621	0.78648			6
2026.03.24	01:11:17.912	0.78627	0.78649			6
2026.03.24	01:11:18.207	0.78621				2
2026.03.24	01:11:19.109	0.78627				2
2026.03.24	01:11:19.408	0.78621				2
2026.03.24	01:11:20.314	0.78628				2
2026.03.24	01:11:20.612	0.78621				2
2026.03.24	01:11:21.515	0.78628				2
2026.03.24	01:11:21.816	0.78621				2
2026.03.24	01:11:22.715	0.78628				2
2026.03.24	01:11:23.019	0.78621				2
2026.03.24	01:11:23.920	0.78627				2
2026.03.24	01:11:24.220	0.78621				2
2026.03.24	01:11:25.125	0.78627				2
2026.03.24	01:11:25.425	0.78621				2
2026.03.24	01:11:26.329	0.78627				2
2026.03.24	01:11:26.629	0.78621				2
2026.03.24	01:11:27.230	0.78628				2
2026.03.24	01:11:27.830	0.78622				2
2026.03.24	01:11:28.130	0.78621	0.78646			6
2026.03.24	01:11:28.429		0.78647			4
2026.03.24	01:11:28.731	0.78628				2
2026.03.24	01:11:29.032	0.78621	0.78650			6
2026.03.24	01:11:29.334	0.78626				2
2026.03.24	01:11:29.632	0.78621				2
2026.03.24	01:11:30.533	0.78624				2
2026.03.24	01:11:30.833	0.78621				2
2026.03.24	01:11:31.135	0.78629				2
2026.03.24	01:11:41.353		0.78645			4
2026.03.24	01:11:41.955	0.78630				2
2026.03.24	01:11:52.784	0.78629				2
2026.03.24	01:11:53.685	0.78630				2
2026.03.24	01:11:59.701	0.78625				2
2026.03.24	01:12:00.004	0.78625				2
2026.03.24	01:12:00.304	0.78623	0.78644			6
2026.03.24	01:12:00.607	0.78622				2
2026.03.24	01:12:00.902	0.78624				2
2026.03.24	01:12:01.804	0.78622				2
2026.03.24	01:12:04.209	0.78623				2
2026.03.24	01:12:04.508	0.78622				2
2026.03.24	01:12:05.417	0.78623				2
2026.03.24	01:12:05.709	0.78622				2
2026.03.24	01:12:06.013	0.78620	0.78650			6
2026.03.24	01:12:06.311	0.78619	0.78652			6
2026.03.24	01:12:09.625	0.78625	0.78653			6
2026.03.24	01:12:12.629		0.78647			4
2026.03.24	01:12:13.531	0.78616				2
2026.03.24	01:12:14.434	0.78622				2
2026.03.24	01:12:14.734	0.78616				2
2026.03.24	01:12:16.544	0.78625				2
2026.03.24	01:12:16.843	0.78622				2
2026.03.24	01:12:17.144	0.78616				2
2026.03.24	01:12:17.443	0.78622				2
2026.03.24	01:12:17.744	0.78625				2
2026.03.24	01:12:18.048	0.78622				2
2026.03.24	01:12:18.345	0.78616				2
2026.03.24	01:12:18.647	0.78624				2
2026.03.24	01:12:18.950	0.78625	0.78646			6
2026.03.24	01:12:19.250	0.78619				2
2026.03.24	01:12:19.547	0.78623	0.78644			6
2026.03.24	01:12:20.148	0.78622				2
2026.03.24	01:12:20.453	0.78623				2
2026.03.24	01:12:20.747	0.78621				2
2026.03.24	01:12:21.350	0.78620				2
2026.03.24	01:12:21.653	0.78618				2
2026.03.24	01:12:27.659	0.78624	0.78650			6
2026.03.24	01:12:27.959	0.78622				2
2026.03.24	01:12:28.868	0.78617	0.78643			6
2026.03.24	01:12:29.163	0.78615				2
2026.03.24	01:12:29.763	0.78616				2
2026.03.24	01:12:30.063	0.78615				2
2026.03.24	01:12:30.670	0.78609				2
2026.03.24	01:12:30.969	0.78608				2
2026.03.24	01:12:31.865	0.78613	0.78644			6
2026.03.24	01:12:32.766		0.78643			4
2026.03.24	01:12:34.870	0.78609				2
2026.03.24	01:12:35.171	0.78613				2
2026.03.24	01:12:39.080	0.78614	0.78642			6
2026.03.24	01:12:39.982	0.78608				2
2026.03.24	01:12:40.879	0.78611				2
2026.03.24	01:12:41.181	0.78612				2
2026.03.24	01:12:43.285	0.78615				2
2026.03.24	01:12:48.395	0.78614	0.78643			6
2026.03.24	01:12:49.299		0.78642			4
2026.03.24	01:12:50.496	0.78615				2
2026.03.24	01:12:52.898	0.78614				2
2026.03.24	01:12:53.204	0.78619				2
2026.03.24	01:12:53.499	0.78617				2
2026.03.24	01:12:53.799	0.78614				2
2026.03.24	01:12:54.102	0.78616				2
2026.03.24	01:12:55.304	0.78615				2
2026.03.24	01:12:55.608	0.78616				2
2026.03.24	01:12:57.107	0.78612				2
2026.03.24	01:13:00.113	0.78616				2
2026.03.24	01:13:00.413	0.78615	0.78643			6
2026.03.24	01:13:00.714	0.78617				2
2026.03.24	01:13:02.219	0.78616				2
2026.03.24	01:13:17.244		0.78644			4
2026.03.24	01:13:17.841	0.78617	0.78642			6
2026.03.24	01:13:20.549	0.78620	0.78644			6
2026.03.24	01:13:24.757	0.78619				2
2026.03.24	01:13:28.361	0.78620				2
2026.03.24	01:13:29.560	0.78619				2
2026.03.24	01:13:29.860	0.78620	0.78643			6
2026.03.24	01:13:30.159	0.78619				2
2026.03.24	01:13:30.764	0.78618				2
2026.03.24	01:13:36.475	0.78619				2
2026.03.24	01:13:37.971	0.78621				2
2026.03.24	01:13:38.573	0.78619				2
2026.03.24	01:13:49.398		0.78641			4
2026.03.24	01:13:49.697		0.78639			4
2026.03.24	01:13:54.504	0.78617	0.78642			6
2026.03.24	01:13:55.410	0.78619	0.78641			6
2026.03.24	01:13:58.107	0.78618				2
2026.03.24	01:13:59.012	0.78617	0.78638			6
2026.03.24	01:14:00.211	0.78617				2
2026.03.24	01:14:01.415	0.78618				2
2026.03.24	01:14:01.716	0.78619	0.78641			6
2026.03.24	01:14:02.016	0.78620	0.78643			6
2026.03.24	01:14:05.022	0.78619				2
2026.03.24	01:14:06.227	0.78620				2
2026.03.24	01:14:26.670	0.78621				2
2026.03.24	01:14:29.983	0.78622				2
2026.03.24	01:14:30.878	0.78621				2
2026.03.24	01:14:39.299		0.78644			4
2026.03.24	01:14:41.703		0.78641			4
2026.03.24	01:14:44.706	0.78619				2
2026.03.24	01:14:52.812	0.78620				2
2026.03.24	01:14:59.726	0.78621	0.78640			6
2026.03.24	01:15:00.032	0.78621				2
2026.03.24	01:15:07.543	0.78622				2
2026.03.24	01:15:10.244	0.78621				2
2026.03.24	01:15:10.544	0.78620				2
2026.03.24	01:15:10.850	0.78621				2
2026.03.24	01:15:12.044	0.78618				2
2026.03.24	01:15:20.470	0.78619	0.78639			6
2026.03.24	01:15:29.775	0.78620				2
2026.03.24	01:15:30.376		0.78638			4
2026.03.24	01:15:32.489	0.78621				2
2026.03.24	01:15:33.684	0.78620				2
2026.03.24	01:15:35.489	0.78619				2
2026.03.24	01:15:35.788	0.78618				2
2026.03.24	01:15:36.990	0.78619				2
2026.03.24	01:15:40.902	0.78618				2
2026.03.24	01:15:42.097		0.78637			4
2026.03.24	01:15:42.395	0.78619				2
2026.03.24	01:15:50.215	0.78620				2
2026.03.24	01:15:52.020	0.78619				2
2026.03.24	01:15:56.521	0.78620				2
2026.03.24	01:16:00.129	0.78620				2
2026.03.24	01:16:00.430	0.78632	0.78649			6
2026.03.24	01:16:01.936	0.78633				2
2026.03.24	01:16:06.746		0.78647			4
2026.03.24	01:16:07.949	0.78632	0.78646			6
2026.03.24	01:16:09.447	0.78631				2
2026.03.24	01:16:13.061	0.78632				2
2026.03.24	01:16:13.966	0.78629				2
2026.03.24	01:16:19.974	0.78630				2
2026.03.24	01:16:20.580	0.78629				2
2026.03.24	01:16:30.497	0.78631				2
2026.03.24	01:16:31.400		0.78647			4
2026.03.24	01:16:31.998	0.78633				2
2026.03.24	01:16:35.604		0.78649			4
2026.03.24	01:16:36.808	0.78634				2
2026.03.24	01:16:40.412	0.78633				2
2026.03.24	01:16:41.318	0.78634				2
2026.03.24	01:16:51.543		0.78648			4
2026.03.24	01:16:54.236	0.78633				2
2026.03.24	01:16:56.638	0.78634				2
2026.03.24	01:17:00.250	0.78634				2
2026.03.24	01:17:05.044	0.78633				2
2026.03.24	01:17:06.252	0.78634				2
2026.03.24	01:17:09.559	0.78632	0.78647			6
2026.03.24	01:17:11.357	0.78635	0.78650			6
2026.03.24	01:17:15.566	0.78636	0.78651			6
2026.03.24	01:17:20.675	0.78637				2
2026.03.24	01:17:25.779		0.78652			4
2026.03.24	01:17:26.077	0.78638				2
2026.03.24	01:17:34.194	0.78637				2
2026.03.24	01:17:36.599	0.78638				2
2026.03.24	01:17:39.011	0.78637				2
2026.03.24	01:17:40.508	0.78638				2
2026.03.24	01:17:47.115	0.78639				2
2026.03.24	01:17:51.327	0.78638				2
2026.03.24	01:17:53.727	0.78639				2
2026.03.24	01:17:54.028	0.78638				2
2026.03.24	01:17:54.329	0.78639				2
2026.03.24	01:18:00.043	0.78639				2
2026.03.24	01:18:10.854		0.78653			4
2026.03.24	01:18:12.658	0.78640				2
2026.03.24	01:18:24.086	0.78641				2
2026.03.24	01:18:29.190	0.78640				2
2026.03.24	01:18:30.693	0.78641				2
2026.03.24	01:18:30.996	0.78643	0.78657			6
2026.03.24	01:18:31.294	0.78644				2
2026.03.24	01:18:32.498	0.78645				2
2026.03.24	01:18:33.395	0.78646				2
2026.03.24	01:18:37.006	0.78645				2
2026.03.24	01:18:38.807	0.78646				2
2026.03.24	01:18:40.913		0.78659			4
2026.03.24	01:18:46.029	0.78651	0.78664			6
2026.03.24	01:19:00.149	0.78651				2
2026.03.24	01:19:00.449	0.78652				2
2026.03.24	01:19:00.747		0.78663			4
2026.03.24	01:19:02.251	0.78651				2
2026.03.24	01:19:08.861	0.78650	0.78662			6
2026.03.24	01:19:09.159		0.78663			4
2026.03.24	01:19:11.859	0.78648	0.78659			6
2026.03.24	01:19:16.666	0.78649	0.78661			6
2026.03.24	01:19:25.674	0.78648				2
2026.03.24	01:19:26.576		0.78663			4
2026.03.24	01:19:26.882		0.78661			4
2026.03.24	01:19:53.657	0.78647				2
2026.03.24	01:19:53.952	0.78645	0.78659			6
2026.03.24	01:19:54.859	0.78646				2
2026.03.24	01:19:56.960	0.78645				2
2026.03.24	01:20:00.265	0.78646	0.78660			6
2026.03.24	01:20:00.567	0.78647				2
2026.03.24	01:20:02.074	0.78643	0.78656			6
2026.03.24	01:20:02.378	0.78642	0.78655			6
2026.03.24	01:20:02.674	0.78643				2
2026.03.24	01:20:03.575	0.78642				2
2026.03.24	01:20:11.090	0.78643				2
2026.03.24	01:20:11.392	0.78642				2
2026.03.24	01:20:12.894		0.78657			4
2026.03.24	01:20:14.099	0.78643	0.78658			6
2026.03.24	01:20:15.300	0.78644				2
2026.03.24	01:20:18.911	0.78645				2
2026.03.24	01:20:27.328	0.78646	0.78660			6
2026.03.24	01:20:34.843	0.78647				2
2026.03.24	01:20:37.249	0.78646				2
2026.03.24	01:20:38.449	0.78644	0.78657			6
2026.03.24	01:20:43.556	0.78645				2
2026.03.24	01:20:44.460	0.78646				2
2026.03.24	01:20:51.371		0.78658			4
2026.03.24	01:20:53.173	0.78647				2
2026.03.24	01:20:58.895	0.78648	0.78660			6
2026.03.24	01:20:59.191	0.78646	0.78659			6
2026.03.24	01:20:59.490		0.78657			4
2026.03.24	01:20:59.791	0.78644				2
2026.03.24	01:21:00.091	0.78644				2
2026.03.24	01:21:00.392		0.78656			4
2026.03.24	01:21:01.595	0.78643				2
2026.03.24	01:21:07.907	0.78642	0.78654			6
2026.03.24	01:21:13.318		0.78656			4
2026.03.24	01:21:13.919	0.78643				2
2026.03.24	01:21:40.069	0.78642	0.78655			6
2026.03.24	01:21:42.471	0.78643				2
2026.03.24	01:21:43.075	0.78642				2
2026.03.24	01:21:48.785		0.78654			4
2026.03.24	01:21:49.386	0.78641				2
2026.03.24	01:21:55.396	0.78642	0.78655			6
2026.03.24	01:21:55.699	0.78641				2
2026.03.24	01:21:58.399	0.78640	0.78654			6
2026.03.24	01:22:00.206	0.78640				2
2026.03.24	01:22:11.022	0.78638	0.78652			6
2026.03.24	01:22:11.326	0.78639				2
2026.03.24	01:22:11.926	0.78638	0.78651			6
2026.03.24	01:22:17.924	0.78639	0.78652			6
2026.03.24	01:22:20.633	0.78638				2
2026.03.24	01:22:25.143		0.78651			4
2026.03.24	01:22:38.361	0.78637				2
2026.03.24	01:22:40.767	0.78638				2
2026.03.24	01:22:50.686	0.78635	0.78649			6
2026.03.24	01:22:52.487	0.78636				2
2026.03.24	01:23:00.008	0.78636				2
2026.03.24	01:23:03.009	0.78639	0.78651			6
2026.03.24	01:23:03.308	0.78640	0.78652			6
2026.03.24	01:23:27.055	0.78639				2
2026.03.24	01:23:27.356	0.78640				2
2026.03.24	01:23:29.165	0.78642	0.78655			6
2026.03.24	01:23:33.377	0.78643				2
2026.03.24	01:23:34.578	0.78642				2
2026.03.24	01:23:46.000	0.78641	0.78654			6
2026.03.24	01:23:46.593	0.78642	0.78655			6
2026.03.24	01:23:54.111	0.78641	0.78654			6
2026.03.24	01:24:00.122	0.78641				2
2026.03.24	01:24:00.420	0.78642	0.78655			6
2026.03.24	01:24:02.824	0.78643	0.78656			6
2026.03.24	01:24:58.443	0.78642	0.78655			6
2026.03.24	01:25:00.254	0.78642				2
2026.03.24	01:25:01.748	0.78643				2
2026.03.24	01:25:03.551	0.78642				2
2026.03.24	01:25:06.555	0.78643				2
2026.03.24	01:25:07.159	0.78645	0.78657			6
2026.03.24	01:25:08.361	0.78646				2
2026.03.24	01:25:11.360	0.78645				2
2026.03.24	01:25:17.675	0.78646				2
2026.03.24	01:25:23.689	0.78645				2
2026.03.24	01:25:29.098	0.78644				2
2026.03.24	01:25:32.102	0.78643	0.78656			6
2026.03.24	01:25:33.610	0.78644				2
2026.03.24	01:25:45.025	0.78643				2
2026.03.24	01:25:48.030	0.78644	0.78657			6
2026.03.24	01:25:48.341	0.78643				2
2026.03.24	01:25:51.333	0.78644				2
2026.03.24	01:25:53.139	0.78646	0.78660			6
2026.03.24	01:25:54.946	0.78647				2
2026.03.24	01:25:56.149	0.78646	0.78659			6
2026.03.24	01:25:58.257	0.78647				2
2026.03.24	01:26:00.049	0.78647				2
2026.03.24	01:26:00.351	0.78646				2
2026.03.24	01:26:00.654	0.78645				2
2026.03.24	01:26:01.553	0.78644	0.78657			6
2026.03.24	01:26:03.658		0.78656			4
2026.03.24	01:26:18.079		0.78657			4
2026.03.24	01:26:19.882		0.78656			4
2026.03.24	01:26:32.504	0.78646	0.78658			6
2026.03.24	01:26:34.318	0.78645				2
2026.03.24	01:26:36.423		0.78657			4
2026.03.24	01:26:36.724		0.78658			4
2026.03.24	01:26:37.924	0.78646				2
2026.03.24	01:26:38.524	0.78645				2
2026.03.24	01:26:41.826		0.78657			4
2026.03.24	01:26:45.740		0.78658			4
2026.03.24	01:26:49.346	0.78646				2
2026.03.24	01:26:55.361	0.78648	0.78661			6
2026.03.24	01:26:55.652	0.78649				2
2026.03.24	01:27:00.170	0.78649				2
2026.03.24	01:27:02.568	0.78650	0.78663			6
2026.03.24	01:27:03.170	0.78648	0.78662			6
2026.03.24	01:27:04.673	0.78649				2
2026.03.24	01:27:06.170	0.78648				2
2026.03.24	01:27:07.372	0.78649				2
2026.03.24	01:27:08.277		0.78660			4
2026.03.24	01:27:13.095	0.78648				2
2026.03.24	01:27:15.496	0.78645	0.78658			6
2026.03.24	01:27:24.198	0.78644	0.78657			6
2026.03.24	01:27:24.504	0.78639	0.78651			6
2026.03.24	01:27:24.800	0.78641	0.78652			6
2026.03.24	01:27:25.108	0.78639				2
2026.03.24	01:27:26.301	0.78640				2
2026.03.24	01:27:46.739	0.78641	0.78653			6
2026.03.24	01:27:48.237	0.78640				2
2026.03.24	01:27:48.546		0.78652			4
2026.03.24	01:27:49.742		0.78653			4
2026.03.24	01:27:50.938		0.78651			4
2026.03.24	01:28:00.252	0.78640				2
2026.03.24	01:28:04.154	0.78641	0.78653			6
2026.03.24	01:28:04.753	0.78640				2
2026.03.24	01:28:05.961	0.78641				2
2026.03.24	01:28:20.996	0.78642				2
2026.03.24	01:28:21.298	0.78641				2
2026.03.24	01:28:21.597	0.78642				2
2026.03.24	01:28:23.699	0.78641				2
2026.03.24	01:28:24.899	0.78642				2
2026.03.24	01:28:25.200		0.78654			4
2026.03.24	01:28:25.499	0.78641				2
2026.03.24	01:28:28.208	0.78642				2
2026.03.24	01:28:30.613	0.78641				2
2026.03.24	01:28:33.618	0.78642				2
2026.03.24	01:28:33.924	0.78641				2
2026.03.24	01:28:38.740	0.78642				2
2026.03.24	01:28:41.146	0.78641				2
2026.03.24	01:28:43.550	0.78642				2
2026.03.24	01:28:51.675	0.78641				2
2026.03.24	01:28:56.174	0.78642				2
2026.03.24	01:29:00.100	0.78642				2
2026.03.24	01:29:08.515	0.78641	0.78653			6
2026.03.24	01:29:19.639	0.78637	0.78648			6
2026.03.24	01:29:19.934	0.78636				2
2026.03.24	01:29:26.253	0.78637				2
2026.03.24	01:29:36.463	0.78634	0.78647			6
2026.03.24	01:29:37.067	0.78635				2
2026.03.24	01:29:39.774	0.78633	0.78644			6
2026.03.24	01:29:44.286	0.78632				2
2026.03.24	01:29:51.489	0.78633				2
2026.03.24	01:29:55.094	0.78632				2
2026.03.24	01:30:00.210	0.78632				2
2026.03.24	01:30:00.507	0.78633				2
2026.03.24	01:30:01.110	0.78635	0.78646			6
2026.03.24	01:30:03.217	0.78641	0.78644			6
2026.03.24	01:30:07.122	0.78635	0.78646			6
2026.03.24	01:30:17.654	0.78636				2
2026.03.24	01:30:25.165	0.78641				2
2026.03.24	01:30:26.064	0.78636	0.78645			6
2026.03.24	01:30:26.364	0.78641	0.78646			6
2026.03.24	01:30:26.959	0.78636	0.78645			6
2026.03.24	01:30:27.265	0.78641	0.78646			6
2026.03.24	01:30:27.559	0.78636	0.78645			6
2026.03.24	01:30:27.865	0.78641	0.78646			6
2026.03.24	01:30:28.156	0.78636	0.78645			6
2026.03.24	01:30:28.458	0.78634				2
2026.03.24	01:30:31.460	0.78635				2
2026.03.24	01:30:39.873		0.78647			4
2026.03.24	01:30:43.793	0.78637				2
2026.03.24	01:30:44.090		0.78649			4
2026.03.24	01:30:54.930	0.78644	0.78656			6
2026.03.24	01:30:55.222	0.78645	0.78657			6
2026.03.24	01:30:56.131	0.78644				2
2026.03.24	01:31:00.044	0.78644				2
2026.03.24	01:31:00.338	0.78643	0.78656			6
2026.03.24	01:31:04.246	0.78642	0.78653			6
2026.03.24	01:31:08.155	0.78641				2
2026.03.24	01:31:08.750	0.78639	0.78651			6
2026.03.24	01:31:09.048		0.78650			4
2026.03.24	01:31:29.494	0.78637	0.78649			6
2026.03.24	01:31:31.300	0.78638				2
2026.03.24	01:31:40.622	0.78639				2
2026.03.24	01:31:40.919		0.78650			4
2026.03.24	01:31:43.622		0.78651			4
2026.03.24	01:31:43.921	0.78640				2
2026.03.24	01:31:53.544	0.78641				2
2026.03.24	01:31:55.052	0.78640				2
2026.03.24	01:32:00.160	0.78640				2
2026.03.24	01:32:20.289	0.78641	0.78652			6
2026.03.24	01:32:20.592	0.78640	0.78651			6
2026.03.24	01:32:21.787	0.78642	0.78652			6
2026.03.24	01:32:24.800	0.78643				2
2026.03.24	01:32:26.299	0.78642				2
2026.03.24	01:32:33.204	0.78641				2
2026.03.24	01:32:33.807	0.78642				2
2026.03.24	01:32:35.919	0.78640				2
2026.03.24	01:32:55.151	0.78641	0.78653			6
2026.03.24	01:33:00.269	0.78641				2
2026.03.24	01:33:27.305	0.78642				2
2026.03.24	01:33:30.615	0.78643	0.78654			6
2026.03.24	01:33:31.220	0.78649	0.78659			6
2026.03.24	01:33:31.513	0.78650				2
2026.03.24	01:33:32.119	0.78649				2
2026.03.24	01:33:33.916	0.78648				2
2026.03.24	01:33:35.418	0.78649				2
2026.03.24	01:33:37.523	0.78648				2
2026.03.24	01:33:46.248	0.78649				2
2026.03.24	01:33:50.150	0.78648				2
2026.03.24	01:34:00.061	0.78648				2
2026.03.24	01:34:00.371	0.78647				2
2026.03.24	01:34:03.065	0.78648				2
2026.03.24	01:34:03.364	0.78647				2
2026.03.24	01:34:06.070	0.78648				2
2026.03.24	01:34:10.271	0.78649				2
2026.03.24	01:34:13.878	0.78648				2
2026.03.24	01:34:25.907	0.78649				2
2026.03.24	01:34:31.315		0.78659			4
2026.03.24	01:34:37.037	0.78648				2
2026.03.24	01:34:40.641	0.78647				2
2026.03.24	01:34:45.154	0.78646	0.78658			6
2026.03.24	01:34:48.758	0.78645				2
2026.03.24	01:34:57.173	0.78644	0.78657			6
2026.03.24	01:34:59.573	0.78645				2
2026.03.24	01:35:00.175	0.78645				2
2026.03.24	01:35:00.482	0.78646	0.78658			6
2026.03.24	01:35:01.081	0.78645				2
2026.03.24	01:35:01.377		0.78657			4
2026.03.24	01:35:01.980	0.78644				2
2026.03.24	01:35:11.597	0.78643	0.78655			6
2026.03.24	01:35:38.630	0.78641	0.78654			6
2026.03.24	01:35:39.537	0.78642				2
2026.03.24	01:35:42.536	0.78641				2
2026.03.24	01:35:43.740		0.78653			4
2026.03.24	01:35:45.243	0.78642				2
2026.03.24	01:35:46.448	0.78640	0.78652			6
2026.03.24	01:36:00.286	0.78640				2
2026.03.24	01:36:04.183	0.78641				2
2026.03.24	01:36:11.697	0.78640	0.78651			6
2026.03.24	01:36:12.901	0.78639				2
2026.03.24	01:36:16.800	0.78638				2
2026.03.24	01:36:21.014	0.78640	0.78652			6
2026.03.24	01:36:34.536		0.78651			4
2026.03.24	01:36:37.830	0.78639				2
2026.03.24	01:36:39.040	0.78641	0.78652			6
2026.03.24	01:36:42.340	0.78640				2
2026.03.24	01:36:44.754	0.78641	0.78654			6
2026.03.24	01:36:45.048	0.78642				2
2026.03.24	01:36:48.646	0.78641				2
2026.03.24	01:36:57.956	0.78642				2
2026.03.24	01:37:00.064	0.78642				2
2026.03.24	01:37:00.362	0.78641	0.78653			6
2026.03.24	01:37:04.872	0.78642	0.78654			6
2026.03.24	01:37:13.276	0.78643				2
2026.03.24	01:37:26.823	0.78642				2
2026.03.24	01:37:41.534	0.78641				2
2026.03.24	01:37:45.146	0.78642				2
2026.03.24	01:37:45.747	0.78643				2
2026.03.24	01:37:51.453	0.78642				2
2026.03.24	01:37:55.352	0.78643	0.78655			6
2026.03.24	01:38:00.170	0.78643				2
2026.03.24	01:38:00.466	0.78644	0.78657			6
2026.03.24	01:38:02.571	0.78642	0.78655			6
2026.03.24	01:38:08.583	0.78643				2
2026.03.24	01:38:28.111	0.78642	0.78654			6
2026.03.24	01:38:43.434	0.78640	0.78653			6
2026.03.24	01:38:44.337		0.78651			4
2026.03.24	01:38:44.946	0.78639				2
2026.03.24	01:38:48.242	0.78640				2
2026.03.24	01:38:51.850	0.78639				2
2026.03.24	01:38:52.755	0.78637	0.78649			6
2026.03.24	01:38:53.351	0.78638				2
2026.03.24	01:39:00.261	0.78638				2
2026.03.24	01:39:01.763	0.78637				2
2026.03.24	01:39:03.265	0.78635	0.78648			6
2026.03.24	01:39:05.068	0.78634	0.78645			6
2026.03.24	01:39:07.176	0.78633				2
2026.03.24	01:39:11.981	0.78634				2
2026.03.24	01:39:14.977	0.78633				2
2026.03.24	01:39:30.002	0.78635	0.78646			6
2026.03.24	01:39:30.603	0.78639	0.78649			6
2026.03.24	01:39:30.905		0.78650			4
2026.03.24	01:39:32.999	0.78638				2
2026.03.24	01:39:33.600	0.78639				2
2026.03.24	01:39:38.414	0.78638				2
2026.03.24	01:39:47.429	0.78639				2
2026.03.24	01:39:52.831	0.78638				2
2026.03.24	01:39:54.035	0.78640				2
2026.03.24	01:40:00.045	0.78640				2
2026.03.24	01:40:00.643		0.78651			4
2026.03.24	01:40:01.850	0.78641	0.78653			6
2026.03.24	01:40:09.664	0.78642	0.78654			6
2026.03.24	01:40:13.875	0.78643				2
2026.03.24	01:40:20.792	0.78642				2
2026.03.24	01:40:21.087	0.78643				2
2026.03.24	01:40:32.205	0.78642				2
2026.03.24	01:40:37.614	0.78643				2
2026.03.24	01:40:43.023		0.78655			4
2026.03.24	01:40:55.047	0.78644				2
2026.03.24	01:40:56.850	0.78647	0.78658			6
2026.03.24	01:41:00.163	0.78647				2
2026.03.24	01:41:01.371	0.78649	0.78662			6
2026.03.24	01:41:33.221	0.78651				2
2026.03.24	01:41:57.857	0.78652	0.78663			6
2026.03.24	01:41:59.361	0.78651				2
2026.03.24	01:42:00.267	0.78651				2
2026.03.24	01:42:01.765	0.78653	0.78665			6
2026.03.24	01:42:13.186	0.78658	0.78667			6
2026.03.24	01:42:19.497	0.78657				2
2026.03.24	01:42:20.095	0.78658				2
2026.03.24	01:42:35.731	0.78657				2
2026.03.24	01:42:39.640	0.78656				2
2026.03.24	01:42:39.940	0.78657				2
2026.03.24	01:42:57.376	0.78656				2
2026.03.24	01:43:00.076	0.78656				2
2026.03.24	01:43:01.277	0.78657				2
2026.03.24	01:43:13.313		0.78667			4
2026.03.24	01:43:22.323	0.78658				2
2026.03.24	01:43:34.347	0.78657				2
2026.03.24	01:43:39.460	0.78658				2
2026.03.24	01:43:47.572	0.78657				2
2026.03.24	01:43:58.704		0.78666			4
2026.03.24	01:44:00.206	0.78657				2
2026.03.24	01:44:00.509	0.78656				2
2026.03.24	01:44:00.808	0.78657				2
2026.03.24	01:44:03.813	0.78656				2
2026.03.24	01:44:05.013	0.78657	0.78667			6
2026.03.24	01:44:07.418	0.78658				2
2026.03.24	01:44:17.050	0.78657				2
2026.03.24	01:44:31.173	0.78658				2
2026.03.24	01:44:35.677	0.78657				2
2026.03.24	01:44:44.098	0.78656	0.78666			6
2026.03.24	01:44:44.396	0.78657				2
2026.03.24	01:44:48.294		0.78667			4
2026.03.24	01:44:48.894	0.78656				2
2026.03.24	01:44:49.199	0.78653	0.78665			6
2026.03.24	01:44:49.500	0.78657	0.78669			6
2026.03.24	01:44:54.004	0.78658				2
2026.03.24	01:44:54.301	0.78660	0.78671			6
2026.03.24	01:45:00.019	0.78660				2
2026.03.24	01:45:00.333	0.78658	0.78670			6
2026.03.24	01:45:01.222		0.78669			4
2026.03.24	01:45:15.989	0.78655	0.78667			6
2026.03.24	01:45:20.113	0.78656				2
2026.03.24	01:45:39.577		0.78668			4
2026.03.24	01:45:45.216	0.78660	0.78670			6
2026.03.24	01:45:47.509	0.78664	0.78677			6
2026.03.24	01:45:47.809	0.78665				2
2026.03.24	01:45:49.225	0.78664				2
2026.03.24	01:45:50.553		0.78675			4
2026.03.24	01:45:53.282	0.78665				2
2026.03.24	01:45:55.541	0.78668	0.78679			6
2026.03.24	01:46:00.586	0.78668				2
2026.03.24	01:46:00.887	0.78669				2
2026.03.24	01:46:06.703		0.78680			4
2026.03.24	01:46:09.646	0.78671	0.78682			6
2026.03.24	01:46:12.369	0.78672				2
2026.03.24	01:46:20.761	0.78671	0.78683			6
2026.03.24	01:46:24.761	0.78670	0.78682			6
2026.03.24	01:46:34.212	0.78671				2
2026.03.24	01:46:35.493	0.78672	0.78683			6
2026.03.24	01:46:48.992	0.78673				2
2026.03.24	01:46:49.592	0.78674	0.78684			6
2026.03.24	01:46:51.291	0.78675				2
2026.03.24	01:46:57.068	0.78674				2
2026.03.24	01:46:57.368	0.78672	0.78683			6
2026.03.24	01:47:00.014	0.78671				2
2026.03.24	01:47:02.087	0.78672				2
2026.03.24	01:47:07.213	0.78673				2
2026.03.24	01:47:13.813	0.78672				2
2026.03.24	01:47:14.114	0.78667	0.78679			6
2026.03.24	01:47:14.414		0.78678			4
2026.03.24	01:47:24.192	0.78666				2
2026.03.24	01:47:24.491	0.78667				2
2026.03.24	01:47:30.615	0.78666				2
2026.03.24	01:47:32.115	0.78662	0.78673			6
2026.03.24	01:47:37.575	0.78658	0.78669			6
2026.03.24	01:47:41.328	0.78657				2
2026.03.24	01:47:49.401	0.78658				2
2026.03.24	01:47:50.944		0.78667			4
2026.03.24	01:47:51.244	0.78657				2
2026.03.24	01:47:52.726		0.78666			4
2026.03.24	01:48:00.283	0.78657				2
2026.03.24	01:48:00.585		0.78667			4
2026.03.24	01:48:03.564	0.78656				2
2026.03.24	01:48:03.865		0.78666			4
2026.03.24	01:48:04.167		0.78667			4
2026.03.24	01:48:11.713	0.78657				2
2026.03.24	01:48:26.483	0.78656				2
2026.03.24	01:48:26.783	0.78655				2
2026.03.24	01:48:29.082	0.78656				2
2026.03.24	01:48:30.978	0.78658				2
2026.03.24	01:48:31.891	0.78661	0.78671			6
2026.03.24	01:48:32.820	0.78662	0.78673			6
2026.03.24	01:48:34.833	0.78660	0.78671			6
2026.03.24	01:48:35.525	0.78658	0.78670			6
2026.03.24	01:48:36.592	0.78659				2
2026.03.24	01:48:54.329	0.78661				2
2026.03.24	01:48:55.010		0.78671			4
2026.03.24	01:48:58.437	0.78660				2
2026.03.24	01:49:00.300	0.78660				2
2026.03.24	01:49:08.801	0.78659				2
2026.03.24	01:49:16.592	0.78658				2
2026.03.24	01:49:27.807		0.78670			4
2026.03.24	01:49:44.807	0.78655	0.78667			6
2026.03.24	01:49:45.107		0.78666			4
2026.03.24	01:49:50.100	0.78654				2
2026.03.24	01:49:53.483	0.78655				2
2026.03.24	01:50:00.256	0.78655				2
2026.03.24	01:50:09.179	0.78656				2
2026.03.24	01:50:09.478		0.78667			4
2026.03.24	01:50:12.019		0.78666			4
2026.03.24	01:50:14.945	0.78654	0.78665			6
2026.03.24	01:50:15.245	0.78653	0.78664			6
2026.03.24	01:50:19.058	0.78654				2
2026.03.24	01:50:19.359		0.78665			4
2026.03.24	01:50:19.961	0.78657	0.78667			6
2026.03.24	01:50:24.900		0.78666			4
2026.03.24	01:50:33.202	0.78661	0.78672			6
2026.03.24	01:50:33.802	0.78660	0.78670			6
2026.03.24	01:50:34.162	0.78661				2
2026.03.24	01:50:35.720	0.78662	0.78674			6
2026.03.24	01:50:36.020	0.78663	0.78676			6
2026.03.24	01:50:39.405	0.78664				2
2026.03.24	01:50:41.029	0.78662	0.78674			6
2026.03.24	01:50:45.711	0.78663				2
2026.03.24	01:50:54.885	0.78662				2
2026.03.24	01:51:00.293	0.78662				2
2026.03.24	01:51:03.123	0.78661				2
2026.03.24	01:51:03.424	0.78660	0.78673			6
2026.03.24	01:51:06.498	0.78659				2
2026.03.24	01:51:07.399	0.78660				2
2026.03.24	01:51:20.833	0.78657	0.78670			6
2026.03.24	01:51:28.694	0.78656				2
2026.03.24	01:51:29.163	0.78657				2
2026.03.24	01:51:32.681	0.78656	0.78669			6
2026.03.24	01:51:41.410	0.78655	0.78667			6
2026.03.24	01:51:44.543	0.78654				2
2026.03.24	01:51:47.705	0.78655				2
2026.03.24	01:51:55.888	0.78654				2
2026.03.24	01:51:59.245	0.78653	0.78666			6
2026.03.24	01:52:00.279	0.78653				2
2026.03.24	01:52:05.770	0.78651	0.78665			6
2026.03.24	01:52:12.313	0.78652				2
2026.03.24	01:52:16.561	0.78655				2
2026.03.24	01:52:23.920	0.78656				2
2026.03.24	01:52:30.584	0.78654	0.78663			6
2026.03.24	01:52:33.665	0.78650	0.78659			6
2026.03.24	01:52:35.476	0.78651				2
2026.03.24	01:52:36.394	0.78643	0.78652			6
2026.03.24	01:52:36.689	0.78642	0.78651			6
2026.03.24	01:52:37.287	0.78644	0.78653			6
2026.03.24	01:52:38.296	0.78640	0.78649			6
2026.03.24	01:52:38.596	0.78635	0.78645			6
2026.03.24	01:52:38.895	0.78638	0.78647			6
2026.03.24	01:52:39.497	0.78639	0.78649			6
2026.03.24	01:52:40.111	0.78635	0.78644			6
2026.03.24	01:52:40.412	0.78634				2
2026.03.24	01:52:41.311	0.78636	0.78645			6
2026.03.24	01:52:41.913	0.78637				2
2026.03.24	01:52:42.212	0.78642	0.78652			6
2026.03.24	01:52:42.512	0.78643				2
2026.03.24	01:52:43.114	0.78641				2
2026.03.24	01:52:43.414	0.78643				2
2026.03.24	01:52:49.641	0.78642				2
2026.03.24	01:52:49.942	0.78643				2
2026.03.24	01:52:54.306	0.78646	0.78654			6
2026.03.24	01:52:55.347	0.78643	0.78651			6
2026.03.24	01:53:00.274	0.78643				2
2026.03.24	01:53:00.574		0.78653			4
2026.03.24	01:53:01.388	0.78642	0.78651			6
2026.03.24	01:53:21.470	0.78639	0.78649			6
2026.03.24	01:53:22.071	0.78641	0.78650			6
2026.03.24	01:53:23.349		0.78651			4
2026.03.24	01:53:26.765	0.78642				2
2026.03.24	01:53:29.170	0.78641				2
2026.03.24	01:53:30.748	0.78642	0.78652			6
2026.03.24	01:53:31.048	0.78643				2
2026.03.24	01:53:31.350	0.78645	0.78654			6
2026.03.24	01:53:35.873	0.78646				2
2026.03.24	01:53:36.173	0.78645				2
2026.03.24	01:53:36.473	0.78644	0.78653			6
2026.03.24	01:53:37.073	0.78645				2
2026.03.24	01:53:37.474		0.78654			4
2026.03.24	01:53:38.275	0.78644				2
2026.03.24	01:53:38.574	0.78639	0.78649			6
2026.03.24	01:53:44.846		0.78648			4
2026.03.24	01:53:47.782	0.78637	0.78647			6
2026.03.24	01:53:48.422		0.78646			4
2026.03.24	01:53:48.722	0.78638	0.78648			6
2026.03.24	01:53:50.518	0.78634	0.78643			6
2026.03.24	01:53:52.417	0.78633				2
2026.03.24	01:53:56.138		0.78642			4
2026.03.24	01:53:56.439	0.78632				2
2026.03.24	01:53:58.022	0.78633				2
2026.03.24	01:53:58.323	0.78632				2
2026.03.24	01:53:59.259	0.78633				2
2026.03.24	01:54:00.168	0.78633				2
2026.03.24	01:54:01.366	0.78631	0.78641			6
2026.03.24	01:54:01.667	0.78630	0.78640			6
2026.03.24	01:54:03.629	0.78629				2
2026.03.24	01:54:08.792	0.78625	0.78635			6
2026.03.24	01:54:09.091	0.78626	0.78636			6
2026.03.24	01:54:09.393	0.78627	0.78637			6
2026.03.24	01:54:12.446	0.78628	0.78638			6
2026.03.24	01:54:13.818	0.78625	0.78635			6
2026.03.24	01:54:18.812	0.78624				2
2026.03.24	01:54:20.516	0.78626	0.78636			6
2026.03.24	01:54:21.475	0.78625				2
2026.03.24	01:54:23.425	0.78624	0.78635			6
2026.03.24	01:54:29.102	0.78625				2
2026.03.24	01:54:29.402	0.78626				2
2026.03.24	01:54:30.546		0.78637			4
2026.03.24	01:54:35.669	0.78629	0.78640			6
2026.03.24	01:54:35.964	0.78632	0.78642			6
2026.03.24	01:54:36.865	0.78635	0.78644			6
2026.03.24	01:54:37.165	0.78633				2
2026.03.24	01:54:42.771		0.78643			4
2026.03.24	01:54:51.998	0.78627	0.78636			6
2026.03.24	01:54:52.604	0.78628	0.78638			6
2026.03.24	01:54:58.612	0.78629				2
2026.03.24	01:54:59.966	0.78628				2
2026.03.24	01:55:00.267	0.78628				2
2026.03.24	01:55:07.207	0.78627	0.78637			6
2026.03.24	01:55:09.555	0.78628	0.78638			6
2026.03.24	01:55:10.599	0.78625	0.78637			6
2026.03.24	01:55:12.496	0.78628	0.78639			6
2026.03.24	01:55:17.955	0.78627	0.78638			6
2026.03.24	01:55:18.555	0.78628				2
2026.03.24	01:55:19.971	0.78629	0.78639			6
2026.03.24	01:55:21.642	0.78628				2
2026.03.24	01:55:21.942	0.78629				2
2026.03.24	01:55:23.329	0.78628				2
2026.03.24	01:55:24.009	0.78627				2
2026.03.24	01:55:24.306	0.78629				2
2026.03.24	01:55:24.910	0.78628				2
2026.03.24	01:55:25.207	0.78629				2
2026.03.24	01:55:29.955	0.78628				2
2026.03.24	01:55:35.700	0.78627				2
2026.03.24	01:55:37.431	0.78629				2
2026.03.24	01:55:39.305	0.78628				2
2026.03.24	01:55:45.707	0.78629				2
2026.03.24	01:55:47.737	0.78628				2
2026.03.24	01:55:51.227	0.78626	0.78638			6
2026.03.24	01:55:54.265	0.78625	0.78637			6
2026.03.24	01:56:00.100	0.78625				2
2026.03.24	01:56:00.400	0.78626				2
2026.03.24	01:56:04.290	0.78625				2
2026.03.24	01:56:10.224	0.78626				2
2026.03.24	01:56:11.677	0.78629	0.78641			6
2026.03.24	01:56:14.106		0.78639			4
2026.03.24	01:56:14.407	0.78626	0.78638			6
2026.03.24	01:56:14.706		0.78637			4
2026.03.24	01:56:15.358	0.78623	0.78635			6
2026.03.24	01:56:15.659	0.78624	0.78636			6
2026.03.24	01:56:17.959	0.78626				2
2026.03.24	01:56:18.815		0.78637			4
2026.03.24	01:56:28.522	0.78625				2
2026.03.24	01:56:29.122		0.78636			4
2026.03.24	01:56:30.290	0.78623	0.78635			6
2026.03.24	01:56:30.892	0.78624				2
2026.03.24	01:56:32.791	0.78623				2
2026.03.24	01:56:46.842	0.78624				2
2026.03.24	01:56:48.874	0.78623	0.78634			6
2026.03.24	01:56:52.974	0.78620	0.78632			6
2026.03.24	01:56:58.177	0.78625	0.78636			6
2026.03.24	01:57:03.913	0.78625				2
2026.03.24	01:57:06.144	0.78623	0.78635			6
2026.03.24	01:57:08.276	0.78625	0.78636			6
2026.03.24	01:57:09.207	0.78622	0.78635			6
2026.03.24	01:57:09.506	0.78621	0.78632			6
2026.03.24	01:57:15.640	0.78620	0.78631			6
2026.03.24	01:57:18.617	0.78618	0.78630			6
2026.03.24	01:57:24.832	0.78617	0.78629			6
2026.03.24	01:57:31.405	0.78619	0.78630			6
2026.03.24	01:57:35.330	0.78620				2
2026.03.24	01:57:42.914	0.78619				2
2026.03.24	01:57:43.515	0.78618				2
2026.03.24	01:57:43.816	0.78620				2
2026.03.24	01:57:44.417	0.78619				2
2026.03.24	01:58:00.286	0.78619				2
2026.03.24	01:58:00.579	0.78618				2
2026.03.24	01:58:02.334	0.78619				2
2026.03.24	01:58:09.913	0.78620				2
2026.03.24	01:58:12.051	0.78619				2
2026.03.24	01:58:36.514	0.78618	0.78630			6
2026.03.24	01:58:43.966	0.78616	0.78628			6
2026.03.24	01:58:46.909	0.78618	0.78630			6
2026.03.24	01:58:49.018		0.78631			4
2026.03.24	01:58:52.113	0.78619				2
2026.03.24	01:58:52.414	0.78620	0.78632			6
2026.03.24	01:58:53.577	0.78619				2
2026.03.24	01:58:54.303		0.78631			4
2026.03.24	01:59:00.037	0.78620	0.78632			6
2026.03.24	01:59:00.337	0.78621	0.78633			6
2026.03.24	01:59:07.671	0.78619	0.78631			6
2026.03.24	01:59:09.831	0.78618				2
2026.03.24	01:59:20.233	0.78621	0.78633			6
2026.03.24	01:59:26.401	0.78620	0.78632			6
2026.03.24	01:59:28.486	0.78621				2
2026.03.24	01:59:36.764		0.78633			4
2026.03.24	01:59:44.576	0.78625	0.78636			6
2026.03.24	01:59:52.812	0.78624				2
2026.03.24	01:59:56.781	0.78625				2
2026.03.24	02:00:00.282	0.78625				2
2026.03.24	02:00:01.182	0.78626	0.78638			6
2026.03.24	02:00:06.631	0.78624	0.78635			6
2026.03.24	02:00:07.677	0.78625	0.78636			6
2026.03.24	02:00:09.088	0.78624	0.78635			6
2026.03.24	02:00:09.387		0.78636			4
2026.03.24	02:00:10.903	0.78625				2
2026.03.24	02:00:12.856		0.78637			4
2026.03.24	02:00:13.155	0.78628	0.78639			6
2026.03.24	02:00:18.118	0.78629	0.78641			6
2026.03.24	02:00:20.709	0.78627	0.78639			6
2026.03.24	02:00:21.308	0.78629				2
2026.03.24	02:00:21.609	0.78630	0.78641			6
2026.03.24	02:00:22.210	0.78632	0.78642			6
2026.03.24	02:00:23.114	0.78631				2
2026.03.24	02:00:25.464		0.78640			4
2026.03.24	02:00:27.111		0.78641			4
2026.03.24	02:00:27.411	0.78632				2
2026.03.24	02:00:37.397	0.78631				2
2026.03.24	02:00:37.697	0.78632				2
2026.03.24	02:00:40.768	0.78631	0.78640			6
2026.03.24	02:00:42.250		0.78641			4
2026.03.24	02:00:43.502	0.78626	0.78635			6
2026.03.24	02:00:43.802	0.78625				2
2026.03.24	02:00:50.704	0.78626	0.78636			6
2026.03.24	02:00:53.113	0.78627				2
2026.03.24	02:00:59.161	0.78628	0.78638			6
2026.03.24	02:01:00.098	0.78628				2
2026.03.24	02:01:00.404	0.78627				2
2026.03.24	02:01:00.699	0.78628				2
2026.03.24	02:01:02.194	0.78627				2
2026.03.24	02:01:04.291	0.78626	0.78637			6
2026.03.24	02:01:06.662		0.78638			4
2026.03.24	02:01:07.958	0.78622	0.78633			6
2026.03.24	02:01:10.885		0.78632			4
2026.03.24	02:01:13.000	0.78621	0.78631			6
2026.03.24	02:01:13.301	0.78620				2
2026.03.24	02:01:15.289	0.78621	0.78629			6
2026.03.24	02:01:15.589	0.78623	0.78633			6
2026.03.24	02:01:17.140	0.78622				2
2026.03.24	02:01:19.519	0.78623				2
2026.03.24	02:01:21.221	0.78622				2
2026.03.24	02:01:22.858	0.78623				2
2026.03.24	02:01:35.054	0.78624	0.78634			6
2026.03.24	02:01:35.654	0.78623				2
2026.03.24	02:01:35.954	0.78624				2
2026.03.24	02:01:41.553	0.78622				2
2026.03.24	02:01:42.452	0.78625	0.78630			6
2026.03.24	02:01:42.752	0.78619	0.78629			6
2026.03.24	02:01:43.051	0.78625	0.78630			6
2026.03.24	02:01:43.352	0.78619	0.78629			6
2026.03.24	02:01:43.652	0.78625	0.78630			6
2026.03.24	02:01:43.952	0.78619	0.78629			6
2026.03.24	02:01:44.253	0.78625	0.78630			6
2026.03.24	02:01:44.559	0.78619	0.78629			6
2026.03.24	02:01:44.942	0.78625	0.78630			6
2026.03.24	02:01:45.243	0.78619	0.78629			6
2026.03.24	02:01:45.543	0.78625	0.78630			6
2026.03.24	02:01:45.843	0.78619	0.78629			6
2026.03.24	02:01:46.144		0.78630			4
2026.03.24	02:01:50.505	0.78616	0.78627			6
2026.03.24	02:01:51.106	0.78618	0.78629			6
2026.03.24	02:01:52.380	0.78619				2
2026.03.24	02:01:56.851	0.78621	0.78631			6
2026.03.24	02:01:58.184	0.78624	0.78633			6
2026.03.24	02:02:00.197	0.78624				2
2026.03.24	02:02:00.496		0.78634			4
2026.03.24	02:02:03.272	0.78626	0.78635			6
2026.03.24	02:02:03.925		0.78636			4
2026.03.24	02:02:04.568		0.78635			4
2026.03.24	02:02:05.793		0.78636			4
2026.03.24	02:02:12.288	0.78625				2
2026.03.24	02:02:21.565	0.78627	0.78637			6
2026.03.24	02:02:21.866		0.78636			4
2026.03.24	02:02:31.973	0.78626	0.78637			6
2026.03.24	02:02:35.108	0.78627	0.78636			6
2026.03.24	02:02:35.986	0.78625				2
2026.03.24	02:02:43.267		0.78637			4
2026.03.24	02:02:44.358		0.78635			4
2026.03.24	02:02:45.359		0.78637			4
2026.03.24	02:02:46.359	0.78628				2
2026.03.24	02:02:47.362	0.78625				2
2026.03.24	02:02:50.432	0.78626				2
2026.03.24	02:02:58.772	0.78625	0.78636			6
2026.03.24	02:03:00.140	0.78625				2
2026.03.24	02:03:01.397		0.78637			4
2026.03.24	02:03:03.859	0.78627	0.78638			6
2026.03.24	02:03:09.864	0.78628				2
2026.03.24	02:03:11.021	0.78627				2
2026.03.24	02:03:15.711	0.78630	0.78641			6
2026.03.24	02:03:16.010	0.78631				2
2026.03.24	02:03:16.310		0.78642			4
2026.03.24	02:03:32.157	0.78630	0.78641			6
2026.03.24	02:03:32.757	0.78628	0.78640			6
2026.03.24	02:03:39.108		0.78638			4
2026.03.24	02:03:41.156	0.78627				2
2026.03.24	02:03:48.006	0.78628				2
2026.03.24	02:03:48.607	0.78626				2
2026.03.24	02:03:49.208	0.78627				2
2026.03.24	02:03:50.969	0.78628	0.78640			6
2026.03.24	02:03:55.812	0.78629				2
2026.03.24	02:03:58.997	0.78628				2
2026.03.24	02:04:00.929	0.78628				2
2026.03.24	02:04:03.205	0.78626				2
2026.03.24	02:04:03.505	0.78628				2
2026.03.24	02:04:05.415	0.78629				2
2026.03.24	02:04:10.400	0.78628	0.78639			6
2026.03.24	02:04:13.021	0.78629				2
2026.03.24	02:04:14.108	0.78628				2
2026.03.24	02:04:15.033		0.78640			4
2026.03.24	02:04:15.333	0.78629				2
2026.03.24	02:04:18.308		0.78639			4
2026.03.24	02:04:18.614	0.78628				2
2026.03.24	02:04:25.800	0.78629				2
2026.03.24	02:04:26.101	0.78628				2
2026.03.24	02:04:29.094	0.78627	0.78638			6
2026.03.24	02:04:32.849		0.78639			4
2026.03.24	02:04:35.184	0.78628	0.78640			6
2026.03.24	02:04:44.587	0.78629				2
2026.03.24	02:04:44.888	0.78635	0.78637			6
2026.03.24	02:04:48.193	0.78639	0.78640			6
2026.03.24	02:04:48.493	0.78631	0.78644			6
2026.03.24	02:04:52.550		0.78643			4
2026.03.24	02:04:55.499	0.78629	0.78640			6
2026.03.24	02:04:59.860		0.78641			4
2026.03.24	02:05:00.160	0.78629				2
2026.03.24	02:05:00.466	0.78626	0.78640			6
2026.03.24	02:05:01.835	0.78634	0.78637			6
2026.03.24	02:05:02.436	0.78635	0.78638			6
2026.03.24	02:05:05.448	0.78628	0.78639			6
2026.03.24	02:05:12.260	0.78627				2
2026.03.24	02:05:14.927	0.78622	0.78633			6
2026.03.24	02:05:15.720	0.78621				2
2026.03.24	02:05:39.913	0.78622				2
2026.03.24	02:05:42.020		0.78635			4
2026.03.24	02:05:42.322	0.78623				2
2026.03.24	02:05:52.729	0.78618	0.78628			6
2026.03.24	02:05:56.192	0.78617				2
2026.03.24	02:05:58.945	0.78618				2
2026.03.24	02:06:00.183	0.78622	0.78633			6
2026.03.24	02:06:01.083	0.78623				2
2026.03.24	02:06:05.949		0.78634			4
2026.03.24	02:06:08.184	0.78622	0.78632			6
2026.03.24	02:06:09.064		0.78633			4
2026.03.24	02:06:10.578		0.78632			4
2026.03.24	02:06:12.120	0.78621				2
2026.03.24	02:06:34.277	0.78622				2
2026.03.24	02:06:40.436	0.78624	0.78636			6
2026.03.24	02:06:40.736	0.78625	0.78637			6
2026.03.24	02:06:56.146	0.78624				2
2026.03.24	02:07:00.260	0.78624				2
2026.03.24	02:07:00.863		0.78636			4
2026.03.24	02:07:02.197	0.78623	0.78635			6
2026.03.24	02:07:04.641	0.78621	0.78634			6
2026.03.24	02:07:04.943		0.78633			4
2026.03.24	02:07:07.844		0.78634			4
2026.03.24	02:07:08.145	0.78620	0.78631			6
2026.03.24	02:07:09.045		0.78630			4
2026.03.24	02:07:12.442	0.78619				2
2026.03.24	02:07:14.558	0.78620				2
2026.03.24	02:07:15.596	0.78621	0.78632			6
2026.03.24	02:07:18.536	0.78620	0.78631			6
2026.03.24	02:07:21.214		0.78630			4
2026.03.24	02:07:21.513	0.78619				2
2026.03.24	02:07:24.890		0.78631			4
2026.03.24	02:07:25.640		0.78629			4
2026.03.24	02:07:38.705	0.78620	0.78631			6
2026.03.24	02:07:39.112	0.78621				2
2026.03.24	02:07:41.752	0.78620	0.78630			6
2026.03.24	02:07:42.916	0.78619				2
2026.03.24	02:07:43.218	0.78620				2
2026.03.24	02:07:46.377		0.78631			4
2026.03.24	02:07:48.185	0.78619				2
2026.03.24	02:07:53.076	0.78623	0.78633			6
2026.03.24	02:07:58.335	0.78622				2
2026.03.24	02:07:58.635	0.78620	0.78631			6
2026.03.24	02:08:00.100	0.78620				2
2026.03.24	02:08:00.394	0.78621	0.78633			6
2026.03.24	02:08:02.761	0.78622				2
2026.03.24	02:08:03.061	0.78628	0.78638			6
2026.03.24	02:08:06.771	0.78629				2
2026.03.24	02:08:07.372	0.78628				2
2026.03.24	02:08:07.673	0.78629	0.78639			6
2026.03.24	02:08:07.972	0.78635	0.78645			6
2026.03.24	02:08:08.272	0.78634				2
2026.03.24	02:08:09.173	0.78635				2
2026.03.24	02:08:09.473	0.78634				2
2026.03.24	02:08:09.773	0.78635				2
2026.03.24	02:08:11.348	0.78634				2
2026.03.24	02:08:16.074	0.78637	0.78648			6
2026.03.24	02:08:17.909	0.78636				2
2026.03.24	02:08:19.067	0.78637				2
2026.03.24	02:08:30.646	0.78634	0.78645			6
2026.03.24	02:08:37.098	0.78635	0.78646			6
2026.03.24	02:08:46.450		0.78645			4
2026.03.24	02:08:55.874	0.78634				2
2026.03.24	02:08:57.192		0.78646			4
2026.03.24	02:09:00.295	0.78634	0.78645			6
2026.03.24	02:09:02.574		0.78646			4
2026.03.24	02:09:03.176	0.78635				2
2026.03.24	02:09:06.421		0.78645			4
2026.03.24	02:09:11.039	0.78634				2
2026.03.24	02:09:11.340	0.78631	0.78641			6
2026.03.24	02:09:17.097	0.78630				2
2026.03.24	02:09:29.350	0.78629	0.78640			6
2026.03.24	02:09:32.599	0.78628				2
2026.03.24	02:09:42.466	0.78627	0.78639			6
2026.03.24	02:09:53.765		0.78638			4
2026.03.24	02:09:54.972	0.78626	0.78637			6
2026.03.24	02:10:00.267	0.78626				2
2026.03.24	02:10:00.567	0.78631	0.78641			6
2026.03.24	02:10:11.264	0.78630				2
2026.03.24	02:10:13.142	0.78631	0.78642			6
2026.03.24	02:10:14.406	0.78630	0.78641			6
2026.03.24	02:10:17.879	0.78631				2
2026.03.24	02:10:18.179		0.78642			4
2026.03.24	02:10:20.751	0.78630				2
2026.03.24	02:10:32.976	0.78631				2
2026.03.24	02:10:35.988	0.78630				2
2026.03.24	02:10:36.288	0.78631				2
2026.03.24	02:10:40.045		0.78643			4
2026.03.24	02:10:40.646		0.78640			4
2026.03.24	02:10:40.946	0.78630				2
2026.03.24	02:10:44.878	0.78629				2
2026.03.24	02:10:45.181	0.78630				2
2026.03.24	02:10:51.730	0.78634	0.78645			6
2026.03.24	02:10:56.776	0.78636	0.78647			6
2026.03.24	02:10:58.213	0.78635				2
2026.03.24	02:11:01.172	0.78635				2
2026.03.24	02:11:05.942		0.78646			4
2026.03.24	02:11:07.191	0.78637	0.78647			6
2026.03.24	02:11:11.340	0.78636				2
2026.03.24	02:11:12.510		0.78646			4
2026.03.24	02:11:14.672	0.78637				2
2026.03.24	02:11:20.734		0.78645			4
2026.03.24	02:11:24.151	0.78636				2
2026.03.24	02:11:31.892	0.78635				2
2026.03.24	02:11:32.193	0.78633	0.78643			6
2026.03.24	02:11:32.492	0.78632	0.78641			6
2026.03.24	02:11:33.491		0.78642			4
2026.03.24	02:11:35.252	0.78631				2
2026.03.24	02:11:35.552	0.78630	0.78641			6
2026.03.24	02:11:35.852	0.78633	0.78645			6
2026.03.24	02:11:37.076	0.78634				2
2026.03.24	02:11:42.527		0.78644			4
2026.03.24	02:11:46.296	0.78635	0.78645			6
2026.03.24	02:11:50.769	0.78636	0.78646			6
2026.03.24	02:11:51.070	0.78635				2
2026.03.24	02:11:58.483		0.78645			4
2026.03.24	02:12:00.412	0.78635				2
2026.03.24	02:12:05.388	0.78636	0.78646			6
2026.03.24	02:12:08.774	0.78635	0.78643			6
2026.03.24	02:12:09.375	0.78636	0.78646			6
2026.03.24	02:12:11.766	0.78637	0.78647			6
2026.03.24	02:12:14.466		0.78648			4
2026.03.24	02:12:20.304	0.78636	0.78647			6
2026.03.24	02:12:27.665	0.78635	0.78646			6
2026.03.24	02:12:28.334		0.78647			4
2026.03.24	02:12:29.399		0.78646			4
2026.03.24	02:12:31.639	0.78636				2
2026.03.24	02:12:36.860	0.78638	0.78648			6
2026.03.24	02:12:39.965	0.78639				2
2026.03.24	02:12:42.930	0.78638				2
2026.03.24	02:12:43.651	0.78637				2
2026.03.24	02:12:44.910		0.78646			4
2026.03.24	02:12:45.911		0.78648			4
2026.03.24	02:12:47.912		0.78646			4
2026.03.24	02:12:48.412		0.78648			4
2026.03.24	02:12:49.014	0.78636	0.78646			6
2026.03.24	02:12:51.166	0.78637	0.78648			6
2026.03.24	02:12:53.077		0.78647			4
2026.03.24	02:12:58.741	0.78638				2
2026.03.24	02:13:00.238	0.78638	0.78648			6
2026.03.24	02:13:01.702	0.78639				2
2026.03.24	02:13:04.552	0.78640	0.78649			6
2026.03.24	02:13:08.547	0.78639				2
2026.03.24	02:13:12.678		0.78647			4
2026.03.24	02:13:13.178		0.78649			4
2026.03.24	02:13:17.376	0.78638				2
2026.03.24	02:13:17.676	0.78636	0.78645			6
2026.03.24	02:13:18.737	0.78637	0.78646			6
2026.03.24	02:13:21.375	0.78636				2
2026.03.24	02:13:21.673	0.78632	0.78641			6
2026.03.24	02:13:23.659	0.78631				2
2026.03.24	02:13:25.935	0.78633				2
2026.03.24	02:13:28.077	0.78632	0.78642			6
2026.03.24	02:13:31.197	0.78631	0.78641			6
2026.03.24	02:13:41.006	0.78632	0.78642			6
2026.03.24	02:13:41.911	0.78631	0.78641			6
2026.03.24	02:13:42.757	0.78632	0.78642			6
2026.03.24	02:13:46.269	0.78631				2
2026.03.24	02:13:46.569	0.78632				2
2026.03.24	02:13:49.611	0.78631	0.78641			6
2026.03.24	02:13:51.518	0.78632	0.78642			6
2026.03.24	02:13:53.053		0.78643			4
2026.03.24	02:13:53.655		0.78641			4
2026.03.24	02:13:55.191	0.78633	0.78642			6
2026.03.24	02:13:55.492	0.78632	0.78641			6
2026.03.24	02:14:00.124	0.78632				2
2026.03.24	02:14:04.748	0.78633	0.78642			6
2026.03.24	02:14:10.097	0.78634				2
2026.03.24	02:14:16.198	0.78633	0.78643			6
2026.03.24	02:14:24.767	0.78634				2
2026.03.24	02:14:31.387		0.78644			4
2026.03.24	02:14:50.413	0.78635				2
2026.03.24	02:14:56.412	0.78636	0.78645			6
2026.03.24	02:15:00.007	0.78636	0.78643			6
2026.03.24	02:15:00.306	0.78635	0.78642			6
2026.03.24	02:15:01.012	0.78636	0.78643			6
2026.03.24	02:15:01.612	0.78635				2
2026.03.24	02:15:02.684	0.78636				2
2026.03.24	02:15:18.698	0.78637	0.78645			6
2026.03.24	02:15:18.998	0.78636	0.78643			6
2026.03.24	02:15:28.813		0.78645			4
2026.03.24	02:15:30.331	0.78634	0.78642			6
2026.03.24	02:15:50.563		0.78641			4
2026.03.24	02:15:53.559	0.78635	0.78643			6
2026.03.24	02:15:53.858	0.78632	0.78639			6
2026.03.24	02:15:54.459		0.78640			4
2026.03.24	02:15:57.840	0.78631	0.78638			6
2026.03.24	02:15:58.141	0.78630				2
2026.03.24	02:16:00.090	0.78630				2
2026.03.24	02:16:00.389	0.78631				2
2026.03.24	02:16:04.009	0.78630	0.78639			6
2026.03.24	02:16:04.911	0.78631				2
2026.03.24	02:16:27.671		0.78637			4
2026.03.24	02:16:30.256	0.78630				2
2026.03.24	02:16:36.013	0.78631				2
2026.03.24	02:16:37.142	0.78632				2
2026.03.24	02:16:38.624	0.78631				2
2026.03.24	02:16:38.925	0.78632				2
2026.03.24	02:16:44.649	0.78633				2
2026.03.24	02:16:47.693		0.78639			4
2026.03.24	02:16:51.744	0.78635	0.78641			6
2026.03.24	02:16:54.308	0.78634				2
2026.03.24	02:16:54.609	0.78633	0.78640			6
2026.03.24	02:16:54.910	0.78631	0.78638			6
2026.03.24	02:16:55.210	0.78632				2
2026.03.24	02:16:57.171	0.78629	0.78636			6
2026.03.24	02:17:00.498	0.78629				2
2026.03.24	02:17:06.010	0.78628	0.78634			6
2026.03.24	02:17:07.135	0.78625	0.78631			6
2026.03.24	02:17:18.182	0.78628	0.78635			6
2026.03.24	02:17:26.749		0.78633			4
2026.03.24	02:17:27.354	0.78627	0.78632			6
2026.03.24	02:17:29.219	0.78628	0.78634			6
2026.03.24	02:17:29.520	0.78627	0.78633			6
2026.03.24	02:17:30.931	0.78625	0.78632			6
2026.03.24	02:17:41.772	0.78623	0.78629			6
2026.03.24	02:17:42.073	0.78622				2
2026.03.24	02:17:58.812	0.78621				2
2026.03.24	02:18:00.302	0.78621				2
2026.03.24	02:18:00.602		0.78628			4
2026.03.24	02:18:00.902	0.78622				2
2026.03.24	02:18:02.681	0.78621				2
2026.03.24	02:18:03.411	0.78622				2
2026.03.24	02:18:03.711	0.78620	0.78627			6
2026.03.24	02:18:05.693		0.78625			4
2026.03.24	02:18:11.690	0.78619				2
2026.03.24	02:18:15.656	0.78617	0.78623			6
2026.03.24	02:18:19.132	0.78620	0.78625			6
2026.03.24	02:18:24.653	0.78623	0.78629			6
2026.03.24	02:18:30.417	0.78622				2
2026.03.24	02:18:39.435	0.78625	0.78632			6
2026.03.24	02:18:43.842	0.78624				2
2026.03.24	02:18:44.143	0.78623	0.78631			6
2026.03.24	02:18:44.443	0.78621	0.78628			6
2026.03.24	02:18:45.344	0.78622	0.78630			6
2026.03.24	02:18:49.476	0.78621				2
2026.03.24	02:18:52.572	0.78622				2
2026.03.24	02:18:55.591	0.78621				2
2026.03.24	02:18:57.849	0.78620				2
2026.03.24	02:19:00.198	0.78620				2
2026.03.24	02:19:00.497	0.78621	0.78629			6
2026.03.24	02:19:04.839		0.78631			4
2026.03.24	02:19:06.171		0.78630			4
2026.03.24	02:19:07.341		0.78631			4
2026.03.24	02:19:11.181		0.78630			4
2026.03.24	02:19:13.562		0.78629			4
2026.03.24	02:19:16.889	0.78622	0.78630			6
2026.03.24	02:19:17.608	0.78621	0.78629			6
2026.03.24	02:19:17.909		0.78631			4
2026.03.24	02:19:22.376	0.78620				2
2026.03.24	02:19:23.739	0.78621				2
2026.03.24	02:19:24.716		0.78630			4
2026.03.24	02:19:25.016	0.78620	0.78629			6
2026.03.24	02:19:28.829	0.78621				2
2026.03.24	02:19:29.130	0.78623	0.78631			6
2026.03.24	02:19:29.756		0.78630			4
2026.03.24	02:19:36.668	0.78624	0.78631			6
2026.03.24	02:19:39.464	0.78623				2
2026.03.24	02:19:48.941	0.78624				2
2026.03.24	02:19:57.008	0.78626	0.78632			6
2026.03.24	02:19:59.207	0.78625				2
2026.03.24	02:20:00.190	0.78625				2
2026.03.24	02:20:00.490	0.78628	0.78634			6
2026.03.24	02:20:01.541	0.78631	0.78638			6
2026.03.24	02:20:09.737	0.78632	0.78639			6
2026.03.24	02:20:27.411	0.78636	0.78643			6
2026.03.24	02:20:50.693	0.78634	0.78641			6
2026.03.24	02:21:03.752	0.78634				2
2026.03.24	02:21:14.366	0.78633				2
2026.03.24	02:21:15.542	0.78634				2
2026.03.24	02:21:30.971	0.78635	0.78642			6
2026.03.24	02:21:33.912	0.78634				2
2026.03.24	02:21:39.277	0.78632	0.78640			6
2026.03.24	02:21:44.250	0.78631				2
2026.03.24	02:21:46.002		0.78639			4
2026.03.24	02:21:46.303	0.78630				2
2026.03.24	02:21:53.971	0.78629	0.78638			6
2026.03.24	02:22:00.383	0.78629				2
2026.03.24	02:22:04.618		0.78636			4
2026.03.24	02:22:04.919	0.78628				2
2026.03.24	02:22:15.215	0.78631	0.78639			6
2026.03.24	02:22:38.374	0.78629	0.78637			6
2026.03.24	02:22:57.394	0.78628	0.78635			6
2026.03.24	02:23:00.256	0.78627				2
2026.03.24	02:23:18.260	0.78629	0.78637			6
2026.03.24	02:23:21.000	0.78628	0.78636			6
2026.03.24	02:23:21.300	0.78629				2
2026.03.24	02:23:22.291	0.78628				2
2026.03.24	02:23:23.281	0.78627	0.78634			6
2026.03.24	02:23:25.380	0.78629	0.78637			6
2026.03.24	02:23:25.681	0.78630				2
2026.03.24	02:23:48.414	0.78629	0.78636			6
2026.03.24	02:23:54.473	0.78630	0.78638			6
2026.03.24	02:24:00.875	0.78630				2
2026.03.24	02:24:04.151	0.78626	0.78634			6
2026.03.24	02:24:04.447	0.78627				2
2026.03.24	02:24:08.846	0.78628				2
2026.03.24	02:24:14.633	0.78627				2
2026.03.24	02:24:25.916	0.78626				2
2026.03.24	02:24:28.327	0.78623	0.78630			6
2026.03.24	02:24:28.626	0.78621	0.78629			6
2026.03.24	02:24:34.060	0.78622				2
2026.03.24	02:24:36.183	0.78623				2
2026.03.24	02:24:38.954	0.78622				2
2026.03.24	02:24:40.194	0.78624	0.78631			6
2026.03.24	02:24:48.133	0.78625				2
2026.03.24	02:24:53.634	0.78624				2
2026.03.24	02:24:53.935	0.78620	0.78627			6
2026.03.24	02:25:00.271	0.78620				2
2026.03.24	02:25:00.571	0.78621	0.78628			6
2026.03.24	02:25:10.340	0.78622	0.78629			6
2026.03.24	02:25:18.017	0.78621				2
2026.03.24	02:25:21.515	0.78623				2
2026.03.24	02:25:22.155	0.78624	0.78631			6
2026.03.24	02:25:28.456	0.78623				2
2026.03.24	02:25:28.755	0.78622				2
2026.03.24	02:25:33.873	0.78623				2
2026.03.24	02:25:44.074	0.78624				2
2026.03.24	02:25:48.603	0.78625				2
2026.03.24	02:25:50.565	0.78626				2
2026.03.24	02:25:53.872	0.78625				2
2026.03.24	02:25:58.321		0.78632			4
2026.03.24	02:25:58.625	0.78624				2
2026.03.24	02:26:00.273	0.78624	0.78631			6
2026.03.24	02:26:00.873	0.78621	0.78628			6
2026.03.24	02:26:07.090	0.78620	0.78627			6
2026.03.24	02:26:07.813		0.78626			4
2026.03.24	02:26:08.112	0.78619				2
2026.03.24	02:26:26.095	0.78620				2
2026.03.24	02:27:04.394	0.78620				2
2026.03.24	02:27:04.695	0.78619				2
2026.03.24	02:27:11.554		0.78626			4
2026.03.24	02:27:11.852	0.78620	0.78625			6
2026.03.24	02:27:12.152	0.78619				2
2026.03.24	02:27:12.753	0.78618				2
2026.03.24	02:27:16.489	0.78617				2
2026.03.24	02:27:27.499	0.78618				2
2026.03.24	02:27:51.913	0.78617				2
2026.03.24	02:27:52.516	0.78618				2
2026.03.24	02:27:55.903		0.78626			4
2026.03.24	02:28:01.239	0.78618				2
2026.03.24	02:28:10.562		0.78625			4
2026.03.24	02:28:14.315	0.78619				2
2026.03.24	02:28:28.434	0.78621	0.78626			6
2026.03.24	02:28:29.115	0.78620				2
2026.03.24	02:28:36.295	0.78624	0.78630			6
2026.03.24	02:28:36.895	0.78625	0.78632			6
2026.03.24	02:28:48.317	0.78624	0.78631			6
2026.03.24	02:28:51.275	0.78625	0.78633			6
2026.03.24	02:29:00.112	0.78625				2
2026.03.24	02:29:00.411	0.78627	0.78635			6
2026.03.24	02:29:08.367		0.78636			4
2026.03.24	02:29:16.804	0.78626				2
2026.03.24	02:29:23.984	0.78624	0.78631			6
2026.03.24	02:29:24.284	0.78623				2
2026.03.24	02:29:30.906	0.78625	0.78634			6
2026.03.24	02:29:31.701	0.78624	0.78633			6
2026.03.24	02:29:32.001	0.78623				2
2026.03.24	02:29:36.572		0.78632			4
2026.03.24	02:29:39.552	0.78624				2
2026.03.24	02:29:39.852		0.78633			4
2026.03.24	02:29:55.280		0.78634			4
2026.03.24	02:29:55.580	0.78626	0.78636			6
2026.03.24	02:30:00.687	0.78626				2
2026.03.24	02:30:00.986	0.78631	0.78641			6
2026.03.24	02:30:01.589		0.78642			4
2026.03.24	02:30:03.069		0.78640			4
2026.03.24	02:30:11.490		0.78641			4
2026.03.24	02:30:12.205	0.78633				2
2026.03.24	02:30:12.751	0.78634				2
2026.03.24	02:30:14.187		0.78642			4
2026.03.24	02:30:19.229	0.78633				2
2026.03.24	02:30:20.789	0.78634	0.78643			6
2026.03.24	02:30:22.190	0.78635	0.78645			6
2026.03.24	02:30:25.843	0.78634	0.78644			6
2026.03.24	02:30:27.071	0.78636				2
2026.03.24	02:30:27.371	0.78637	0.78646			6
2026.03.24	02:30:29.890	0.78635	0.78644			6
2026.03.24	02:30:30.810		0.78645			4
2026.03.24	02:30:31.205	0.78636				2
2026.03.24	02:30:31.506	0.78635				2
2026.03.24	02:30:33.418	0.78634	0.78644			6
2026.03.24	02:30:41.401	0.78631	0.78641			6
2026.03.24	02:30:44.268	0.78632				2
2026.03.24	02:30:47.396		0.78640			4
2026.03.24	02:30:48.999	0.78633				2
2026.03.24	02:30:53.329	0.78634	0.78644			6
2026.03.24	02:31:01.539	0.78634				2
2026.03.24	02:31:01.838	0.78633	0.78642			6
2026.03.24	02:31:11.478	0.78632	0.78641			6
2026.03.24	02:31:11.777	0.78634	0.78645			6
2026.03.24	02:31:15.370	0.78633	0.78643			6
2026.03.24	02:31:15.671		0.78645			4
2026.03.24	02:31:16.282		0.78643			4
2026.03.24	02:31:20.413	0.78632	0.78641			6
2026.03.24	02:31:22.087		0.78640			4
2026.03.24	02:31:47.535		0.78641			4
2026.03.24	02:31:55.444	0.78631				2
2026.03.24	02:32:01.842	0.78631				2
2026.03.24	02:32:16.516	0.78630				2
2026.03.24	02:32:39.800	0.78631				2
2026.03.24	02:32:45.925	0.78629				2
2026.03.24	02:32:47.638		0.78641			4
2026.03.24	02:33:00.598	0.78629	0.78637			6
2026.03.24	02:33:00.900	0.78628	0.78639			6
2026.03.24	02:33:01.501	0.78627	0.78637			6
2026.03.24	02:33:01.801	0.78628				2
2026.03.24	02:33:02.405	0.78627	0.78636			6
2026.03.24	02:33:03.902	0.78626				2
2026.03.24	02:33:05.729	0.78625				2
2026.03.24	02:33:14.836		0.78635			4
2026.03.24	02:33:15.137		0.78636			4
2026.03.24	02:33:15.738		0.78635			4
2026.03.24	02:33:20.983		0.78636			4
2026.03.24	02:33:21.284	0.78626				2
2026.03.24	02:33:21.583		0.78635			4
2026.03.24	02:33:22.127		0.78636			4
2026.03.24	02:33:22.426		0.78635			4
2026.03.24	02:33:23.667		0.78636			4
2026.03.24	02:33:27.388	0.78625				2
2026.03.24	02:33:27.688		0.78635			4
2026.03.24	02:33:30.934	0.78626	0.78636			6
2026.03.24	02:33:34.979		0.78635			4
2026.03.24	02:33:35.326		0.78636			4
2026.03.24	02:33:35.797		0.78635			4
2026.03.24	02:33:43.028		0.78636			4
2026.03.24	02:33:43.328		0.78635			4
2026.03.24	02:33:46.771	0.78625				2
2026.03.24	02:33:47.071	0.78623	0.78633			6
2026.03.24	02:33:47.370	0.78625				2
2026.03.24	02:33:51.815	0.78623				2
2026.03.24	02:33:56.687	0.78625	0.78634			6
2026.03.24	02:33:56.983		0.78636			4
2026.03.24	02:34:01.380	0.78625				2
2026.03.24	02:34:13.861	0.78631				2
2026.03.24	02:34:14.181	0.78625	0.78635			6
2026.03.24	02:34:14.516	0.78631	0.78636			6
2026.03.24	02:34:14.867	0.78625	0.78635			6
2026.03.24	02:34:15.169	0.78631	0.78636			6
2026.03.24	02:34:15.500	0.78625	0.78635			6
2026.03.24	02:34:15.821	0.78631	0.78636			6
2026.03.24	02:34:16.132	0.78625	0.78635			6
2026.03.24	02:34:16.732	0.78631	0.78636			6
2026.03.24	02:34:17.033	0.78625	0.78635			6
2026.03.24	02:34:17.333	0.78631	0.78636			6
2026.03.24	02:34:17.633	0.78626	0.78635			6
2026.03.24	02:34:17.936		0.78636			4
2026.03.24	02:34:24.513		0.78635			4
2026.03.24	02:34:34.178		0.78636			4
2026.03.24	02:34:37.340	0.78630	0.78639			6
2026.03.24	02:34:37.641	0.78631	0.78640			6
2026.03.24	02:34:41.781	0.78632				2
2026.03.24	02:34:47.619	0.78631				2
2026.03.24	02:34:54.235		0.78641			4
2026.03.24	02:35:00.335	0.78630				2
2026.03.24	02:35:04.667		0.78640			4
2026.03.24	02:35:08.763	0.78631				2
2026.03.24	02:35:09.064	0.78632				2
2026.03.24	02:35:20.724	0.78633				2
2026.03.24	02:35:21.025	0.78634	0.78642			6
2026.03.24	02:35:27.113	0.78635				2
2026.03.24	02:35:33.273	0.78634				2
2026.03.24	02:35:36.382	0.78633				2
2026.03.24	02:35:38.327	0.78628	0.78637			6
2026.03.24	02:35:38.626	0.78627	0.78636			6
2026.03.24	02:35:38.926		0.78637			4
2026.03.24	02:35:42.171	0.78628				2
2026.03.24	02:35:44.945		0.78638			4
2026.03.24	02:36:03.670	0.78628				2
2026.03.24	02:36:16.443	0.78629				2
2026.03.24	02:36:19.395		0.78637			4
2026.03.24	02:36:38.042	0.78630				2
2026.03.24	02:36:38.342		0.78639			4
2026.03.24	02:36:55.818	0.78628	0.78637			6
2026.03.24	02:37:00.837	0.78628				2
2026.03.24	02:37:02.776	0.78629	0.78639			6
2026.03.24	02:37:03.456	0.78631				2
2026.03.24	02:37:03.756	0.78634	0.78643			6
2026.03.24	02:37:04.056	0.78633				2
2026.03.24	02:37:04.821	0.78630	0.78641			6
2026.03.24	02:37:12.014	0.78632				2
2026.03.24	02:37:12.315		0.78643			4
2026.03.24	02:37:12.619	0.78634				2
2026.03.24	02:37:13.672	0.78633				2
2026.03.24	02:37:20.840	0.78634				2
2026.03.24	02:37:21.207	0.78635				2
2026.03.24	02:37:21.507	0.78636	0.78645			6
2026.03.24	02:37:29.158	0.78635				2
2026.03.24	02:37:31.874	0.78637				2
2026.03.24	02:37:35.587	0.78638	0.78648			6
2026.03.24	02:37:39.211	0.78639	0.78647			6
2026.03.24	02:37:40.444		0.78649			4
2026.03.24	02:37:44.432	0.78641	0.78650			6
2026.03.24	02:37:46.699	0.78639				2
2026.03.24	02:37:46.999	0.78640	0.78649			6
2026.03.24	02:37:59.610	0.78637	0.78645			6
2026.03.24	02:38:00.209	0.78637				2
2026.03.24	02:38:01.326	0.78636				2
2026.03.24	02:38:01.631	0.78635	0.78644			6
2026.03.24	02:38:09.437	0.78636				2
2026.03.24	02:38:09.738	0.78637	0.78645			6
2026.03.24	02:38:11.392	0.78636	0.78644			6
2026.03.24	02:38:18.435	0.78637	0.78645			6
2026.03.24	02:39:01.764	0.78637				2
2026.03.24	02:39:19.157		0.78645			4
2026.03.24	02:39:45.786	0.78636				2
2026.03.24	02:39:57.443	0.78635				2
2026.03.24	02:40:00.069	0.78635				2
2026.03.24	02:40:10.260		0.78643			4
2026.03.24	02:40:12.150	0.78637	0.78644			6
2026.03.24	02:40:22.153	0.78636				2
2026.03.24	02:40:27.214	0.78635				2
2026.03.24	02:40:27.515		0.78643			4
2026.03.24	02:40:30.580	0.78637	0.78644			6
2026.03.24	02:40:33.016		0.78645			4
2026.03.24	02:40:33.681	0.78639				2
2026.03.24	02:40:33.981		0.78648			4
2026.03.24	02:40:37.823	0.78640				2
2026.03.24	02:40:42.655	0.78645	0.78653			6
2026.03.24	02:40:45.890		0.78654			4
2026.03.24	02:40:46.190	0.78646	0.78655			6
2026.03.24	02:40:49.760		0.78656			4
2026.03.24	02:40:50.061	0.78648				2
2026.03.24	02:40:50.962		0.78655			4
2026.03.24	02:40:52.289		0.78656			4
2026.03.24	02:40:56.828	0.78646				2
2026.03.24	02:41:00.404	0.78646				2
2026.03.24	02:41:01.404	0.78645	0.78655			6
2026.03.24	02:41:02.688	0.78644				2
2026.03.24	02:41:02.989	0.78645				2
2026.03.24	02:41:33.512	0.78641	0.78651			6
2026.03.24	02:41:33.812	0.78642				2
2026.03.24	02:41:34.112	0.78641				2
2026.03.24	02:41:35.411		0.78650			4
2026.03.24	02:41:36.312	0.78642				2
2026.03.24	02:41:52.653	0.78641				2
2026.03.24	02:41:59.824	0.78640				2
2026.03.24	02:42:00.125	0.78640				2
2026.03.24	02:42:01.170	0.78642				2
2026.03.24	02:42:02.903		0.78649			4
2026.03.24	02:42:03.204		0.78650			4
2026.03.24	02:42:03.503	0.78641				2
2026.03.24	02:42:03.808	0.78642				2
2026.03.24	02:42:05.288		0.78649			4
2026.03.24	02:42:05.838		0.78650			4
2026.03.24	02:42:06.596	0.78641				2
2026.03.24	02:42:07.248	0.78642				2
2026.03.24	02:42:07.607	0.78641				2
2026.03.24	02:42:07.908	0.78642				2
2026.03.24	02:42:08.596	0.78641				2
2026.03.24	02:42:08.896	0.78642				2
2026.03.24	02:42:09.196	0.78641				2
2026.03.24	02:42:12.119	0.78642				2
2026.03.24	02:42:12.604	0.78641				2
2026.03.24	02:42:12.905	0.78642				2
2026.03.24	02:42:13.539	0.78641				2
2026.03.24	02:42:17.989	0.78642				2
2026.03.24	02:42:18.590	0.78641				2
2026.03.24	02:42:21.689		0.78649			4
2026.03.24	02:42:27.966	0.78639	0.78648			6
2026.03.24	02:42:32.049	0.78641	0.78649			6
2026.03.24	02:42:43.916	0.78638	0.78646			6
2026.03.24	02:42:45.548	0.78639				2
2026.03.24	02:42:51.322		0.78647			4
2026.03.24	02:42:53.677	0.78640				2
2026.03.24	02:43:00.364	0.78640				2
2026.03.24	02:43:00.664		0.78648			4
2026.03.24	02:43:01.795	0.78639	0.78647			6
2026.03.24	02:43:02.097		0.78646			4
2026.03.24	02:43:39.924		0.78647			4
2026.03.24	02:43:48.725		0.78648			4
2026.03.24	02:43:49.798		0.78647			4
2026.03.24	02:43:50.100	0.78640	0.78649			6
2026.03.24	02:43:50.400	0.78641				2
2026.03.24	02:43:51.333		0.78650			4
2026.03.24	02:44:00.322	0.78641				2
2026.03.24	02:44:02.849		0.78649			4
2026.03.24	02:44:03.151	0.78640	0.78647			6
2026.03.24	02:44:04.415	0.78639				2
2026.03.24	02:44:14.099	0.78640				2
2026.03.24	02:44:16.474	0.78639				2
2026.03.24	02:44:18.290	0.78638				2
2026.03.24	02:44:18.590		0.78646			4
2026.03.24	02:44:19.407	0.78636	0.78643			6
2026.03.24	02:44:20.817	0.78635				2
2026.03.24	02:44:26.741		0.78642			4
2026.03.24	02:44:35.984	0.78634				2
2026.03.24	02:44:38.518		0.78641			4
2026.03.24	02:44:42.019	0.78636	0.78642			6
2026.03.24	02:44:47.584	0.78635				2
2026.03.24	02:44:51.354	0.78636				2
2026.03.24	02:44:55.556	0.78635				2
2026.03.24	02:44:58.576	0.78634				2
2026.03.24	02:45:00.008	0.78634				2
2026.03.24	02:45:00.611		0.78641			4
2026.03.24	02:45:01.852	0.78633				2
2026.03.24	02:45:03.709	0.78631	0.78640			6
2026.03.24	02:45:05.096	0.78632				2
2026.03.24	02:45:05.396	0.78633				2
2026.03.24	02:45:06.296	0.78634	0.78641			6
2026.03.24	02:45:07.925	0.78636				2
2026.03.24	02:45:08.228		0.78642			4
2026.03.24	02:45:10.444	0.78635	0.78643			6
2026.03.24	02:45:11.865	0.78636				2
2026.03.24	02:45:12.165	0.78634				2
2026.03.24	02:45:12.894	0.78636				2
2026.03.24	02:45:13.707	0.78638				2
2026.03.24	02:45:14.007	0.78641	0.78649			6
2026.03.24	02:45:14.309	0.78640				2
2026.03.24	02:45:14.609	0.78641				2
2026.03.24	02:45:16.111	0.78640				2
2026.03.24	02:45:16.713	0.78645	0.78652			6
2026.03.24	02:45:17.012	0.78643				2
2026.03.24	02:45:29.339	0.78644				2
2026.03.24	02:45:30.917		0.78653			4
2026.03.24	02:45:32.385	0.78645				2
2026.03.24	02:45:32.689		0.78654			4
2026.03.24	02:45:32.987	0.78646				2
