<DATE>	<TIME>	<BID>	<ASK>	<LAST>	<VOLUME>	<FLAGS>
2026.02.24	00:03:30.710	0.77356	0.77701			6
2026.02.24	00:04:00.253	0.77356				2
2026.02.24	00:04:15.486	0.77372	0.77703			6
2026.02.24	00:05:00.017	0.77372				2
2026.02.24	00:05:00.642	0.77331	0.77608			6
2026.02.24	00:05:01.898		0.77635			4
2026.02.24	00:05:02.224	0.77325				2
2026.02.24	00:05:08.146	0.77324				2
2026.02.24	00:05:14.063	0.77323				2
2026.02.24	00:05:14.366	0.77307				2
2026.02.24	00:05:57.092	0.77312	0.77644			6
2026.02.24	00:06:00.202	0.77312				2
2026.02.24	00:06:57.299		0.77644			4
2026.02.24	00:07:00.158	0.77312				2
2026.02.24	00:07:04.893	0.77385	0.77536			6
2026.02.24	00:08:00.123	0.77385				2
2026.02.24	00:08:00.450	0.77406	0.77532			6
2026.02.24	00:09:00.316	0.77406				2
2026.02.24	00:09:00.617		0.77532			4
2026.02.24	00:09:17.101		0.77528			4
2026.02.24	00:09:50.511		0.77527			4
2026.02.24	00:10:00.219	0.77406	0.77502			6
2026.02.24	00:10:12.525	0.77392	0.77514			6
2026.02.24	00:11:00.081	0.77392				2
2026.02.24	00:11:06.427	0.77389	0.77518			6
2026.02.24	00:11:07.660	0.77406	0.77501			6
2026.02.24	00:11:10.468	0.77392	0.77514			6
2026.02.24	00:11:11.399	0.77406	0.77501			6
2026.02.24	00:11:21.132		0.77502			4
2026.02.24	00:11:22.690	0.77392	0.77514			6
2026.02.24	00:11:23.956	0.77406	0.77502			6
2026.02.24	00:11:28.959	0.77392	0.77514			6
2026.02.24	00:11:29.888	0.77406	0.77502			6
2026.02.24	00:11:34.901	0.77392	0.77514			6
2026.02.24	00:11:35.527	0.77393				2
2026.02.24	00:11:35.830	0.77406	0.77502			6
2026.02.24	00:12:00.261	0.77406				2
2026.02.24	00:12:09.335	0.77414				2
2026.02.24	00:12:09.640		0.77504			4
2026.02.24	00:12:15.610		0.77505			4
2026.02.24	00:12:19.669		0.77503			4
2026.02.24	00:12:52.374		0.77502			4
2026.02.24	00:13:00.164	0.77414				2
2026.02.24	00:13:04.550	0.77408				2
2026.02.24	00:13:52.587		0.77502			4
2026.02.24	00:14:00.037	0.77408				2
2026.02.24	00:14:33.684		0.77501			4
2026.02.24	00:15:00.152	0.77408				2
2026.02.24	00:15:00.455	0.77420				2
2026.02.24	00:15:02.034	0.77432				2
2026.02.24	00:15:02.338	0.77446	0.77504			6
2026.02.24	00:15:08.568	0.77448				2
2026.02.24	00:15:09.487	0.77433	0.77502			6
2026.02.24	00:15:10.114	0.77425	0.77501			6
2026.02.24	00:15:18.268		0.77500			4
2026.02.24	00:15:24.217	0.77432				2
2026.02.24	00:15:24.520		0.77501			4
2026.02.24	00:15:42.427	0.77433	0.77500			6
2026.02.24	00:16:00.289	0.77433				2
2026.02.24	00:16:05.308		0.77499			4
2026.02.24	00:16:41.753		0.77498			4
2026.02.24	00:16:49.275	0.77432				2
2026.02.24	00:17:00.241	0.77432				2
2026.02.24	00:17:28.804		0.77495			4
2026.02.24	00:18:00.166	0.77432				2
2026.02.24	00:18:09.547	0.77415	0.77494			6
2026.02.24	00:18:10.482		0.77493			4
2026.02.24	00:18:35.837		0.77492			4
2026.02.24	00:19:00.094	0.77415				2
2026.02.24	00:19:33.322	0.77411				2
2026.02.24	00:19:35.833		0.77491			4
2026.02.24	00:19:48.398		0.77492			4
2026.02.24	00:20:00.281	0.77411				2
2026.02.24	00:20:14.110	0.77415				2
2026.02.24	00:20:48.697		0.77492			4
2026.02.24	00:20:50.879	0.77413				2
2026.02.24	00:20:58.389	0.77415				2
2026.02.24	00:21:00.273	0.77415				2
2026.02.24	00:21:38.903	0.77413				2
2026.02.24	00:21:48.967		0.77492			4
2026.02.24	00:22:00.214	0.77413				2
2026.02.24	00:22:17.156		0.77493			4
2026.02.24	00:22:22.463		0.77492			4
2026.02.24	00:22:30.948	0.77411				2
2026.02.24	00:22:58.493		0.77493			4
2026.02.24	00:23:00.065	0.77411				2
2026.02.24	00:23:23.905		0.77491			4
2026.02.24	00:23:24.208		0.77490			4
2026.02.24	00:23:28.925	0.77413	0.77489			6
2026.02.24	00:23:29.531	0.77416				2
2026.02.24	00:23:29.831	0.77413				2
2026.02.24	00:23:35.154		0.77488			4
2026.02.24	00:24:00.286	0.77413				2
2026.02.24	00:24:06.286	0.77414				2
2026.02.24	00:24:26.657		0.77487			4
2026.02.24	00:24:58.637	0.77415				2
2026.02.24	00:25:00.242	0.77415				2
2026.02.24	00:25:02.450		0.77485			4
2026.02.24	00:25:06.817	0.77417	0.77484			6
2026.02.24	00:25:12.792	0.77416				2
2026.02.24	00:25:35.397	0.77417				2
2026.02.24	00:26:00.252	0.77417				2
2026.02.24	00:26:07.126		0.77484			4
2026.02.24	00:26:15.930		0.77483			4
2026.02.24	00:26:55.703	0.77418				2
2026.02.24	00:27:00.097	0.77418				2
2026.02.24	00:27:14.549		0.77482			4
2026.02.24	00:28:00.233	0.77418				2
2026.02.24	00:28:13.349		0.77483			4
2026.02.24	00:28:15.229		0.77482			4
2026.02.24	00:28:23.363		0.77483			4
2026.02.24	00:28:42.795	0.77417				2
2026.02.24	00:29:00.010	0.77417				2
2026.02.24	00:29:23.443		0.77483			4
2026.02.24	00:29:26.276	0.77418				2
2026.02.24	00:30:00.090	0.77418				2
2026.02.24	00:30:04.178		0.77482			4
2026.02.24	00:30:04.785	0.77420	0.77481			6
2026.02.24	00:30:09.498		0.77480			4
2026.02.24	00:30:23.997	0.77421				2
2026.02.24	00:30:28.663		0.77479			4
2026.02.24	00:30:37.768	0.77423	0.77478			6
2026.02.24	00:30:41.858		0.77477			4
2026.02.24	00:30:45.949		0.77478			4
2026.02.24	00:30:50.972		0.77477			4
2026.02.24	00:31:00.078	0.77423				2
2026.02.24	00:31:15.077	0.77424	0.77476			6
2026.02.24	00:31:19.487	0.77422	0.77478			6
2026.02.24	00:31:19.793	0.77425	0.77476			6
2026.02.24	00:31:20.740	0.77424				2
2026.02.24	00:31:28.886	0.77423	0.77477			6
2026.02.24	00:31:39.219	0.77421				2
2026.02.24	00:31:39.523		0.77479			4
2026.02.24	00:31:44.838	0.77422				2
2026.02.24	00:31:51.740		0.77478			4
2026.02.24	00:31:54.276	0.77419	0.77481			6
2026.02.24	00:31:57.410	0.77420	0.77480			6
2026.02.24	00:32:00.222	0.77420				2
2026.02.24	00:32:12.788	0.77421				2
2026.02.24	00:32:15.920	0.77419	0.77481			6
2026.02.24	00:32:16.223	0.77422	0.77484			6
2026.02.24	00:32:21.266		0.77482			4
2026.02.24	00:32:26.265		0.77488			4
2026.02.24	00:34:05.219	0.77415	0.77485			6
2026.02.24	00:35:24.342	0.77419	0.77486			6
2026.02.24	00:35:29.560		0.77487			4
2026.02.24	00:35:29.861	0.77415				2
2026.02.24	00:35:30.187	0.77419				2
2026.02.24	00:35:33.922	0.77422	0.77486			6
2026.02.24	00:35:34.851		0.77485			4
2026.02.24	00:35:36.710		0.77486			4
2026.02.24	00:35:39.193		0.77485			4
2026.02.24	00:35:40.747	0.77417				2
2026.02.24	00:35:48.203	0.77423				2
2026.02.24	00:35:52.569		0.77482			4
2026.02.24	00:35:53.498		0.77481			4
2026.02.24	00:35:53.800		0.77482			4
2026.02.24	00:35:55.357	0.77421				2
2026.02.24	00:35:55.661	0.77423				2
2026.02.24	00:35:57.242		0.77483			4
2026.02.24	00:35:57.866		0.77484			4
2026.02.24	00:35:59.746	0.77428	0.77475			6
2026.02.24	00:36:00.052	0.77423	0.77480			6
2026.02.24	00:36:00.363	0.77422				2
2026.02.24	00:36:00.677	0.77427	0.77475			6
2026.02.24	00:36:00.978	0.77424	0.77478			6
2026.02.24	00:36:04.741	0.77423	0.77480			6
2026.02.24	00:36:05.992	0.77422	0.77481			6
2026.02.24	00:36:06.901	0.77423				2
2026.02.24	00:36:07.531		0.77480			4
2026.02.24	00:36:08.478	0.77422	0.77481			6
2026.02.24	00:36:08.780	0.77430	0.77473			6
2026.02.24	00:36:09.088	0.77424	0.77476			6
2026.02.24	00:36:09.405	0.77422	0.77478			6
2026.02.24	00:36:10.937	0.77421	0.77479			6
2026.02.24	00:36:12.171	0.77420	0.77480			6
2026.02.24	00:36:12.497	0.77428	0.77473			6
2026.02.24	00:36:12.802	0.77420	0.77479			6
2026.02.24	00:36:13.108		0.77480			4
2026.02.24	00:36:13.723	0.77426	0.77476			6
2026.02.24	00:36:14.025	0.77421	0.77473			6
2026.02.24	00:36:14.326	0.77427				2
2026.02.24	00:36:14.637	0.77421	0.77476			6
2026.02.24	00:36:14.938		0.77479			4
2026.02.24	00:36:16.857		0.77480			4
2026.02.24	00:36:17.158	0.77423				2
2026.02.24	00:36:18.721	0.77420				2
2026.02.24	00:36:19.028	0.77421	0.77479			6
2026.02.24	00:36:19.343	0.77420	0.77480			6
2026.02.24	00:36:19.970	0.77424	0.77479			6
2026.02.24	00:36:20.272	0.77425	0.77478			6
2026.02.24	00:36:21.829	0.77426	0.77477			6
2026.02.24	00:36:22.130	0.77423	0.77479			6
2026.02.24	00:36:22.456	0.77422	0.77480			6
2026.02.24	00:36:24.313		0.77481			4
2026.02.24	00:36:24.627	0.77423	0.77480			6
2026.02.24	00:36:25.568	0.77434	0.77469			6
2026.02.24	00:36:27.093	0.77431				2
2026.02.24	00:36:31.112	0.77434				2
2026.02.24	00:36:43.848	0.77432				2
2026.02.24	00:36:49.783	0.77434				2
2026.02.24	00:37:00.066	0.77434				2
2026.02.24	00:37:15.319	0.77431	0.77470			6
2026.02.24	00:37:17.174	0.77430	0.77471			6
2026.02.24	00:37:21.216	0.77429				2
2026.02.24	00:37:26.211	0.77432				2
2026.02.24	00:37:28.415	0.77429				2
2026.02.24	00:37:29.343	0.77428	0.77472			6
2026.02.24	00:37:36.496	0.77429				2
2026.02.24	00:37:39.615		0.77471			4
2026.02.24	00:37:44.644	0.77431				2
2026.02.24	00:37:48.706	0.77429				2
2026.02.24	00:38:00.273	0.77429				2
2026.02.24	00:38:03.403	0.77430				2
2026.02.24	00:38:04.009	0.77432	0.77470			6
2026.02.24	00:38:08.092	0.77433				2
2026.02.24	00:38:09.972	0.77432	0.77471			6
2026.02.24	00:38:12.151	0.77429				2
2026.02.24	00:38:18.723	0.77432				2
2026.02.24	00:38:23.690	0.77429				2
2026.02.24	00:38:27.126	0.77430	0.77470			6
2026.02.24	00:38:36.840	0.77433				2
2026.02.24	00:38:37.799	0.77430	0.77471			6
2026.02.24	00:38:40.938		0.77470			4
2026.02.24	00:38:51.595	0.77433				2
2026.02.24	00:39:00.006	0.77433				2
2026.02.24	00:39:06.578	0.77432				2
2026.02.24	00:39:15.082	0.77430				2
2026.02.24	00:39:16.965	0.77435	0.77469			6
2026.02.24	00:39:17.591	0.77434				2
2026.02.24	00:39:21.329	0.77433				2
2026.02.24	00:39:24.769		0.77470			4
2026.02.24	00:39:31.662		0.77469			4
2026.02.24	00:39:33.242		0.77470			4
2026.02.24	00:39:41.079	0.77431	0.77469			6
2026.02.24	00:39:51.179	0.77433				2
2026.02.24	00:40:00.011	0.77433				2
2026.02.24	00:40:00.940	0.77431				2
2026.02.24	00:40:05.651	0.77433				2
2026.02.24	00:40:06.910	0.77434				2
2026.02.24	00:40:08.506	0.77433	0.77470			6
2026.02.24	00:40:11.322		0.77469			4
2026.02.24	00:40:18.496	0.77431				2
2026.02.24	00:40:19.447	0.77432				2
2026.02.24	00:40:21.961		0.77468			4
2026.02.24	00:40:22.910	0.77431				2
2026.02.24	00:40:23.214	0.77434	0.77469			6
2026.02.24	00:40:24.468	0.77431				2
2026.02.24	00:40:31.036	0.77434				2
2026.02.24	00:41:00.253	0.77434				2
2026.02.24	00:41:03.758	0.77433				2
2026.02.24	00:41:06.574	0.77434				2
2026.02.24	00:41:12.592	0.77432				2
2026.02.24	00:41:17.286	0.77431	0.77470			6
2026.02.24	00:41:21.349		0.77469			4
2026.02.24	00:41:23.277		0.77470			4
2026.02.24	00:41:26.158	0.77433	0.77467			6
2026.02.24	00:41:28.687	0.77432	0.77468			6
2026.02.24	00:41:29.616	0.77434	0.77469			6
2026.02.24	00:41:32.100	0.77431				2
2026.02.24	00:41:44.896	0.77434				2
2026.02.24	00:41:56.790		0.77468			4
2026.02.24	00:42:00.197	0.77434				2
2026.02.24	00:42:01.755	0.77435				2
2026.02.24	00:42:03.337	0.77434	0.77469			6
2026.02.24	00:42:17.353		0.77468			4
2026.02.24	00:42:17.999		0.77469			4
2026.02.24	00:42:22.973		0.77468			4
2026.02.24	00:42:26.735	0.77435				2
2026.02.24	00:42:27.362	0.77434	0.77469			6
2026.02.24	00:42:28.598	0.77435	0.77468			6
2026.02.24	00:42:30.454	0.77434	0.77469			6
2026.02.24	00:42:31.405	0.77435	0.77468			6
2026.02.24	00:42:34.542	0.77434				2
2026.02.24	00:42:35.147	0.77435				2
2026.02.24	00:42:37.028	0.77431	0.77469			6
2026.02.24	00:42:37.355	0.77432	0.77468			6
2026.02.24	00:42:38.909	0.77431	0.77469			6
2026.02.24	00:42:40.163	0.77436	0.77467			6
2026.02.24	00:42:40.466	0.77435	0.77468			6
2026.02.24	00:42:40.769	0.77434	0.77466			6
2026.02.24	00:42:45.785	0.77433	0.77468			6
2026.02.24	00:42:47.320	0.77432				2
2026.02.24	00:42:49.825	0.77431	0.77469			6
2026.02.24	00:42:56.028	0.77434				2
2026.02.24	00:43:00.089	0.77434				2
2026.02.24	00:43:00.719	0.77435	0.77468			6
2026.02.24	00:43:01.040	0.77432				2
2026.02.24	00:43:02.612	0.77431	0.77469			6
2026.02.24	00:43:04.480	0.77432	0.77468			6
2026.02.24	00:43:06.342	0.77436				2
2026.02.24	00:43:09.778	0.77435				2
2026.02.24	00:43:10.722	0.77434	0.77469			6
2026.02.24	00:43:25.953	0.77431				2
2026.02.24	00:43:26.559	0.77432	0.77468			6
2026.02.24	00:43:30.924	0.77434	0.77466			6
2026.02.24	00:43:31.233	0.77433	0.77467			6
2026.02.24	00:43:31.552	0.77432	0.77468			6
2026.02.24	00:43:32.457		0.77469			4
2026.02.24	00:43:32.759	0.77431				2
2026.02.24	00:43:33.062	0.77435				2
2026.02.24	00:43:33.385	0.77431				2
2026.02.24	00:43:37.453	0.77433	0.77467			6
2026.02.24	00:43:37.775	0.77432	0.77468			6
2026.02.24	00:43:41.512	0.77433	0.77467			6
2026.02.24	00:43:41.813	0.77432	0.77466			6
2026.02.24	00:43:42.118	0.77433	0.77467			6
2026.02.24	00:43:43.394	0.77424	0.77454			6
2026.02.24	00:43:43.698	0.77427	0.77458			6
2026.02.24	00:43:44.306	0.77428				2
2026.02.24	00:43:44.611	0.77449	0.77503			6
2026.02.24	00:43:44.924	0.77441	0.77504			6
2026.02.24	00:43:45.551	0.77413	0.77467			6
2026.02.24	00:43:47.411	0.77415	0.77469			6
2026.02.24	00:43:47.714	0.77417				2
2026.02.24	00:43:48.037	0.77419				2
2026.02.24	00:43:48.664		0.77470			4
2026.02.24	00:43:51.170	0.77421				2
2026.02.24	00:43:51.798	0.77417	0.77467			6
2026.02.24	00:43:52.107	0.77420	0.77469			6
2026.02.24	00:43:52.429	0.77418				2
2026.02.24	00:43:57.731		0.77470			4
2026.02.24	00:43:58.999		0.77469			4
2026.02.24	00:43:59.935	0.77416				2
2026.02.24	00:44:00.236	0.77418				2
2026.02.24	00:44:00.857	0.77428	0.77466			6
2026.02.24	00:44:01.165	0.77417	0.77469			6
2026.02.24	00:44:01.483	0.77419				2
2026.02.24	00:44:02.086	0.77425	0.77470			6
2026.02.24	00:44:03.973	0.77427	0.77468			6
2026.02.24	00:44:04.302	0.77425	0.77469			6
2026.02.24	00:44:05.224	0.77426	0.77468			6
2026.02.24	00:44:05.557	0.77430	0.77469			6
2026.02.24	00:44:05.862	0.77417				2
2026.02.24	00:44:06.787	0.77414	0.77468			6
2026.02.24	00:44:07.103	0.77415	0.77467			6
2026.02.24	00:44:07.405	0.77416				2
2026.02.24	00:44:08.031		0.77468			4
2026.02.24	00:44:12.096	0.77433				2
2026.02.24	00:44:13.351	0.77429				2
2026.02.24	00:44:15.836	0.77430				2
2026.02.24	00:44:17.693	0.77429	0.77469			6
2026.02.24	00:44:18.921	0.77430	0.77468			6
2026.02.24	00:44:21.428	0.77429				2
2026.02.24	00:44:22.358	0.77430				2
2026.02.24	00:44:23.286	0.77429				2
2026.02.24	00:44:23.589	0.77430				2
2026.02.24	00:44:24.843	0.77429				2
2026.02.24	00:44:25.772	0.77430				2
2026.02.24	00:44:27.029	0.77429	0.77469			6
2026.02.24	00:44:27.657	0.77430	0.77468			6
2026.02.24	00:44:33.282	0.77423				2
2026.02.24	00:44:33.908	0.77429	0.77469			6
2026.02.24	00:44:34.837	0.77428	0.77468			6
2026.02.24	00:44:35.789	0.77422	0.77469			6
2026.02.24	00:44:37.648	0.77421				2
2026.02.24	00:44:37.951	0.77427				2
2026.02.24	00:44:42.016	0.77426	0.77470			6
2026.02.24	00:44:42.641	0.77427	0.77469			6
2026.02.24	00:44:42.944	0.77420	0.77470			6
2026.02.24	00:44:46.076	0.77422	0.77468			6
2026.02.24	00:44:46.395	0.77423				2
2026.02.24	00:44:46.701		0.77467			4
2026.02.24	00:44:48.233	0.77422	0.77468			6
2026.02.24	00:44:52.896	0.77419				2
2026.02.24	00:44:56.941	0.77427	0.77469			6
2026.02.24	00:44:58.514	0.77431				2
2026.02.24	00:45:00.076	0.77431				2
2026.02.24	00:45:01.004	0.77423				2
2026.02.24	00:45:01.307	0.77430				2
2026.02.24	00:45:03.195	0.77420	0.77479			6
2026.02.24	00:45:06.346	0.77416	0.77475			6
2026.02.24	00:45:06.651	0.77423	0.77469			6
2026.02.24	00:45:08.207	0.77419	0.77470			6
2026.02.24	00:45:08.511	0.77420	0.77469			6
2026.02.24	00:45:09.482		0.77467			4
2026.02.24	00:45:09.789		0.77469			4
2026.02.24	00:45:10.437	0.77419				2
2026.02.24	00:45:10.742		0.77470			4
2026.02.24	00:45:16.450	0.77420	0.77469			6
2026.02.24	00:45:16.794	0.77421	0.77468			6
2026.02.24	00:45:17.816	0.77428				2
2026.02.24	00:45:21.556	0.77427	0.77469			6
2026.02.24	00:45:22.915	0.77426	0.77470			6
2026.02.24	00:45:23.245	0.77428	0.77468			6
2026.02.24	00:45:24.954	0.77426	0.77470			6
2026.02.24	00:45:25.290	0.77427	0.77469			6
2026.02.24	00:45:26.994	0.77428	0.77468			6
2026.02.24	00:45:28.015	0.77429	0.77467			6
2026.02.24	00:45:28.528	0.77427	0.77469			6
2026.02.24	00:45:30.054	0.77426	0.77470			6
2026.02.24	00:45:30.561	0.77428	0.77468			6
2026.02.24	00:45:39.193	0.77427	0.77469			6
2026.02.24	00:45:40.255	0.77426	0.77470			6
2026.02.24	00:45:40.777	0.77427	0.77469			6
2026.02.24	00:45:41.276	0.77428				2
2026.02.24	00:45:42.295	0.77429				2
2026.02.24	00:45:45.355	0.77427				2
2026.02.24	00:45:52.493	0.77429	0.77467			6
2026.02.24	00:45:53.009	0.77427	0.77469			6
2026.02.24	00:45:57.593	0.77429				2
2026.02.24	00:46:00.653	0.77429				2
2026.02.24	00:46:07.797	0.77430	0.77468			6
2026.02.24	00:46:08.307	0.77429	0.77469			6
2026.02.24	00:46:10.830	0.77430	0.77468			6
2026.02.24	00:46:11.886	0.77429				2
2026.02.24	00:46:12.896	0.77430				2
2026.02.24	00:46:13.913	0.77431	0.77466			6
2026.02.24	00:46:14.425	0.77430	0.77468			6
2026.02.24	00:46:16.974	0.77419				2
2026.02.24	00:46:17.994	0.77420	0.77467			6
2026.02.24	00:46:18.509	0.77419	0.77468			6
2026.02.24	00:46:20.036	0.77418				2
2026.02.24	00:46:21.719	0.77417				2
2026.02.24	00:46:22.073	0.77418	0.77467			6
2026.02.24	00:46:23.612	0.77417	0.77468			6
2026.02.24	00:46:25.836	0.77416	0.77469			6
2026.02.24	00:46:26.154	0.77417	0.77468			6
2026.02.24	00:46:26.839	0.77416	0.77469			6
2026.02.24	00:46:27.174	0.77418	0.77467			6
2026.02.24	00:46:27.692	0.77416	0.77469			6
2026.02.24	00:46:28.194	0.77417	0.77468			6
2026.02.24	00:46:28.709	0.77416	0.77469			6
2026.02.24	00:46:29.216	0.77418	0.77467			6
2026.02.24	00:46:29.520	0.77416	0.77469			6
2026.02.24	00:46:31.175	0.77420	0.77467			6
2026.02.24	00:46:33.293	0.77419				2
2026.02.24	00:46:34.314	0.77420				2
2026.02.24	00:46:45.537	0.77418				2
2026.02.24	00:46:53.695	0.77417	0.77468			6
2026.02.24	00:46:54.713	0.77418	0.77467			6
2026.02.24	00:47:00.833	0.77418				2
2026.02.24	00:47:03.184	0.77414	0.77473			6
2026.02.24	00:47:06.602	0.77417	0.77468			6
2026.02.24	00:47:06.912	0.77430				2
2026.02.24	00:47:07.977	0.77419	0.77467			6
2026.02.24	00:47:10.316	0.77431				2
2026.02.24	00:47:11.034	0.77418				2
2026.02.24	00:47:14.940	0.77430				2
2026.02.24	00:47:16.136	0.77431				2
2026.02.24	00:47:23.277	0.77433	0.77466			6
2026.02.24	00:47:24.293	0.77420	0.77467			6
2026.02.24	00:47:24.798	0.77431				2
2026.02.24	00:47:27.935	0.77430				2
2026.02.24	00:47:28.380	0.77431				2
2026.02.24	00:47:35.516	0.77420	0.77466			6
2026.02.24	00:47:36.694	0.77431	0.77467			6
2026.02.24	00:47:47.753	0.77423				2
2026.02.24	00:47:48.774	0.77433				2
2026.02.24	00:47:50.305	0.77425	0.77466			6
2026.02.24	00:47:50.816	0.77433	0.77467			6
2026.02.24	00:47:51.837	0.77425				2
2026.02.24	00:47:52.855	0.77433	0.77466			6
2026.02.24	00:47:53.875	0.77425	0.77467			6
2026.02.24	00:47:54.375	0.77431	0.77466			6
2026.02.24	00:47:54.783	0.77429	0.77467			6
2026.02.24	00:48:01.034	0.77429				2
2026.02.24	00:48:02.585	0.77430	0.77466			6
2026.02.24	00:48:04.093	0.77429	0.77467			6
2026.02.24	00:48:07.155	0.77428	0.77468			6
2026.02.24	00:48:08.187	0.77429	0.77467			6
2026.02.24	00:48:14.294	0.77430				2
2026.02.24	00:48:16.338	0.77431				2
2026.02.24	00:48:18.374	0.77430				2
2026.02.24	00:48:19.393		0.77468			4
2026.02.24	00:48:20.415	0.77424	0.77467			6
2026.02.24	00:48:24.494	0.77423				2
2026.02.24	00:48:25.516	0.77424				2
2026.02.24	00:48:29.593	0.77423	0.77468			6
2026.02.24	00:48:30.617	0.77424	0.77467			6
2026.02.24	00:48:36.732	0.77425	0.77466			6
2026.02.24	00:48:39.797	0.77431	0.77467			6
2026.02.24	00:48:41.834	0.77424				2
2026.02.24	00:48:45.915	0.77425				2
2026.02.24	00:48:46.934	0.77424				2
2026.02.24	00:48:51.014	0.77425				2
2026.02.24	00:48:54.077	0.77424				2
2026.02.24	00:48:55.104	0.77425				2
2026.02.24	00:48:56.115	0.77424				2
2026.02.24	00:49:00.196	0.77424				2
2026.02.24	00:49:03.833	0.77423				2
2026.02.24	00:49:10.393	0.77422				2
2026.02.24	00:49:13.455	0.77429				2
2026.02.24	00:49:15.494	0.77428	0.77468			6
2026.02.24	00:49:19.575	0.77422				2
2026.02.24	00:49:20.593	0.77428				2
2026.02.24	00:49:24.673	0.77425	0.77467			6
2026.02.24	00:49:26.714	0.77424	0.77468			6
2026.02.24	00:49:30.802	0.77425	0.77467			6
2026.02.24	00:49:33.853	0.77424	0.77468			6
2026.02.24	00:49:35.794	0.77425	0.77467			6
2026.02.24	00:49:36.915	0.77430	0.77468			6
2026.02.24	00:49:37.937	0.77424				2
2026.02.24	00:49:39.902	0.77430				2
2026.02.24	00:49:47.724	0.77431	0.77467			6
2026.02.24	00:49:50.176	0.77429	0.77468			6
2026.02.24	00:49:51.200	0.77430				2
2026.02.24	00:49:53.236		0.77467			4
2026.02.24	00:49:54.254	0.77431				2
2026.02.24	00:49:55.273	0.77430				2
2026.02.24	00:49:56.299		0.77468			4
2026.02.24	00:50:00.309	0.77430				2
2026.02.24	00:50:01.837	0.77431	0.77467			6
2026.02.24	00:50:04.117	0.77430	0.77468			6
2026.02.24	00:50:04.908	0.77424				2
2026.02.24	00:50:06.494	0.77430				2
2026.02.24	00:50:07.248	0.77424				2
2026.02.24	00:50:11.676	0.77425	0.77467			6
2026.02.24	00:50:12.712	0.77424	0.77469			6
2026.02.24	00:50:13.074		0.77468			4
2026.02.24	00:50:13.754	0.77426	0.77466			6
2026.02.24	00:50:14.238	0.77425	0.77467			6
2026.02.24	00:50:14.794	0.77431				2
2026.02.24	00:50:15.379	0.77432				2
2026.02.24	00:50:17.916	0.77424	0.77468			6
2026.02.24	00:50:19.458	0.77430				2
2026.02.24	00:50:20.132	0.77432	0.77467			6
2026.02.24	00:50:21.792	0.77431	0.77468			6
2026.02.24	00:50:24.154	0.77430				2
2026.02.24	00:50:26.235	0.77424				2
2026.02.24	00:50:27.277	0.77430				2
2026.02.24	00:50:28.313	0.77424				2
2026.02.24	00:50:29.354	0.77430				2
2026.02.24	00:50:39.596		0.77467			4
2026.02.24	00:50:40.129	0.77424				2
2026.02.24	00:50:40.615	0.77429				2
2026.02.24	00:50:41.116	0.77422				2
2026.02.24	00:50:41.437	0.77429				2
2026.02.24	00:50:54.903	0.77430	0.77466			6
2026.02.24	00:50:56.933	0.77431				2
2026.02.24	00:51:00.500	0.77431				2
2026.02.24	00:51:04.072		0.77467			4
2026.02.24	00:51:35.693	0.77432	0.77466			6
2026.02.24	00:51:37.734	0.77425				2
2026.02.24	00:51:38.235	0.77432				2
2026.02.24	00:51:39.513	0.77431	0.77467			6
2026.02.24	00:51:42.837	0.77424				2
2026.02.24	00:51:43.713	0.77431				2
2026.02.24	00:51:46.915	0.77424				2
2026.02.24	00:51:48.953	0.77425	0.77466			6
2026.02.24	00:51:54.053	0.77431				2
2026.02.24	00:51:56.094	0.77425				2
2026.02.24	00:51:56.599	0.77431				2
2026.02.24	00:51:57.114	0.77425				2
2026.02.24	00:51:57.617	0.77431				2
2026.02.24	00:51:58.676	0.77427				2
2026.02.24	00:51:59.156	0.77431	0.77467			6
2026.02.24	00:52:00.174	0.77431				2
2026.02.24	00:52:01.194		0.77466			4
2026.02.24	00:52:03.242	0.77432				2
2026.02.24	00:52:04.253		0.77465			4
2026.02.24	00:52:06.295	0.77426				2
2026.02.24	00:52:07.315	0.77432				2
2026.02.24	00:52:10.880	0.77434	0.77466			6
2026.02.24	00:52:13.434		0.77465			4
2026.02.24	00:52:14.455	0.77428				2
2026.02.24	00:52:14.957		0.77466			4
2026.02.24	00:52:15.476		0.77465			4
2026.02.24	00:52:16.495	0.77434				2
2026.02.24	00:52:16.999	0.77426				2
2026.02.24	00:52:17.514	0.77428				2
2026.02.24	00:52:18.535	0.77434				2
2026.02.24	00:52:19.352	0.77433	0.77467			6
2026.02.24	00:52:22.613		0.77466			4
2026.02.24	00:52:24.725	0.77436	0.77464			6
2026.02.24	00:52:25.676	0.77435				2
2026.02.24	00:52:25.997	0.77432				2
2026.02.24	00:52:26.300	0.77433	0.77465			6
2026.02.24	00:52:26.696	0.77427				2
2026.02.24	00:52:27.176	0.77429	0.77464			6
2026.02.24	00:52:27.482	0.77427	0.77465			6
2026.02.24	00:52:27.786	0.77428				2
2026.02.24	00:52:28.097	0.77427	0.77466			6
2026.02.24	00:52:32.111	0.77426				2
2026.02.24	00:52:32.816	0.77435	0.77465			6
2026.02.24	00:52:33.834	0.77434	0.77466			6
2026.02.24	00:52:38.799	0.77425				2
2026.02.24	00:52:41.888	0.77433				2
2026.02.24	00:52:45.053		0.77467			4
2026.02.24	00:52:47.097		0.77466			4
2026.02.24	00:52:47.644	0.77434	0.77465			6
2026.02.24	00:52:48.113	0.77425	0.77466			6
2026.02.24	00:52:48.437	0.77434				2
2026.02.24	00:52:54.892	0.77424				2
2026.02.24	00:52:55.825	0.77440	0.77493			6
2026.02.24	00:52:57.876		0.77492			4
2026.02.24	00:53:00.314	0.77443	0.77489			6
2026.02.24	00:53:01.639	0.77444				2
2026.02.24	00:53:06.441		0.77488			4
2026.02.24	00:53:08.553	0.77445				2
2026.02.24	00:53:10.375	0.77446	0.77487			6
2026.02.24	00:53:16.199	0.77445	0.77488			6
2026.02.24	00:53:17.873		0.77486			4
2026.02.24	00:53:36.306	0.77404	0.77513			6
2026.02.24	00:53:51.275	0.77398				2
2026.02.24	00:54:00.438	0.77398				2
2026.02.24	00:54:37.294		0.77513			4
2026.02.24	00:54:45.998	0.77403				2
2026.02.24	00:55:00.369	0.77403				2
2026.02.24	00:55:00.898	0.77393				2
2026.02.24	00:55:03.439	0.77403				2
2026.02.24	00:55:37.299		0.77513			4
2026.02.24	00:56:01.129	0.77403				2
2026.02.24	00:56:23.031	0.77418	0.77512			6
2026.02.24	00:56:24.202	0.77417	0.77513			6
2026.02.24	00:56:27.738	0.77416				2
2026.02.24	00:56:38.571	0.77409				2
2026.02.24	00:56:40.938	0.77410				2
2026.02.24	00:56:41.613	0.77409				2
2026.02.24	00:56:43.269	0.77408				2
2026.02.24	00:56:44.538	0.77409				2
2026.02.24	00:56:46.639	0.77408				2
2026.02.24	00:56:50.838	0.77409				2
2026.02.24	00:56:51.404	0.77408				2
2026.02.24	00:56:54.816	0.77407				2
2026.02.24	00:56:55.690	0.77408				2
2026.02.24	00:56:56.529	0.77407				2
2026.02.24	00:57:01.131	0.77407				2
2026.02.24	00:57:04.475	0.77406				2
2026.02.24	00:57:10.472	0.77405				2
2026.02.24	00:57:24.501		0.77513			4
2026.02.24	00:57:42.979	0.77404				2
2026.02.24	00:57:50.238	0.77403				2
2026.02.24	00:57:51.438	0.77404				2
2026.02.24	00:57:58.673	0.77403				2
2026.02.24	00:57:59.137	0.77404				2
2026.02.24	00:58:00.377	0.77403				2
2026.02.24	00:58:03.136	0.77404				2
2026.02.24	00:58:09.044	0.77406				2
2026.02.24	00:58:24.628		0.77513			4
2026.02.24	00:59:01.003	0.77406				2
2026.02.24	00:59:04.042	0.77408				2
2026.02.24	00:59:26.131		0.77513			4
2026.02.24	00:59:56.057	0.77409				2
2026.02.24	01:00:00.309	0.77409				2
2026.02.24	01:00:01.313	0.77408	0.77499			6
2026.02.24	01:00:01.756	0.77442	0.77498			6
2026.02.24	01:00:02.388	0.77445	0.77490			6
2026.02.24	01:00:02.741	0.77446	0.77504			6
2026.02.24	01:00:03.153	0.77444				2
2026.02.24	01:00:03.631	0.77401	0.77531			6
2026.02.24	01:00:03.940	0.77407	0.77533			6
2026.02.24	01:00:04.242	0.77406	0.77534			6
2026.02.24	01:00:04.566	0.77408	0.77532			6
2026.02.24	01:00:04.871	0.77407				2
2026.02.24	01:00:05.522	0.77409	0.77525			6
2026.02.24	01:00:05.825	0.77408	0.77529			6
2026.02.24	01:00:06.149	0.77409	0.77526			6
2026.02.24	01:00:06.456	0.77410	0.77525			6
2026.02.24	01:00:07.073	0.77440	0.77499			6
2026.02.24	01:00:08.007	0.77443				2
2026.02.24	01:00:08.798	0.77442				2
2026.02.24	01:00:09.661	0.77443				2
2026.02.24	01:00:11.591	0.77450				2
2026.02.24	01:00:11.903	0.77440	0.77501			6
2026.02.24	01:00:15.853	0.77438				2
2026.02.24	01:00:17.133		0.77499			4
2026.02.24	01:00:20.265		0.77495			4
2026.02.24	01:00:20.586	0.77444	0.77499			6
2026.02.24	01:00:21.208		0.77498			4
2026.02.24	01:00:21.518	0.77452	0.77495			6
2026.02.24	01:00:22.221	0.77445	0.77490			6
2026.02.24	01:00:22.659		0.77488			4
2026.02.24	01:00:26.820	0.77446				2
2026.02.24	01:00:28.338	0.77447				2
2026.02.24	01:00:31.661	0.77444				2
2026.02.24	01:00:36.590	0.77442				2
2026.02.24	01:00:36.947	0.77448				2
2026.02.24	01:00:41.194	0.77450	0.77483			6
2026.02.24	01:00:41.542		0.77485			4
2026.02.24	01:00:44.181	0.77448	0.77482			6
2026.02.24	01:00:44.764	0.77449				2
2026.02.24	01:00:45.254		0.77486			4
2026.02.24	01:00:45.922	0.77450	0.77483			6
2026.02.24	01:00:46.229		0.77486			4
2026.02.24	01:00:46.820	0.77449				2
2026.02.24	01:00:48.791		0.77484			4
2026.02.24	01:00:50.661	0.77448	0.77486			6
2026.02.24	01:00:51.819	0.77449	0.77490			6
2026.02.24	01:00:52.221		0.77488			4
2026.02.24	01:00:56.066	0.77448	0.77485			6
2026.02.24	01:00:56.819	0.77451				2
2026.02.24	01:01:00.309	0.77451				2
2026.02.24	01:01:04.039	0.77452	0.77482			6
2026.02.24	01:01:06.820	0.77454				2
2026.02.24	01:01:08.519		0.77484			4
2026.02.24	01:01:11.908		0.77488			4
2026.02.24	01:01:13.567	0.77455				2
2026.02.24	01:01:14.430		0.77481			4
2026.02.24	01:01:15.259		0.77484			4
2026.02.24	01:01:15.904	0.77454				2
2026.02.24	01:01:19.219	0.77453				2
2026.02.24	01:01:22.675		0.77489			4
2026.02.24	01:01:25.602		0.77495			4
2026.02.24	01:01:26.315		0.77493			4
2026.02.24	01:01:26.650		0.77495			4
2026.02.24	01:01:27.542	0.77451	0.77482			6
2026.02.24	01:01:33.163		0.77480			4
2026.02.24	01:01:33.514		0.77478			4
2026.02.24	01:01:34.011		0.77477			4
2026.02.24	01:01:40.582		0.77474			4
2026.02.24	01:01:51.592		0.77477			4
2026.02.24	01:01:53.530	0.77450				2
2026.02.24	01:01:55.145		0.77478			4
2026.02.24	01:01:56.811		0.77477			4
2026.02.24	01:01:58.606		0.77479			4
2026.02.24	01:01:58.970		0.77477			4
2026.02.24	01:01:59.809		0.77479			4
2026.02.24	01:02:00.237	0.77450				2
2026.02.24	01:02:00.738		0.77478			4
2026.02.24	01:02:03.140		0.77476			4
2026.02.24	01:02:05.669		0.77473			4
2026.02.24	01:02:06.820	0.77448				2
2026.02.24	01:02:20.637	0.77449	0.77472			6
2026.02.24	01:02:34.320		0.77471			4
2026.02.24	01:02:35.037	0.77444	0.77470			6
2026.02.24	01:02:42.724	0.77442				2
2026.02.24	01:02:45.663	0.77441	0.77467			6
2026.02.24	01:02:49.074		0.77465			4
2026.02.24	01:03:00.306	0.77441				2
2026.02.24	01:03:01.967		0.77464			4
2026.02.24	01:03:02.459		0.77465			4
2026.02.24	01:03:06.819	0.77442				2
2026.02.24	01:03:08.064		0.77463			4
2026.02.24	01:03:12.438		0.77464			4
2026.02.24	01:03:13.288		0.77465			4
2026.02.24	01:03:14.351		0.77463			4
2026.02.24	01:03:18.636		0.77461			4
2026.02.24	01:03:19.440	0.77441	0.77460			6
2026.02.24	01:03:20.864	0.77440				2
2026.02.24	01:03:25.938	0.77439				2
2026.02.24	01:03:27.002		0.77459			4
2026.02.24	01:03:27.343	0.77436	0.77456			6
2026.02.24	01:03:28.500		0.77455			4
2026.02.24	01:03:29.767	0.77435				2
2026.02.24	01:03:30.081	0.77436				2
2026.02.24	01:03:31.839	0.77435				2
2026.02.24	01:03:32.268	0.77436				2
2026.02.24	01:03:33.438	0.77435				2
2026.02.24	01:03:33.769	0.77436				2
2026.02.24	01:03:36.080	0.77435	0.77454			6
2026.02.24	01:03:37.081	0.77436	0.77455			6
2026.02.24	01:03:38.870	0.77435				2
2026.02.24	01:03:40.358	0.77436	0.77457			6
2026.02.24	01:03:45.596	0.77424	0.77468			6
2026.02.24	01:03:48.133	0.77426	0.77463			6
2026.02.24	01:03:48.457		0.77461			4
2026.02.24	01:03:49.091	0.77435	0.77455			6
2026.02.24	01:03:49.535		0.77454			4
2026.02.24	01:03:50.209	0.77434	0.77452			6
2026.02.24	01:03:51.817	0.77435				2
2026.02.24	01:03:53.002	0.77433	0.77449			6
2026.02.24	01:03:54.894	0.77431	0.77448			6
2026.02.24	01:04:00.374	0.77428	0.77447			6
2026.02.24	01:04:06.952	0.77421	0.77470			6
2026.02.24	01:04:07.255		0.77469			4
2026.02.24	01:04:08.190		0.77468			4
2026.02.24	01:04:10.062	0.77423	0.77463			6
2026.02.24	01:04:10.375	0.77428	0.77448			6
2026.02.24	01:04:10.679		0.77449			4
2026.02.24	01:04:12.017		0.77448			4
2026.02.24	01:04:13.001		0.77449			4
2026.02.24	01:04:13.430		0.77448			4
2026.02.24	01:04:13.740	0.77429	0.77449			6
2026.02.24	01:04:15.089	0.77428	0.77447			6
2026.02.24	01:04:15.930	0.77427	0.77445			6
2026.02.24	01:04:18.071		0.77444			4
2026.02.24	01:04:20.834		0.77446			4
2026.02.24	01:04:21.891		0.77445			4
2026.02.24	01:04:22.953	0.77428	0.77446			6
2026.02.24	01:04:25.407	0.77427	0.77445			6
2026.02.24	01:04:25.889	0.77424	0.77442			6
2026.02.24	01:04:27.672		0.77440			4
2026.02.24	01:04:29.860		0.77442			4
2026.02.24	01:04:30.944		0.77441			4
2026.02.24	01:04:31.350		0.77442			4
2026.02.24	01:04:32.161		0.77440			4
2026.02.24	01:04:32.645	0.77425	0.77441			6
2026.02.24	01:04:33.916	0.77424	0.77442			6
2026.02.24	01:04:35.051	0.77425	0.77441			6
2026.02.24	01:04:35.671		0.77443			4
2026.02.24	01:04:37.304		0.77444			4
2026.02.24	01:04:37.671		0.77443			4
2026.02.24	01:04:38.760		0.77445			4
2026.02.24	01:04:40.243		0.77443			4
2026.02.24	01:04:40.860		0.77445			4
2026.02.24	01:04:42.671		0.77443			4
2026.02.24	01:04:44.304	0.77423				2
2026.02.24	01:04:45.052		0.77444			4
2026.02.24	01:04:45.440	0.77422	0.77443			6
2026.02.24	01:04:45.921	0.77423	0.77444			6
2026.02.24	01:04:46.489	0.77421	0.77437			6
2026.02.24	01:04:49.045		0.77439			4
2026.02.24	01:04:49.640		0.77437			4
2026.02.24	01:04:50.004		0.77438			4
2026.02.24	01:04:58.696		0.77437			4
2026.02.24	01:05:00.376	0.77421	0.77438			6
2026.02.24	01:05:02.195	0.77423	0.77440			6
2026.02.24	01:05:02.893	0.77424	0.77441			6
2026.02.24	01:05:03.595		0.77442			4
2026.02.24	01:05:04.614	0.77425				2
2026.02.24	01:05:05.940		0.77443			4
2026.02.24	01:05:07.309	0.77427	0.77445			6
2026.02.24	01:05:07.785	0.77426	0.77442			6
2026.02.24	01:05:08.671	0.77429	0.77445			6
2026.02.24	01:05:08.979	0.77430	0.77446			6
2026.02.24	01:05:09.300	0.77431	0.77447			6
2026.02.24	01:05:11.092	0.77430	0.77446			6
2026.02.24	01:05:22.953	0.77434	0.77450			6
2026.02.24	01:05:25.128	0.77433	0.77448			6
2026.02.24	01:05:32.838		0.77450			4
2026.02.24	01:05:33.671	0.77434				2
2026.02.24	01:05:35.161	0.77433	0.77449			6
2026.02.24	01:05:35.672	0.77434	0.77452			6
2026.02.24	01:05:37.338	0.77433	0.77449			6
2026.02.24	01:05:41.671	0.77435	0.77452			6
2026.02.24	01:05:43.891	0.77438	0.77455			6
2026.02.24	01:06:00.672	0.77438				2
2026.02.24	01:06:06.658	0.77440	0.77458			6
2026.02.24	01:06:45.058		0.77459			4
2026.02.24	01:06:53.367	0.77438				2
2026.02.24	01:06:54.554		0.77454			4
2026.02.24	01:07:00.621	0.77438				2
2026.02.24	01:07:01.943	0.77436	0.77455			6
2026.02.24	01:07:08.607		0.77451			4
2026.02.24	01:07:19.564		0.77449			4
2026.02.24	01:07:33.853		0.77451			4
2026.02.24	01:07:36.140		0.77450			4
2026.02.24	01:07:48.413	0.77437	0.77452			6
2026.02.24	01:07:59.570	0.77438				2
2026.02.24	01:08:00.673	0.77438				2
2026.02.24	01:08:04.044		0.77451			4
2026.02.24	01:08:05.426		0.77452			4
2026.02.24	01:08:07.056	0.77439	0.77453			6
2026.02.24	01:08:08.597		0.77456			4
2026.02.24	01:08:09.067		0.77459			4
2026.02.24	01:08:13.614		0.77458			4
2026.02.24	01:08:14.761	0.77440				2
2026.02.24	01:08:48.527	0.77439	0.77455			6
2026.02.24	01:08:50.544		0.77458			4
2026.02.24	01:08:56.654	0.77440				2
2026.02.24	01:09:01.129	0.77440				2
2026.02.24	01:09:23.342		0.77456			4
2026.02.24	01:09:23.677		0.77458			4
2026.02.24	01:09:24.003		0.77456			4
2026.02.24	01:09:24.327		0.77458			4
2026.02.24	01:09:24.653		0.77456			4
2026.02.24	01:09:24.977		0.77458			4
2026.02.24	01:09:25.303		0.77456			4
2026.02.24	01:09:25.627		0.77460			4
2026.02.24	01:09:25.953		0.77456			4
2026.02.24	01:09:26.278		0.77460			4
2026.02.24	01:09:26.602		0.77456			4
2026.02.24	01:09:26.927	0.77441	0.77458			6
2026.02.24	01:09:27.253		0.77456			4
2026.02.24	01:09:27.577		0.77458			4
2026.02.24	01:09:27.903		0.77456			4
2026.02.24	01:09:28.228		0.77458			4
2026.02.24	01:09:28.553		0.77456			4
2026.02.24	01:09:28.858		0.77458			4
2026.02.24	01:09:29.203		0.77456			4
2026.02.24	01:09:29.527		0.77458			4
2026.02.24	01:09:29.853		0.77456			4
2026.02.24	01:09:30.176		0.77458			4
2026.02.24	01:09:30.503		0.77456			4
2026.02.24	01:09:30.827		0.77458			4
2026.02.24	01:09:31.152		0.77456			4
2026.02.24	01:09:31.479		0.77461			4
2026.02.24	01:09:31.803		0.77456			4
2026.02.24	01:09:32.126		0.77461			4
2026.02.24	01:09:32.759		0.77458			4
2026.02.24	01:09:33.103		0.77456			4
2026.02.24	01:09:33.428		0.77458			4
2026.02.24	01:09:33.753		0.77456			4
2026.02.24	01:09:34.077		0.77461			4
2026.02.24	01:09:34.402		0.77456			4
2026.02.24	01:09:34.727		0.77458			4
2026.02.24	01:09:35.702		0.77456			4
2026.02.24	01:09:36.028		0.77461			4
2026.02.24	01:09:37.002		0.77456			4
2026.02.24	01:09:37.327		0.77461			4
2026.02.24	01:09:37.653		0.77456			4
2026.02.24	01:09:37.977		0.77461			4
2026.02.24	01:09:39.601		0.77456			4
2026.02.24	01:09:39.927		0.77461			4
2026.02.24	01:09:40.252		0.77456			4
2026.02.24	01:09:40.577		0.77461			4
2026.02.24	01:09:40.902		0.77456			4
2026.02.24	01:09:41.228		0.77461			4
2026.02.24	01:09:41.554		0.77456			4
2026.02.24	01:09:41.878		0.77461			4
2026.02.24	01:09:42.853		0.77456			4
2026.02.24	01:09:43.177		0.77461			4
2026.02.24	01:09:43.502		0.77456			4
2026.02.24	01:09:43.827		0.77461			4
2026.02.24	01:09:44.154		0.77456			4
2026.02.24	01:09:44.477		0.77461			4
2026.02.24	01:09:44.803		0.77456			4
2026.02.24	01:09:45.128		0.77461			4
2026.02.24	01:09:47.402		0.77456			4
2026.02.24	01:09:47.727		0.77461			4
2026.02.24	01:09:48.053		0.77456			4
2026.02.24	01:09:48.377		0.77458			4
2026.02.24	01:09:48.703		0.77456			4
2026.02.24	01:09:49.028		0.77458			4
2026.02.24	01:09:50.002		0.77456			4
2026.02.24	01:09:50.327		0.77461			4
2026.02.24	01:09:50.653		0.77456			4
2026.02.24	01:09:50.969		0.77461			4
2026.02.24	01:09:51.302		0.77456			4
2026.02.24	01:09:51.629		0.77461			4
2026.02.24	01:09:51.952		0.77456			4
2026.02.24	01:09:52.281		0.77461			4
2026.02.24	01:09:52.608		0.77456			4
2026.02.24	01:09:52.928		0.77461			4
2026.02.24	01:09:53.902		0.77456			4
2026.02.24	01:09:54.228		0.77461			4
2026.02.24	01:09:55.203		0.77456			4
2026.02.24	01:09:55.528		0.77458			4
2026.02.24	01:09:55.852		0.77456			4
2026.02.24	01:09:56.176		0.77458			4
2026.02.24	01:09:56.502		0.77456			4
2026.02.24	01:09:56.828		0.77458			4
2026.02.24	01:09:57.153		0.77456			4
2026.02.24	01:09:57.477		0.77461			4
2026.02.24	01:09:58.452		0.77456			4
2026.02.24	01:09:58.776		0.77458			4
2026.02.24	01:09:59.102		0.77456			4
2026.02.24	01:09:59.427		0.77458			4
2026.02.24	01:09:59.753		0.77461			4
2026.02.24	01:10:00.059	0.77441				2
2026.02.24	01:10:00.403		0.77456			4
2026.02.24	01:10:00.727		0.77461			4
2026.02.24	01:10:01.052		0.77456			4
2026.02.24	01:10:01.377		0.77458			4
2026.02.24	01:10:01.703		0.77456			4
2026.02.24	01:10:02.027		0.77458			4
2026.02.24	01:10:02.354		0.77456			4
2026.02.24	01:10:02.677		0.77458			4
2026.02.24	01:10:03.003		0.77456			4
2026.02.24	01:10:03.328		0.77460			4
2026.02.24	01:10:03.653		0.77456			4
2026.02.24	01:10:03.977		0.77458			4
2026.02.24	01:10:04.303		0.77456			4
2026.02.24	01:10:04.629		0.77458			4
2026.02.24	01:10:04.953		0.77456			4
2026.02.24	01:10:05.277		0.77458			4
2026.02.24	01:10:05.602		0.77456			4
2026.02.24	01:10:05.927		0.77458			4
2026.02.24	01:10:06.253		0.77456			4
2026.02.24	01:10:06.578		0.77460			4
2026.02.24	01:10:06.902		0.77456			4
2026.02.24	01:10:07.228		0.77460			4
2026.02.24	01:10:08.203		0.77456			4
2026.02.24	01:10:08.526		0.77460			4
2026.02.24	01:10:08.853		0.77456			4
2026.02.24	01:10:09.177		0.77460			4
2026.02.24	01:10:09.503		0.77456			4
2026.02.24	01:10:09.828		0.77458			4
2026.02.24	01:10:10.802		0.77456			4
2026.02.24	01:10:11.127		0.77458			4
2026.02.24	01:10:11.452		0.77456			4
2026.02.24	01:10:11.776		0.77460			4
2026.02.24	01:10:12.103		0.77456			4
2026.02.24	01:10:12.428		0.77460			4
2026.02.24	01:10:12.753		0.77456			4
2026.02.24	01:10:13.077		0.77460			4
2026.02.24	01:10:13.402		0.77456			4
2026.02.24	01:10:13.726		0.77460			4
2026.02.24	01:10:14.053		0.77456			4
2026.02.24	01:10:14.377		0.77460			4
2026.02.24	01:10:14.703		0.77456			4
2026.02.24	01:10:15.027		0.77460			4
2026.02.24	01:10:15.353		0.77456			4
2026.02.24	01:10:15.677		0.77460			4
2026.02.24	01:10:16.002		0.77456			4
2026.02.24	01:10:16.327		0.77460			4
2026.02.24	01:10:16.652		0.77456			4
2026.02.24	01:10:16.977		0.77460			4
2026.02.24	01:10:17.303		0.77456			4
2026.02.24	01:10:17.626		0.77460			4
2026.02.24	01:10:17.953		0.77456			4
2026.02.24	01:10:18.278		0.77460			4
2026.02.24	01:10:18.603		0.77456			4
2026.02.24	01:10:18.927		0.77460			4
2026.02.24	01:10:19.254		0.77456			4
2026.02.24	01:10:19.579		0.77460			4
2026.02.24	01:10:19.903		0.77456			4
2026.02.24	01:10:20.229		0.77460			4
2026.02.24	01:10:20.552		0.77456			4
2026.02.24	01:10:20.878		0.77458			4
2026.02.24	01:10:21.203		0.77456			4
2026.02.24	01:10:21.526		0.77458			4
2026.02.24	01:10:21.852		0.77456			4
2026.02.24	01:10:22.177		0.77460			4
2026.02.24	01:10:22.503		0.77456			4
2026.02.24	01:10:22.829		0.77458			4
2026.02.24	01:10:23.152		0.77456			4
2026.02.24	01:10:23.479		0.77458			4
2026.02.24	01:10:23.802		0.77456			4
2026.02.24	01:10:24.127		0.77460			4
2026.02.24	01:10:24.452		0.77456			4
2026.02.24	01:10:24.777		0.77460			4
2026.02.24	01:10:25.103		0.77456			4
2026.02.24	01:10:25.428		0.77460			4
2026.02.24	01:10:25.752		0.77456			4
2026.02.24	01:10:26.077		0.77458			4
2026.02.24	01:10:26.403		0.77456			4
2026.02.24	01:10:26.727		0.77458			4
2026.02.24	01:10:27.053		0.77456			4
2026.02.24	01:10:27.377		0.77460			4
2026.02.24	01:10:27.702		0.77456			4
2026.02.24	01:10:28.027		0.77460			4
2026.02.24	01:10:28.354		0.77456			4
2026.02.24	01:10:28.679		0.77460			4
2026.02.24	01:10:29.003		0.77456			4
2026.02.24	01:10:29.327		0.77460			4
2026.02.24	01:10:29.652		0.77456			4
2026.02.24	01:10:29.967		0.77460			4
2026.02.24	01:10:30.302		0.77456			4
2026.02.24	01:10:30.628		0.77460			4
2026.02.24	01:10:30.953		0.77456			4
2026.02.24	01:10:31.277		0.77460			4
2026.02.24	01:10:31.602		0.77456			4
2026.02.24	01:10:31.927		0.77460			4
2026.02.24	01:10:32.253		0.77456			4
2026.02.24	01:10:32.577		0.77460			4
2026.02.24	01:10:32.901		0.77456			4
2026.02.24	01:10:33.227		0.77460			4
2026.02.24	01:10:34.201		0.77456			4
2026.02.24	01:10:34.526		0.77460			4
2026.02.24	01:10:34.853		0.77456			4
2026.02.24	01:10:35.176		0.77460			4
2026.02.24	01:10:35.502		0.77456			4
2026.02.24	01:10:35.829		0.77460			4
2026.02.24	01:10:36.802		0.77456			4
2026.02.24	01:10:37.129		0.77460			4
2026.02.24	01:10:37.758		0.77458			4
2026.02.24	01:10:38.103		0.77456			4
2026.02.24	01:10:38.427		0.77458			4
2026.02.24	01:10:39.403		0.77456			4
2026.02.24	01:10:39.727		0.77460			4
2026.02.24	01:10:40.702		0.77456			4
2026.02.24	01:10:41.027		0.77460			4
2026.02.24	01:10:41.353		0.77456			4
2026.02.24	01:10:41.678		0.77460			4
2026.02.24	01:10:42.002		0.77456			4
2026.02.24	01:10:42.328		0.77460			4
2026.02.24	01:10:42.651		0.77456			4
2026.02.24	01:10:42.976		0.77460			4
2026.02.24	01:10:43.303		0.77456			4
2026.02.24	01:10:43.627		0.77460			4
2026.02.24	01:10:43.954		0.77456			4
2026.02.24	01:10:44.278		0.77460			4
2026.02.24	01:10:44.603		0.77456			4
2026.02.24	01:10:44.928		0.77460			4
2026.02.24	01:10:45.254		0.77456			4
2026.02.24	01:10:45.577		0.77460			4
2026.02.24	01:10:45.902		0.77456			4
2026.02.24	01:10:46.228		0.77460			4
2026.02.24	01:10:46.554		0.77456			4
2026.02.24	01:10:46.878		0.77460			4
2026.02.24	01:10:47.204	0.77433	0.77448			6
2026.02.24	01:10:47.659		0.77447			4
2026.02.24	01:10:49.315		0.77448			4
2026.02.24	01:10:54.098		0.77447			4
2026.02.24	01:11:00.738	0.77433				2
2026.02.24	01:11:04.937		0.77448			4
2026.02.24	01:11:07.124		0.77447			4
2026.02.24	01:11:07.882		0.77449			4
2026.02.24	01:11:08.302		0.77448			4
2026.02.24	01:11:09.100		0.77447			4
2026.02.24	01:11:13.671		0.77448			4
2026.02.24	01:11:15.374		0.77447			4
2026.02.24	01:11:16.641		0.77448			4
2026.02.24	01:11:18.738		0.77447			4
2026.02.24	01:11:19.694		0.77452			4
2026.02.24	01:11:25.297	0.77432	0.77451			6
2026.02.24	01:11:37.271	0.77431				2
2026.02.24	01:11:44.492		0.77450			4
2026.02.24	01:11:45.438	0.77430				2
2026.02.24	01:11:54.593	0.77429	0.77448			6
2026.02.24	01:11:56.235		0.77449			4
2026.02.24	01:11:57.426	0.77430				2
2026.02.24	01:11:58.941	0.77429				2
2026.02.24	01:11:59.734	0.77432	0.77452			6
2026.02.24	01:12:00.315	0.77432				2
2026.02.24	01:12:01.402		0.77449			4
2026.02.24	01:12:03.739	0.77433				2
2026.02.24	01:12:09.332		0.77451			4
2026.02.24	01:12:23.102		0.77454			4
2026.02.24	01:12:29.432	0.77434				2
2026.02.24	01:12:55.316	0.77431	0.77450			6
2026.02.24	01:13:01.423	0.77432				2
2026.02.24	01:13:28.431	0.77434	0.77455			6
2026.02.24	01:13:29.124	0.77432				2
2026.02.24	01:13:29.944	0.77436	0.77458			6
2026.02.24	01:14:00.528	0.77436	0.77456			6
2026.02.24	01:14:02.801	0.77434				2
2026.02.24	01:14:04.054	0.77435	0.77448			6
2026.02.24	01:14:14.001	0.77437	0.77449			6
2026.02.24	01:14:18.747	0.77435				2
2026.02.24	01:14:19.788	0.77433	0.77448			6
2026.02.24	01:14:20.838		0.77447			4
2026.02.24	01:14:34.225	0.77434				2
2026.02.24	01:14:45.224	0.77433	0.77446			6
2026.02.24	01:14:46.829		0.77447			4
2026.02.24	01:14:54.139		0.77446			4
2026.02.24	01:14:56.254	0.77432				2
2026.02.24	01:14:57.438		0.77445			4
2026.02.24	01:15:00.305	0.77432				2
2026.02.24	01:15:02.546	0.77433				2
2026.02.24	01:15:08.011	0.77432	0.77446			6
2026.02.24	01:15:12.945		0.77448			4
2026.02.24	01:15:13.740		0.77446			4
2026.02.24	01:15:14.739		0.77448			4
2026.02.24	01:15:19.130		0.77447			4
2026.02.24	01:15:20.240		0.77448			4
2026.02.24	01:15:20.741		0.77449			4
2026.02.24	01:15:23.419		0.77448			4
2026.02.24	01:15:24.138		0.77447			4
2026.02.24	01:15:31.091		0.77448			4
2026.02.24	01:15:33.169		0.77446			4
2026.02.24	01:15:33.628		0.77447			4
2026.02.24	01:15:36.274	0.77433	0.77444			6
2026.02.24	01:15:36.594		0.77445			4
2026.02.24	01:15:36.917	0.77432				2
2026.02.24	01:15:39.803	0.77433	0.77444			6
2026.02.24	01:15:40.312		0.77445			4
2026.02.24	01:16:00.464	0.77435	0.77446			6
2026.02.24	01:16:01.816		0.77447			4
2026.02.24	01:16:03.631	0.77438	0.77448			6
2026.02.24	01:16:04.081		0.77449			4
2026.02.24	01:16:07.641		0.77448			4
2026.02.24	01:16:08.892		0.77449			4
2026.02.24	01:16:09.632		0.77448			4
2026.02.24	01:16:45.963	0.77439	0.77449			6
2026.02.24	01:17:00.315	0.77439				2
2026.02.24	01:17:10.055	0.77436	0.77446			6
2026.02.24	01:17:57.927		0.77445			4
2026.02.24	01:18:01.039	0.77436				2
2026.02.24	01:18:12.330	0.77435				2
2026.02.24	01:18:15.830		0.77446			4
2026.02.24	01:18:16.818		0.77445			4
2026.02.24	01:18:18.457		0.77446			4
2026.02.24	01:18:19.938		0.77445			4
2026.02.24	01:18:25.329	0.77434				2
2026.02.24	01:18:30.140		0.77444			4
2026.02.24	01:18:40.262		0.77445			4
2026.02.24	01:18:45.440		0.77444			4
2026.02.24	01:19:00.831	0.77432	0.77443			6
2026.02.24	01:19:18.862	0.77433				2
2026.02.24	01:19:19.760	0.77432				2
2026.02.24	01:19:20.776		0.77442			4
2026.02.24	01:19:32.474	0.77433				2
2026.02.24	01:19:35.238	0.77432				2
2026.02.24	01:19:40.516	0.77433				2
2026.02.24	01:19:42.076	0.77432				2
2026.02.24	01:19:46.638	0.77433				2
2026.02.24	01:19:49.960		0.77443			4
2026.02.24	01:20:00.377	0.77433				2
2026.02.24	01:20:00.851		0.77442			4
2026.02.24	01:20:20.369	0.77435	0.77443			6
2026.02.24	01:20:21.439	0.77434				2
2026.02.24	01:20:54.146		0.77444			4
2026.02.24	01:20:59.686		0.77443			4
2026.02.24	01:21:00.138	0.77434	0.77444			6
2026.02.24	01:21:01.637	0.77435				2
2026.02.24	01:21:20.629		0.77443			4
2026.02.24	01:21:21.739		0.77444			4
2026.02.24	01:21:33.701		0.77443			4
2026.02.24	01:21:37.565		0.77444			4
2026.02.24	01:21:58.779	0.77436				2
2026.02.24	01:22:01.782	0.77435				2
2026.02.24	01:22:10.243	0.77439	0.77446			6
2026.02.24	01:22:22.939		0.77445			4
2026.02.24	01:22:23.813		0.77446			4
2026.02.24	01:22:38.239		0.77445			4
2026.02.24	01:22:40.578		0.77446			4
2026.02.24	01:22:41.538		0.77445			4
2026.02.24	01:22:43.038		0.77446			4
2026.02.24	01:22:46.129		0.77445			4
2026.02.24	01:22:50.574		0.77446			4
2026.02.24	01:22:53.238		0.77447			4
2026.02.24	01:22:55.981		0.77446			4
2026.02.24	01:23:00.876	0.77439				2
2026.02.24	01:23:03.501		0.77445			4
2026.02.24	01:23:04.712		0.77446			4
2026.02.24	01:23:11.356	0.77438	0.77445			6
2026.02.24	01:23:19.772	0.77439	0.77446			6
2026.02.24	01:23:20.644		0.77447			4
2026.02.24	01:23:25.714	0.77440				2
2026.02.24	01:23:31.039		0.77446			4
2026.02.24	01:23:37.913		0.77447			4
2026.02.24	01:23:40.340		0.77446			4
2026.02.24	01:24:01.560	0.77440				2
2026.02.24	01:24:09.890	0.77439				2
2026.02.24	01:24:10.339		0.77445			4
2026.02.24	01:24:13.938		0.77446			4
2026.02.24	01:24:15.914	0.77440	0.77445			6
2026.02.24	01:24:28.382		0.77446			4
2026.02.24	01:24:29.838		0.77445			4
2026.02.24	01:24:31.938		0.77446			4
2026.02.24	01:24:33.738		0.77445			4
2026.02.24	01:24:37.172		0.77446			4
2026.02.24	01:24:42.914	0.77446	0.77452			6
2026.02.24	01:24:46.537		0.77453			4
2026.02.24	01:24:47.336	0.77449	0.77455			6
2026.02.24	01:24:51.602		0.77454			4
2026.02.24	01:24:56.586	0.77447				2
2026.02.24	01:24:56.923		0.77453			4
2026.02.24	01:24:59.580		0.77454			4
2026.02.24	01:25:00.119	0.77447				2
2026.02.24	01:25:00.787		0.77453			4
2026.02.24	01:25:02.791		0.77454			4
2026.02.24	01:25:03.144	0.77449	0.77455			6
2026.02.24	01:25:06.438		0.77456			4
2026.02.24	01:25:10.040		0.77455			4
2026.02.24	01:25:11.933		0.77456			4
2026.02.24	01:25:21.767		0.77454			4
2026.02.24	01:25:24.482	0.77447	0.77453			6
2026.02.24	01:25:49.541	0.77446	0.77452			6
2026.02.24	01:25:50.159		0.77453			4
2026.02.24	01:26:00.522	0.77446				2
2026.02.24	01:26:06.066	0.77447				2
2026.02.24	01:26:50.864		0.77453			4
2026.02.24	01:26:56.716		0.77452			4
2026.02.24	01:27:01.396	0.77447	0.77453			6
2026.02.24	01:27:02.921		0.77454			4
2026.02.24	01:27:05.542		0.77453			4
2026.02.24	01:27:15.393		0.77452			4
2026.02.24	01:27:17.241		0.77453			4
2026.02.24	01:27:28.510	0.77446	0.77451			6
2026.02.24	01:27:31.767	0.77448	0.77454			6
2026.02.24	01:28:00.686	0.77448				2
2026.02.24	01:28:04.543		0.77453			4
2026.02.24	01:28:07.040		0.77454			4
2026.02.24	01:28:09.932		0.77453			4
2026.02.24	01:29:05.711	0.77448				2
2026.02.24	01:29:10.879		0.77453			4
2026.02.24	01:29:27.093	0.77447				2
2026.02.24	01:29:38.838		0.77454			4
2026.02.24	01:30:00.315	0.77447				2
2026.02.24	01:30:03.189	0.77449	0.77450			6
2026.02.24	01:30:06.584	0.77447	0.77454			6
2026.02.24	01:30:18.716	0.77445	0.77450			6
2026.02.24	01:30:21.298		0.77451			4
2026.02.24	01:30:24.229		0.77450			4
2026.02.24	01:30:28.128		0.77451			4
2026.02.24	01:30:30.428	0.77442	0.77448			6
2026.02.24	01:30:33.136		0.77447			4
2026.02.24	01:30:34.637	0.77441	0.77448			6
2026.02.24	01:30:59.629	0.77443				2
2026.02.24	01:30:59.942	0.77441	0.77447			6
2026.02.24	01:31:00.286	0.77443	0.77448			6
2026.02.24	01:31:00.590	0.77441	0.77447			6
2026.02.24	01:31:01.523	0.77443	0.77448			6
2026.02.24	01:31:01.824	0.77441	0.77447			6
2026.02.24	01:31:02.154	0.77443	0.77448			6
2026.02.24	01:31:03.016	0.77441	0.77447			6
2026.02.24	01:31:31.912		0.77448			4
2026.02.24	01:31:43.387		0.77447			4
2026.02.24	01:31:49.611	0.77440	0.77446			6
2026.02.24	01:31:50.357		0.77445			4
2026.02.24	01:32:00.867	0.77440				2
2026.02.24	01:32:01.953		0.77446			4
2026.02.24	01:32:30.740		0.77445			4
2026.02.24	01:32:58.710	0.77442	0.77448			6
2026.02.24	01:33:01.752	0.77442				2
2026.02.24	01:33:05.711	0.77439	0.77447			6
2026.02.24	01:33:06.850		0.77446			4
2026.02.24	01:33:08.249	0.77438	0.77445			6
2026.02.24	01:34:00.652	0.77438				2
2026.02.24	01:34:09.709		0.77445			4
2026.02.24	01:34:35.317	0.77439	0.77446			6
2026.02.24	01:34:35.622	0.77443	0.77451			6
2026.02.24	01:34:36.003	0.77442				2
2026.02.24	01:34:37.599	0.77441	0.77449			6
2026.02.24	01:34:39.011	0.77440	0.77448			6
2026.02.24	01:34:40.316	0.77438	0.77447			6
2026.02.24	01:34:45.040	0.77439				2
2026.02.24	01:35:01.402	0.77439				2
2026.02.24	01:35:07.638	0.77440				2
2026.02.24	01:35:10.211	0.77438	0.77446			6
2026.02.24	01:35:12.738		0.77445			4
2026.02.24	01:35:13.700	0.77439				2
2026.02.24	01:35:21.124		0.77446			4
2026.02.24	01:35:35.052	0.77441	0.77448			6
2026.02.24	01:35:37.030	0.77442				2
2026.02.24	01:35:43.612		0.77449			4
2026.02.24	01:35:55.576	0.77445	0.77451			6
2026.02.24	01:35:58.260		0.77450			4
2026.02.24	01:36:00.138	0.77445	0.77451			6
2026.02.24	01:36:01.619		0.77450			4
2026.02.24	01:36:19.740	0.77444				2
2026.02.24	01:36:20.293	0.77441	0.77447			6
2026.02.24	01:36:22.324		0.77446			4
2026.02.24	01:36:22.811		0.77447			4
2026.02.24	01:36:23.690		0.77448			4
2026.02.24	01:36:24.462	0.77440	0.77447			6
2026.02.24	01:36:27.616	0.77439	0.77445			6
2026.02.24	01:36:28.929	0.77437				2
2026.02.24	01:36:29.308	0.77436	0.77442			6
2026.02.24	01:36:30.962	0.77435	0.77443			6
2026.02.24	01:36:31.812		0.77442			4
2026.02.24	01:36:36.789	0.77438	0.77444			6
2026.02.24	01:36:38.159		0.77445			4
2026.02.24	01:36:46.938	0.77439				2
2026.02.24	01:36:55.557	0.77438	0.77444			6
2026.02.24	01:36:58.039		0.77445			4
2026.02.24	01:36:58.869	0.77439				2
2026.02.24	01:37:00.521	0.77440	0.77447			6
2026.02.24	01:37:02.596	0.77439	0.77446			6
2026.02.24	01:37:04.854		0.77445			4
2026.02.24	01:37:05.230	0.77440	0.77446			6
2026.02.24	01:37:06.639		0.77447			4
2026.02.24	01:37:08.100	0.77441				2
2026.02.24	01:37:09.738		0.77448			4
2026.02.24	01:37:11.126		0.77447			4
2026.02.24	01:37:12.922		0.77445			4
2026.02.24	01:37:15.724	0.77439	0.77444			6
2026.02.24	01:38:00.399	0.77439				2
2026.02.24	01:38:04.105		0.77445			4
2026.02.24	01:38:06.555		0.77444			4
2026.02.24	01:38:12.092	0.77437	0.77442			6
2026.02.24	01:38:13.503	0.77436				2
2026.02.24	01:38:15.661	0.77435	0.77441			6
2026.02.24	01:38:16.693		0.77442			4
2026.02.24	01:38:19.037		0.77439			4
2026.02.24	01:38:36.273	0.77434	0.77438			6
2026.02.24	01:38:37.939		0.77439			4
2026.02.24	01:38:52.225		0.77440			4
2026.02.24	01:38:55.643	0.77433				2
2026.02.24	01:39:00.316	0.77433				2
2026.02.24	01:39:05.238		0.77439			4
2026.02.24	01:39:12.373		0.77440			4
2026.02.24	01:39:13.813		0.77439			4
2026.02.24	01:39:14.234		0.77438			4
2026.02.24	01:39:15.382		0.77437			4
2026.02.24	01:39:16.366	0.77432				2
2026.02.24	01:39:21.423	0.77431				2
2026.02.24	01:39:22.948	0.77433	0.77440			6
2026.02.24	01:39:25.237		0.77439			4
2026.02.24	01:39:27.134	0.77431				2
2026.02.24	01:39:40.863		0.77440			4
2026.02.24	01:39:42.140		0.77439			4
2026.02.24	01:39:45.385		0.77440			4
2026.02.24	01:39:59.528		0.77439			4
2026.02.24	01:40:00.314	0.77431				2
2026.02.24	01:40:00.699		0.77440			4
2026.02.24	01:40:01.036		0.77439			4
2026.02.24	01:40:08.729		0.77440			4
2026.02.24	01:40:11.428		0.77439			4
2026.02.24	01:40:33.828		0.77440			4
2026.02.24	01:40:34.838		0.77439			4
2026.02.24	01:40:37.015	0.77432				2
2026.02.24	01:40:41.539	0.77431				2
2026.02.24	01:40:44.239	0.77432				2
2026.02.24	01:41:02.794	0.77432				2
2026.02.24	01:41:07.039		0.77438			4
2026.02.24	01:41:07.638		0.77439			4
2026.02.24	01:41:08.065	0.77431	0.77438			6
2026.02.24	01:41:09.373		0.77439			4
2026.02.24	01:41:10.842	0.77432	0.77438			6
2026.02.24	01:41:15.138	0.77431				2
2026.02.24	01:41:17.759	0.77430				2
2026.02.24	01:41:20.759	0.77429	0.77436			6
2026.02.24	01:41:25.038	0.77428	0.77435			6
2026.02.24	01:41:36.711	0.77427	0.77433			6
2026.02.24	01:41:37.827		0.77434			4
2026.02.24	01:41:39.968		0.77433			4
2026.02.24	01:41:40.834		0.77436			4
2026.02.24	01:41:43.865	0.77425	0.77434			6
2026.02.24	01:41:52.038		0.77433			4
2026.02.24	01:41:54.739		0.77434			4
2026.02.24	01:41:57.793		0.77433			4
2026.02.24	01:42:08.961	0.77425				2
2026.02.24	01:42:09.439		0.77434			4
2026.02.24	01:42:12.037	0.77423	0.77431			6
2026.02.24	01:42:12.859	0.77425	0.77433			6
2026.02.24	01:42:16.066	0.77426				2
2026.02.24	01:42:19.938		0.77434			4
2026.02.24	01:42:21.032		0.77433			4
2026.02.24	01:42:22.006	0.77424	0.77430			6
2026.02.24	01:42:22.337	0.77423				2
2026.02.24	01:42:23.386		0.77429			4
2026.02.24	01:42:28.548	0.77422				2
2026.02.24	01:42:30.024	0.77423				2
2026.02.24	01:42:32.781	0.77422	0.77430			6
2026.02.24	01:42:34.063		0.77429			4
2026.02.24	01:42:34.921		0.77428			4
2026.02.24	01:42:35.900	0.77420	0.77427			6
2026.02.24	01:42:36.314	0.77419	0.77425			6
2026.02.24	01:42:38.861	0.77417	0.77423			6
2026.02.24	01:42:39.500	0.77418	0.77425			6
2026.02.24	01:42:39.834	0.77419				2
2026.02.24	01:42:40.674		0.77426			4
2026.02.24	01:42:41.180	0.77417	0.77423			6
2026.02.24	01:42:41.970	0.77418	0.77424			6
2026.02.24	01:42:42.722	0.77417	0.77423			6
2026.02.24	01:42:43.034	0.77418	0.77424			6
2026.02.24	01:42:49.341		0.77425			4
2026.02.24	01:42:49.907		0.77424			4
2026.02.24	01:42:51.068		0.77425			4
2026.02.24	01:42:52.880	0.77417	0.77424			6
2026.02.24	01:42:53.452		0.77425			4
2026.02.24	01:42:55.448	0.77418				2
2026.02.24	01:43:00.520	0.77420	0.77427			6
2026.02.24	01:43:01.341	0.77421	0.77428			6
2026.02.24	01:43:02.789	0.77423	0.77430			6
2026.02.24	01:43:03.980	0.77424				2
2026.02.24	01:43:07.302	0.77427	0.77433			6
2026.02.24	01:43:07.794		0.77434			4
2026.02.24	01:43:08.561	0.77428	0.77436			6
2026.02.24	01:43:08.868	0.77425	0.77433			6
2026.02.24	01:43:09.389	0.77426				2
2026.02.24	01:43:10.033	0.77428	0.77435			6
2026.02.24	01:43:10.339		0.77436			4
2026.02.24	01:43:11.200	0.77427	0.77434			6
2026.02.24	01:43:12.330	0.77425	0.77432			6
2026.02.24	01:43:13.238		0.77433			4
2026.02.24	01:43:14.426	0.77429	0.77435			6
2026.02.24	01:43:16.491	0.77428				2
2026.02.24	01:43:17.513	0.77426	0.77433			6
2026.02.24	01:43:18.520		0.77431			4
2026.02.24	01:43:18.822		0.77432			4
2026.02.24	01:43:19.634	0.77425	0.77431			6
2026.02.24	01:43:19.949	0.77426	0.77432			6
2026.02.24	01:43:20.964	0.77425				2
2026.02.24	01:43:22.235	0.77426				2
2026.02.24	01:43:23.654	0.77428	0.77434			6
2026.02.24	01:43:24.974	0.77425	0.77432			6
2026.02.24	01:43:28.483	0.77423	0.77429			6
2026.02.24	01:43:31.206	0.77424	0.77430			6
2026.02.24	01:43:33.613	0.77423				2
2026.02.24	01:43:35.275	0.77424	0.77431			6
2026.02.24	01:43:36.103		0.77430			4
2026.02.24	01:43:36.476		0.77431			4
2026.02.24	01:43:37.340		0.77430			4
2026.02.24	01:43:41.193	0.77427	0.77433			6
2026.02.24	01:43:41.812		0.77432			4
2026.02.24	01:43:42.159	0.77426	0.77433			6
2026.02.24	01:43:42.920	0.77425				2
2026.02.24	01:43:45.438	0.77426	0.77432			6
2026.02.24	01:43:47.529	0.77425	0.77433			6
2026.02.24	01:43:49.620	0.77426				2
2026.02.24	01:43:50.258	0.77425				2
2026.02.24	01:43:52.783	0.77426				2
2026.02.24	01:43:56.643	0.77424	0.77430			6
2026.02.24	01:43:57.266		0.77431			4
2026.02.24	01:44:00.594	0.77424	0.77432			6
2026.02.24	01:44:02.062	0.77425	0.77431			6
2026.02.24	01:44:03.455	0.77424				2
2026.02.24	01:44:04.956		0.77430			4
2026.02.24	01:44:05.887		0.77431			4
2026.02.24	01:44:07.009	0.77425				2
2026.02.24	01:44:08.599	0.77424	0.77430			6
2026.02.24	01:44:09.732	0.77423				2
2026.02.24	01:44:12.391		0.77429			4
2026.02.24	01:44:16.453	0.77422				2
2026.02.24	01:44:17.019	0.77423	0.77430			6
2026.02.24	01:44:19.639		0.77429			4
2026.02.24	01:44:23.792	0.77424	0.77431			6
2026.02.24	01:44:24.364		0.77430			4
2026.02.24	01:44:26.821		0.77431			4
2026.02.24	01:44:27.892		0.77430			4
2026.02.24	01:44:32.539	0.77423				2
2026.02.24	01:44:36.439	0.77424	0.77429			6
2026.02.24	01:44:41.239		0.77430			4
2026.02.24	01:44:51.824	0.77426	0.77432			6
2026.02.24	01:44:52.353	0.77425	0.77433			6
2026.02.24	01:44:52.663	0.77426				2
2026.02.24	01:44:58.974		0.77432			4
2026.02.24	01:44:59.702	0.77423	0.77429			6
2026.02.24	01:45:00.194	0.77423				2
2026.02.24	01:45:01.567		0.77430			4
2026.02.24	01:45:02.339	0.77426	0.77433			6
2026.02.24	01:45:03.775		0.77432			4
2026.02.24	01:45:04.997	0.77425				2
2026.02.24	01:45:05.688	0.77426				2
2026.02.24	01:45:09.163	0.77425				2
2026.02.24	01:45:13.938	0.77426				2
2026.02.24	01:45:16.411	0.77427				2
2026.02.24	01:45:24.997		0.77433			4
2026.02.24	01:45:26.148	0.77428				2
2026.02.24	01:45:26.473	0.77427	0.77432			6
2026.02.24	01:45:27.307	0.77426	0.77431			6
2026.02.24	01:45:32.248		0.77430			4
2026.02.24	01:45:33.462		0.77431			4
2026.02.24	01:45:34.985		0.77430			4
2026.02.24	01:45:36.572		0.77431			4
2026.02.24	01:45:37.467	0.77425	0.77430			6
2026.02.24	01:45:43.426	0.77426	0.77431			6
2026.02.24	01:45:44.116		0.77432			4
2026.02.24	01:45:48.733	0.77427				2
2026.02.24	01:45:51.238		0.77431			4
2026.02.24	01:45:53.892		0.77432			4
2026.02.24	01:46:00.439	0.77427				2
2026.02.24	01:46:03.101		0.77433			4
2026.02.24	01:46:04.827		0.77432			4
2026.02.24	01:46:20.468	0.77426	0.77430			6
2026.02.24	01:46:21.138		0.77432			4
2026.02.24	01:46:25.567		0.77433			4
2026.02.24	01:46:26.562	0.77427				2
2026.02.24	01:46:28.803		0.77432			4
2026.02.24	01:46:30.409		0.77433			4
2026.02.24	01:46:32.482		0.77432			4
2026.02.24	01:46:36.958		0.77433			4
2026.02.24	01:46:39.177		0.77432			4
2026.02.24	01:46:46.567		0.77433			4
2026.02.24	01:46:50.609		0.77434			4
2026.02.24	01:46:55.133		0.77433			4
2026.02.24	01:47:00.632	0.77427				2
2026.02.24	01:47:05.476		0.77434			4
2026.02.24	01:47:05.946	0.77428	0.77435			6
2026.02.24	01:47:06.355	0.77430	0.77436			6
2026.02.24	01:47:08.091		0.77435			4
2026.02.24	01:47:33.882	0.77427	0.77432			6
2026.02.24	01:47:34.215	0.77426				2
2026.02.24	01:47:34.520	0.77424	0.77430			6
2026.02.24	01:47:36.100		0.77431			4
2026.02.24	01:47:38.948		0.77430			4
2026.02.24	01:47:39.740		0.77431			4
2026.02.24	01:47:42.720		0.77430			4
2026.02.24	01:47:49.592	0.77426	0.77432			6
2026.02.24	01:47:58.388		0.77433			4
2026.02.24	01:48:00.493	0.77425	0.77432			6
2026.02.24	01:48:01.679	0.77423	0.77429			6
2026.02.24	01:48:08.272	0.77422	0.77430			6
2026.02.24	01:48:08.664		0.77429			4
2026.02.24	01:48:08.966	0.77420	0.77427			6
2026.02.24	01:48:12.738		0.77426			4
2026.02.24	01:48:14.928		0.77427			4
2026.02.24	01:48:15.382	0.77421				2
2026.02.24	01:48:19.038	0.77420				2
2026.02.24	01:48:23.200	0.77418	0.77424			6
2026.02.24	01:48:23.713	0.77417				2
2026.02.24	01:48:35.015	0.77418				2
2026.02.24	01:48:38.888		0.77425			4
2026.02.24	01:48:43.096	0.77419				2
2026.02.24	01:48:49.325	0.77421	0.77428			6
2026.02.24	01:48:52.801	0.77420	0.77427			6
2026.02.24	01:48:53.119	0.77421	0.77428			6
2026.02.24	01:48:57.207	0.77420	0.77427			6
2026.02.24	01:48:57.514	0.77421	0.77428			6
2026.02.24	01:49:00.360	0.77421	0.77427			6
2026.02.24	01:49:04.103	0.77420				2
2026.02.24	01:49:11.539		0.77426			4
2026.02.24	01:49:13.332		0.77427			4
2026.02.24	01:49:19.499		0.77428			4
2026.02.24	01:49:23.059		0.77427			4
2026.02.24	01:49:23.895	0.77417	0.77424			6
2026.02.24	01:49:26.887		0.77425			4
2026.02.24	01:49:31.449	0.77416	0.77424			6
2026.02.24	01:50:00.281	0.77416				2
2026.02.24	01:50:01.181	0.77417	0.77425			6
2026.02.24	01:50:08.191	0.77416	0.77424			6
2026.02.24	01:50:23.308	0.77417				2
2026.02.24	01:50:40.050	0.77416				2
2026.02.24	01:50:43.038	0.77417				2
2026.02.24	01:50:44.544	0.77418				2
2026.02.24	01:50:45.953	0.77417				2
2026.02.24	01:50:46.829	0.77418	0.77425			6
2026.02.24	01:50:48.568		0.77424			4
2026.02.24	01:50:56.288	0.77417	0.77423			6
2026.02.24	01:50:57.076		0.77424			4
2026.02.24	01:50:57.670	0.77418				2
2026.02.24	01:50:58.725	0.77417				2
2026.02.24	01:50:59.132	0.77416	0.77423			6
2026.02.24	01:51:00.027	0.77416				2
2026.02.24	01:51:01.729		0.77422			4
2026.02.24	01:51:02.193		0.77421			4
2026.02.24	01:51:03.464		0.77422			4
2026.02.24	01:51:22.313		0.77423			4
2026.02.24	01:51:26.554	0.77417	0.77425			6
2026.02.24	01:51:28.504	0.77418				2
2026.02.24	01:51:43.656	0.77422	0.77429			6
2026.02.24	01:51:53.750	0.77421				2
2026.02.24	01:51:54.735	0.77418	0.77424			6
2026.02.24	01:51:57.031	0.77417				2
2026.02.24	01:51:59.600		0.77423			4
2026.02.24	01:52:00.151	0.77417				2
2026.02.24	01:52:02.326		0.77424			4
2026.02.24	01:52:02.998	0.77418	0.77423			6
2026.02.24	01:52:04.273		0.77424			4
2026.02.24	01:52:13.580	0.77417				2
2026.02.24	01:52:16.717	0.77416	0.77422			6
2026.02.24	01:52:18.001		0.77421			4
2026.02.24	01:52:21.540		0.77422			4
2026.02.24	01:52:22.308		0.77421			4
2026.02.24	01:52:25.698		0.77422			4
2026.02.24	01:52:39.612	0.77418	0.77424			6
2026.02.24	01:52:43.376		0.77425			4
2026.02.24	01:52:45.177	0.77421	0.77427			6
2026.02.24	01:52:46.374	0.77424	0.77430			6
2026.02.24	01:52:49.638	0.77425				2
2026.02.24	01:52:50.001	0.77424				2
2026.02.24	01:52:51.507		0.77429			4
2026.02.24	01:52:51.861	0.77425				2
2026.02.24	01:52:53.180	0.77424				2
2026.02.24	01:52:56.082	0.77427	0.77432			6
2026.02.24	01:52:57.181	0.77426				2
2026.02.24	01:52:59.137	0.77427	0.77433			6
2026.02.24	01:53:00.462	0.77427				2
2026.02.24	01:53:02.471		0.77432			4
2026.02.24	01:53:05.997	0.77425	0.77431			6
2026.02.24	01:53:08.415		0.77429			4
2026.02.24	01:53:09.346		0.77430			4
2026.02.24	01:53:09.678		0.77429			4
2026.02.24	01:53:12.347		0.77432			4
2026.02.24	01:53:13.904	0.77426				2
2026.02.24	01:53:20.524	0.77425	0.77431			6
2026.02.24	01:53:22.939		0.77429			4
2026.02.24	01:53:26.019	0.77424	0.77430			6
2026.02.24	01:53:26.321	0.77422	0.77428			6
2026.02.24	01:53:27.014	0.77421	0.77427			6
2026.02.24	01:53:28.141		0.77428			4
2026.02.24	01:53:30.991	0.77422				2
2026.02.24	01:53:32.070	0.77421	0.77427			6
2026.02.24	01:53:33.766	0.77422	0.77430			6
2026.02.24	01:53:34.212	0.77424	0.77429			6
2026.02.24	01:53:36.554	0.77423				2
2026.02.24	01:53:57.215		0.77430			4
2026.02.24	01:53:59.874		0.77429			4
2026.02.24	01:54:00.194	0.77423				2
2026.02.24	01:54:02.148		0.77430			4
2026.02.24	01:54:03.408		0.77429			4
2026.02.24	01:54:13.242		0.77430			4
2026.02.24	01:54:14.557		0.77429			4
2026.02.24	01:54:21.726		0.77430			4
2026.02.24	01:54:28.512	0.77422	0.77429			6
2026.02.24	01:54:33.080	0.77423	0.77430			6
2026.02.24	01:54:34.300		0.77429			4
2026.02.24	01:54:38.090	0.77422				2
2026.02.24	01:54:38.658	0.77423				2
2026.02.24	01:54:44.294	0.77421	0.77428			6
2026.02.24	01:54:45.982		0.77429			4
2026.02.24	01:54:47.575		0.77428			4
2026.02.24	01:54:56.734		0.77429			4
2026.02.24	01:55:03.505	0.77421				2
2026.02.24	01:55:04.314		0.77428			4
2026.02.24	01:55:04.718		0.77429			4
2026.02.24	01:55:06.414	0.77417	0.77424			6
2026.02.24	01:55:13.759		0.77423			4
2026.02.24	01:55:17.615	0.77420	0.77426			6
2026.02.24	01:55:23.069	0.77421	0.77427			6
2026.02.24	01:55:28.217	0.77420				2
2026.02.24	01:55:28.553	0.77421	0.77426			6
2026.02.24	01:55:31.216		0.77427			4
2026.02.24	01:55:34.995	0.77422	0.77428			6
2026.02.24	01:55:36.187	0.77421				2
2026.02.24	01:55:38.091	0.77422				2
2026.02.24	01:55:41.239	0.77424	0.77431			6
2026.02.24	01:55:42.203		0.77429			4
2026.02.24	01:55:50.538	0.77423	0.77430			6
2026.02.24	01:55:54.469	0.77424	0.77431			6
2026.02.24	01:55:54.962		0.77432			4
2026.02.24	01:55:56.378		0.77431			4
2026.02.24	01:55:59.268	0.77425				2
2026.02.24	01:56:00.505	0.77425				2
2026.02.24	01:56:04.440	0.77424	0.77430			6
2026.02.24	01:56:05.431		0.77431			4
2026.02.24	01:56:07.423		0.77430			4
2026.02.24	01:56:08.001		0.77431			4
2026.02.24	01:56:11.888	0.77423	0.77430			6
2026.02.24	01:56:35.276	0.77425	0.77431			6
2026.02.24	01:56:43.038		0.77432			4
2026.02.24	01:56:45.275	0.77426				2
2026.02.24	01:57:00.253	0.77426				2
2026.02.24	01:57:03.290	0.77425	0.77431			6
2026.02.24	01:57:03.658		0.77432			4
2026.02.24	01:57:06.002	0.77424	0.77430			6
2026.02.24	01:57:11.039	0.77423				2
2026.02.24	01:57:18.804		0.77429			4
2026.02.24	01:57:21.132		0.77430			4
2026.02.24	01:57:25.707	0.77425	0.77432			6
2026.02.24	01:57:31.542		0.77431			4
2026.02.24	01:57:31.913		0.77432			4
2026.02.24	01:58:02.172	0.77425				2
2026.02.24	01:58:12.739		0.77433			4
2026.02.24	01:58:14.002	0.77426				2
2026.02.24	01:58:15.201	0.77425	0.77432			6
2026.02.24	01:58:17.813	0.77424	0.77431			6
2026.02.24	01:58:19.187	0.77425				2
2026.02.24	01:58:20.193	0.77424				2
2026.02.24	01:58:23.729	0.77425				2
2026.02.24	01:58:26.572	0.77424	0.77430			6
2026.02.24	01:58:27.213		0.77431			4
2026.02.24	01:58:27.658	0.77425	0.77432			6
2026.02.24	01:58:41.499	0.77426	0.77433			6
2026.02.24	01:58:42.801	0.77427	0.77435			6
2026.02.24	01:58:43.945	0.77426	0.77434			6
2026.02.24	01:58:49.160		0.77433			4
2026.02.24	01:58:58.638		0.77432			4
2026.02.24	01:59:00.316	0.77426				2
2026.02.24	01:59:03.122		0.77433			4
2026.02.24	01:59:10.460		0.77432			4
2026.02.24	01:59:12.009		0.77433			4
2026.02.24	01:59:12.674	0.77427	0.77434			6
2026.02.24	01:59:13.922		0.77433			4
2026.02.24	01:59:24.971		0.77434			4
2026.02.24	01:59:30.920		0.77435			4
2026.02.24	01:59:31.723	0.77428	0.77436			6
2026.02.24	01:59:33.287	0.77429	0.77435			6
2026.02.24	01:59:33.625	0.77428				2
2026.02.24	01:59:34.803	0.77429				2
2026.02.24	01:59:39.916	0.77428				2
2026.02.24	01:59:44.250	0.77426	0.77432			6
2026.02.24	01:59:49.038		0.77433			4
2026.02.24	01:59:55.809		0.77432			4
2026.02.24	02:00:00.317	0.77427	0.77433			6
2026.02.24	02:00:00.714		0.77434			4
2026.02.24	02:00:01.045		0.77433			4
2026.02.24	02:00:03.430	0.77429	0.77435			6
2026.02.24	02:00:05.149		0.77436			4
2026.02.24	02:00:06.240	0.77431				2
2026.02.24	02:00:06.657		0.77438			4
2026.02.24	02:00:07.440	0.77430	0.77436			6
2026.02.24	02:00:07.953	0.77431				2
2026.02.24	02:00:08.498	0.77430	0.77433			6
2026.02.24	02:00:09.745		0.77436			4
2026.02.24	02:00:12.845	0.77429				2
2026.02.24	02:00:13.273	0.77428	0.77434			6
2026.02.24	02:00:13.627	0.77429	0.77435			6
2026.02.24	02:00:14.676	0.77428				2
2026.02.24	02:00:19.528	0.77426	0.77433			6
2026.02.24	02:00:20.821		0.77432			4
2026.02.24	02:00:21.328		0.77433			4
2026.02.24	02:00:22.180	0.77427				2
2026.02.24	02:00:33.525	0.77426				2
2026.02.24	02:00:34.185	0.77425	0.77432			6
2026.02.24	02:00:34.489	0.77426				2
2026.02.24	02:00:38.814	0.77424	0.77431			6
2026.02.24	02:00:40.430		0.77430			4
2026.02.24	02:00:40.852		0.77432			4
2026.02.24	02:00:42.343		0.77430			4
2026.02.24	02:00:46.055	0.77423	0.77429			6
2026.02.24	02:00:51.662	0.77424	0.77430			6
2026.02.24	02:00:53.439	0.77420	0.77427			6
2026.02.24	02:00:55.747	0.77421				2
2026.02.24	02:00:58.611	0.77420				2
2026.02.24	02:01:00.493	0.77421				2
2026.02.24	02:01:02.298	0.77420				2
2026.02.24	02:01:02.620	0.77421				2
2026.02.24	02:01:05.383	0.77420				2
2026.02.24	02:01:06.262	0.77421	0.77426			6
2026.02.24	02:01:06.581	0.77418	0.77424			6
2026.02.24	02:01:10.471		0.77425			4
2026.02.24	02:01:12.744		0.77424			4
2026.02.24	02:01:13.267	0.77417				2
2026.02.24	02:01:13.921	0.77418				2
2026.02.24	02:01:14.709	0.77417				2
2026.02.24	02:01:19.792		0.77425			4
2026.02.24	02:01:21.807	0.77418	0.77424			6
2026.02.24	02:01:24.368		0.77425			4
2026.02.24	02:01:26.173	0.77419				2
2026.02.24	02:01:26.733	0.77421	0.77428			6
2026.02.24	02:01:27.940	0.77424	0.77431			6
2026.02.24	02:01:28.928	0.77430	0.77436			6
2026.02.24	02:01:30.045	0.77429	0.77435			6
2026.02.24	02:01:30.899		0.77436			4
2026.02.24	02:01:31.328		0.77435			4
2026.02.24	02:01:32.009		0.77436			4
2026.02.24	02:01:32.420		0.77435			4
2026.02.24	02:01:33.941	0.77432	0.77439			6
2026.02.24	02:01:34.953		0.77440			4
2026.02.24	02:01:35.302		0.77439			4
2026.02.24	02:01:36.370		0.77437			4
2026.02.24	02:01:37.567		0.77438			4
2026.02.24	02:01:38.861	0.77431				2
2026.02.24	02:01:39.589	0.77430	0.77437			6
2026.02.24	02:01:42.078	0.77431	0.77438			6
2026.02.24	02:01:44.325	0.77430	0.77436			6
2026.02.24	02:01:45.157		0.77437			4
2026.02.24	02:01:46.013	0.77431	0.77439			6
2026.02.24	02:01:46.333	0.77432				2
2026.02.24	02:01:47.962	0.77430	0.77437			6
2026.02.24	02:01:50.466	0.77432	0.77438			6
2026.02.24	02:01:51.118	0.77434	0.77442			6
2026.02.24	02:01:53.369	0.77436	0.77444			6
2026.02.24	02:01:53.679	0.77435	0.77443			6
2026.02.24	02:01:54.579		0.77442			4
2026.02.24	02:01:54.890	0.77436				2
2026.02.24	02:01:57.099	0.77438	0.77446			6
2026.02.24	02:01:58.036		0.77445			4
2026.02.24	02:02:00.008	0.77438				2
2026.02.24	02:02:06.544	0.77435	0.77442			6
2026.02.24	02:02:08.922	0.77434	0.77441			6
2026.02.24	02:02:11.938		0.77442			4
2026.02.24	02:02:14.472	0.77437	0.77444			6
2026.02.24	02:02:14.779		0.77445			4
2026.02.24	02:02:17.006		0.77444			4
2026.02.24	02:02:18.945		0.77445			4
2026.02.24	02:02:21.608		0.77444			4
2026.02.24	02:02:22.130		0.77443			4
2026.02.24	02:02:22.637		0.77444			4
2026.02.24	02:02:23.167		0.77445			4
2026.02.24	02:02:24.090		0.77444			4
2026.02.24	02:02:25.760		0.77443			4
2026.02.24	02:02:27.387	0.77434	0.77441			6
2026.02.24	02:02:27.708		0.77442			4
2026.02.24	02:02:32.973	0.77435				2
2026.02.24	02:02:35.826	0.77434				2
2026.02.24	02:02:36.714	0.77435				2
2026.02.24	02:02:41.899		0.77443			4
2026.02.24	02:02:42.548		0.77442			4
2026.02.24	02:02:46.581		0.77443			4
2026.02.24	02:02:47.022	0.77437	0.77444			6
2026.02.24	02:02:48.413		0.77445			4
2026.02.24	02:02:48.727		0.77444			4
2026.02.24	02:02:50.834		0.77445			4
2026.02.24	02:02:51.728	0.77438				2
2026.02.24	02:02:52.989	0.77435	0.77442			6
2026.02.24	02:03:00.690	0.77435				2
2026.02.24	02:03:10.726	0.77434				2
2026.02.24	02:03:11.912	0.77437	0.77445			6
2026.02.24	02:03:15.572		0.77446			4
2026.02.24	02:03:16.860		0.77444			4
2026.02.24	02:03:17.166	0.77438	0.77445			6
2026.02.24	02:03:18.415	0.77437	0.77444			6
2026.02.24	02:03:31.926	0.77438	0.77446			6
2026.02.24	02:03:32.496	0.77439	0.77447			6
2026.02.24	02:03:34.205	0.77440	0.77448			6
2026.02.24	02:03:42.139	0.77437	0.77444			6
2026.02.24	02:03:43.304	0.77436	0.77443			6
2026.02.24	02:03:51.849	0.77435				2
2026.02.24	02:03:52.158		0.77442			4
2026.02.24	02:04:00.270	0.77435				2
2026.02.24	02:04:04.642	0.77439	0.77447			6
2026.02.24	02:04:05.076	0.77441	0.77448			6
2026.02.24	02:04:09.997	0.77438	0.77445			6
2026.02.24	02:04:10.390		0.77446			4
2026.02.24	02:04:13.361		0.77445			4
2026.02.24	02:04:14.389	0.77437	0.77444			6
2026.02.24	02:04:15.777	0.77434	0.77442			6
2026.02.24	02:04:17.987		0.77443			4
2026.02.24	02:04:20.442	0.77435				2
2026.02.24	02:04:20.853	0.77434				2
2026.02.24	02:04:23.161	0.77435				2
2026.02.24	02:04:30.765		0.77442			4
2026.02.24	02:04:41.522	0.77434	0.77443			6
2026.02.24	02:04:42.049	0.77435				2
2026.02.24	02:04:47.490	0.77433	0.77440			6
2026.02.24	02:04:48.366	0.77431	0.77439			6
2026.02.24	02:04:48.779	0.77432				2
2026.02.24	02:04:49.272		0.77440			4
2026.02.24	02:04:51.895	0.77435	0.77443			6
2026.02.24	02:04:56.779		0.77442			4
2026.02.24	02:04:57.251		0.77443			4
2026.02.24	02:05:02.282	0.77436				2
2026.02.24	02:05:04.489	0.77435				2
2026.02.24	02:05:13.730	0.77437	0.77445			6
2026.02.24	02:05:14.374	0.77436	0.77444			6
2026.02.24	02:05:18.073	0.77435				2
2026.02.24	02:05:18.900		0.77443			4
2026.02.24	02:05:19.325		0.77444			4
2026.02.24	02:05:21.087	0.77436				2
2026.02.24	02:05:27.967	0.77438	0.77446			6
2026.02.24	02:05:30.672		0.77445			4
2026.02.24	02:05:31.140	0.77437	0.77444			6
2026.02.24	02:05:31.526		0.77445			4
2026.02.24	02:05:32.991	0.77436	0.77444			6
2026.02.24	02:05:33.707	0.77437	0.77445			6
2026.02.24	02:05:34.062	0.77439				2
2026.02.24	02:05:40.236	0.77437	0.77443			6
2026.02.24	02:05:41.037	0.77436				2
2026.02.24	02:05:43.653	0.77437				2
2026.02.24	02:05:44.407	0.77438				2
2026.02.24	02:05:45.104	0.77437				2
2026.02.24	02:05:46.087	0.77436				2
2026.02.24	02:05:46.607	0.77437				2
2026.02.24	02:05:47.107	0.77436				2
2026.02.24	02:05:47.592	0.77437				2
2026.02.24	02:05:47.913	0.77436				2
2026.02.24	02:05:52.307	0.77437				2
2026.02.24	02:05:53.326	0.77435	0.77441			6
2026.02.24	02:06:00.543	0.77435				2
2026.02.24	02:06:02.165	0.77438	0.77443			6
2026.02.24	02:06:03.548	0.77436				2
2026.02.24	02:06:03.854	0.77435	0.77441			6
2026.02.24	02:06:07.904		0.77440			4
2026.02.24	02:06:08.209	0.77436	0.77442			6
2026.02.24	02:06:09.029		0.77441			4
2026.02.24	02:06:10.120	0.77434				2
2026.02.24	02:06:12.470	0.77433	0.77440			6
2026.02.24	02:06:15.054	0.77435	0.77441			6
2026.02.24	02:06:18.652	0.77433	0.77440			6
2026.02.24	02:06:19.958	0.77434				2
2026.02.24	02:06:22.693	0.77433				2
2026.02.24	02:06:23.778	0.77434				2
2026.02.24	02:06:24.150		0.77439			4
2026.02.24	02:06:24.473	0.77435	0.77440			6
2026.02.24	02:06:24.818	0.77434	0.77439			6
2026.02.24	02:06:25.165	0.77435	0.77440			6
2026.02.24	02:06:25.507	0.77434	0.77439			6
2026.02.24	02:06:25.870	0.77435	0.77440			6
2026.02.24	02:06:26.182	0.77434	0.77439			6
2026.02.24	02:06:26.531	0.77435	0.77440			6
2026.02.24	02:06:26.877	0.77434	0.77439			6
2026.02.24	02:06:27.239	0.77435	0.77440			6
2026.02.24	02:06:27.575	0.77434	0.77439			6
2026.02.24	02:06:27.923		0.77440			4
2026.02.24	02:06:33.397	0.77433				2
2026.02.24	02:06:36.042	0.77435	0.77442			6
2026.02.24	02:06:39.616	0.77436	0.77443			6
2026.02.24	02:06:41.976	0.77435				2
2026.02.24	02:06:42.393	0.77436				2
2026.02.24	02:06:50.199	0.77435				2
2026.02.24	02:06:50.504		0.77442			4
2026.02.24	02:06:52.199	0.77436				2
2026.02.24	02:06:55.818	0.77435				2
2026.02.24	02:06:59.336		0.77443			4
2026.02.24	02:07:00.092	0.77435				2
2026.02.24	02:07:00.403	0.77436				2
2026.02.24	02:07:01.232	0.77438	0.77444			6
2026.02.24	02:07:11.477		0.77445			4
2026.02.24	02:07:15.268	0.77437	0.77444			6
2026.02.24	02:07:17.503	0.77436	0.77443			6
2026.02.24	02:07:18.289		0.77444			4
2026.02.24	02:07:20.388		0.77443			4
2026.02.24	02:07:27.690	0.77439	0.77447			6
2026.02.24	02:07:28.000	0.77440				2
2026.02.24	02:07:28.372		0.77448			4
2026.02.24	02:07:28.842	0.77442	0.77449			6
2026.02.24	02:07:30.152	0.77444	0.77452			6
2026.02.24	02:07:32.948	0.77442	0.77450			6
2026.02.24	02:07:33.263	0.77443				2
2026.02.24	02:07:34.848		0.77451			4
2026.02.24	02:07:36.861		0.77450			4
2026.02.24	02:07:39.340	0.77444	0.77451			6
2026.02.24	02:07:39.851		0.77450			4
2026.02.24	02:07:40.242		0.77451			4
2026.02.24	02:07:49.690		0.77452			4
2026.02.24	02:08:00.414	0.77444				2
2026.02.24	02:08:13.833	0.77443	0.77450			6
2026.02.24	02:08:17.199	0.77442				2
2026.02.24	02:08:22.769		0.77449			4
2026.02.24	02:08:41.499		0.77448			4
2026.02.24	02:08:42.769	0.77438	0.77444			6
2026.02.24	02:08:43.785		0.77445			4
2026.02.24	02:08:47.310		0.77444			4
2026.02.24	02:08:48.089		0.77445			4
2026.02.24	02:08:58.037		0.77444			4
2026.02.24	02:09:00.457	0.77438	0.77445			6
2026.02.24	02:09:01.259	0.77442	0.77448			6
2026.02.24	02:09:02.531	0.77441	0.77449			6
2026.02.24	02:09:07.471	0.77440	0.77448			6
2026.02.24	02:09:10.227		0.77447			4
2026.02.24	02:09:10.665	0.77441	0.77448			6
2026.02.24	02:09:12.076		0.77449			4
2026.02.24	02:09:13.726		0.77448			4
2026.02.24	02:09:23.377		0.77447			4
2026.02.24	02:09:23.693		0.77449			4
2026.02.24	02:09:30.883		0.77448			4
2026.02.24	02:09:32.042	0.77440	0.77447			6
2026.02.24	02:09:33.226	0.77442	0.77448			6
2026.02.24	02:09:33.577		0.77449			4
2026.02.24	02:09:36.725	0.77443	0.77450			6
2026.02.24	02:09:41.456	0.77444	0.77451			6
2026.02.24	02:09:41.761		0.77450			4
2026.02.24	02:09:44.769	0.77443				2
2026.02.24	02:09:48.852		0.77451			4
2026.02.24	02:09:50.260	0.77444				2
2026.02.24	02:10:00.385	0.77444	0.77450			6
2026.02.24	02:10:00.731	0.77443				2
2026.02.24	02:10:01.375		0.77451			4
2026.02.24	02:10:01.893	0.77444				2
2026.02.24	02:10:02.657	0.77443				2
2026.02.24	02:10:03.838		0.77449			4
2026.02.24	02:10:07.827	0.77441	0.77448			6
2026.02.24	02:10:20.185	0.77443	0.77449			6
2026.02.24	02:10:20.515		0.77451			4
2026.02.24	02:10:25.790		0.77449			4
2026.02.24	02:10:27.728	0.77442	0.77448			6
2026.02.24	02:10:28.052	0.77441	0.77447			6
2026.02.24	02:10:33.118	0.77438	0.77445			6
2026.02.24	02:10:33.799	0.77437	0.77443			6
2026.02.24	02:10:35.049	0.77436				2
2026.02.24	02:10:35.358	0.77435	0.77441			6
2026.02.24	02:10:36.413	0.77433	0.77440			6
2026.02.24	02:10:37.054	0.77431	0.77439			6
2026.02.24	02:10:37.384	0.77430	0.77436			6
2026.02.24	02:10:37.701	0.77429				2
2026.02.24	02:10:39.748	0.77430				2
2026.02.24	02:10:41.485		0.77437			4
2026.02.24	02:10:46.002		0.77436			4
2026.02.24	02:10:46.490	0.77429	0.77435			6
2026.02.24	02:10:51.996		0.77436			4
2026.02.24	02:10:52.773		0.77435			4
2026.02.24	02:11:00.413	0.77429	0.77436			6
2026.02.24	02:11:04.978		0.77437			4
2026.02.24	02:11:06.522	0.77430				2
2026.02.24	02:11:13.007		0.77436			4
2026.02.24	02:11:17.458	0.77432	0.77438			6
2026.02.24	02:11:18.679	0.77433	0.77439			6
2026.02.24	02:11:23.743		0.77438			4
2026.02.24	02:11:24.477		0.77439			4
2026.02.24	02:11:33.296	0.77432	0.77437			6
2026.02.24	02:11:33.649		0.77439			4
2026.02.24	02:11:37.115		0.77438			4
2026.02.24	02:11:37.440		0.77439			4
2026.02.24	02:11:39.020		0.77438			4
2026.02.24	02:11:43.632		0.77439			4
2026.02.24	02:11:49.471		0.77438			4
2026.02.24	02:11:55.651	0.77429	0.77435			6
2026.02.24	02:11:55.958	0.77428				2
2026.02.24	02:11:57.238	0.77429	0.77436			6
2026.02.24	02:11:59.442	0.77428	0.77435			6
2026.02.24	02:12:00.785	0.77426	0.77433			6
2026.02.24	02:12:09.009	0.77427				2
2026.02.24	02:12:28.821	0.77425	0.77431			6
2026.02.24	02:12:30.143		0.77432			4
2026.02.24	02:12:30.463	0.77429	0.77435			6
2026.02.24	02:12:33.822	0.77430				2
2026.02.24	02:12:46.390	0.77429				2
2026.02.24	02:12:46.722	0.77430				2
2026.02.24	02:12:47.218	0.77433	0.77439			6
2026.02.24	02:12:48.075	0.77435	0.77440			6
2026.02.24	02:12:48.677	0.77434				2
2026.02.24	02:12:52.328	0.77435				2
2026.02.24	02:12:52.925	0.77434				2
2026.02.24	02:12:53.542	0.77435	0.77442			6
2026.02.24	02:12:53.875		0.77441			4
2026.02.24	02:12:54.299		0.77440			4
2026.02.24	02:12:55.128		0.77441			4
2026.02.24	02:12:57.446		0.77440			4
2026.02.24	02:12:58.213		0.77441			4
2026.02.24	02:13:00.254	0.77435				2
2026.02.24	02:13:01.645	0.77438	0.77444			6
2026.02.24	02:13:04.445	0.77440				2
2026.02.24	02:13:05.024	0.77438	0.77443			6
2026.02.24	02:13:05.402		0.77444			4
2026.02.24	02:13:07.505		0.77443			4
2026.02.24	02:13:15.094		0.77444			4
2026.02.24	02:13:22.522		0.77443			4
2026.02.24	02:13:24.673		0.77444			4
2026.02.24	02:13:25.096		0.77443			4
2026.02.24	02:13:25.807		0.77444			4
2026.02.24	02:13:39.284		0.77443			4
2026.02.24	02:13:46.893		0.77444			4
2026.02.24	02:13:55.403	0.77436	0.77442			6
2026.02.24	02:14:03.793	0.77436				2
2026.02.24	02:14:05.437	0.77435				2
2026.02.24	02:14:06.258	0.77436				2
2026.02.24	02:14:12.236	0.77437				2
2026.02.24	02:14:13.501	0.77436				2
2026.02.24	02:14:15.398		0.77441			4
2026.02.24	02:14:21.822	0.77435				2
2026.02.24	02:14:26.714	0.77436	0.77442			6
2026.02.24	02:14:30.942	0.77439	0.77446			6
2026.02.24	02:14:31.312	0.77441				2
2026.02.24	02:14:35.652	0.77439	0.77444			6
2026.02.24	02:14:36.251	0.77440	0.77445			6
2026.02.24	02:14:37.310	0.77439				2
2026.02.24	02:14:43.253		0.77444			4
2026.02.24	02:15:00.307	0.77439				2
2026.02.24	02:15:02.927	0.77436	0.77441			6
2026.02.24	02:15:03.691	0.77435	0.77440			6
2026.02.24	02:15:05.774	0.77436	0.77441			6
2026.02.24	02:15:10.921	0.77435	0.77440			6
2026.02.24	02:15:11.308	0.77436	0.77441			6
2026.02.24	02:15:19.039	0.77435				2
2026.02.24	02:15:23.564	0.77441	0.77446			6
2026.02.24	02:15:24.471	0.77440				2
2026.02.24	02:15:29.951	0.77439	0.77445			6
2026.02.24	02:15:32.661	0.77438	0.77444			6
2026.02.24	02:15:44.487	0.77439	0.77445			6
2026.02.24	02:15:51.739		0.77444			4
2026.02.24	02:15:52.652	0.77438	0.77443			6
2026.02.24	02:15:56.697	0.77436	0.77442			6
2026.02.24	02:15:57.727		0.77441			4
2026.02.24	02:16:00.474	0.77435				2
2026.02.24	02:16:01.889		0.77442			4
2026.02.24	02:16:03.030		0.77441			4
2026.02.24	02:16:11.631	0.77436				2
2026.02.24	02:16:12.956	0.77434	0.77439			6
2026.02.24	02:16:15.876	0.77433				2
2026.02.24	02:16:17.616		0.77438			4
2026.02.24	02:16:29.382	0.77434	0.77439			6
2026.02.24	02:16:30.771	0.77433				2
2026.02.24	02:16:34.633	0.77434	0.77440			6
2026.02.24	02:16:35.485	0.77433	0.77439			6
2026.02.24	02:16:42.447	0.77434				2
2026.02.24	02:16:44.354	0.77433				2
2026.02.24	02:16:50.971		0.77438			4
2026.02.24	02:16:53.266		0.77439			4
2026.02.24	02:17:01.395	0.77433				2
2026.02.24	02:17:01.699		0.77438			4
2026.02.24	02:17:11.126	0.77427	0.77434			6
2026.02.24	02:17:15.947		0.77433			4
2026.02.24	02:17:26.190		0.77434			4
2026.02.24	02:17:27.033	0.77429	0.77435			6
2026.02.24	02:17:28.348		0.77434			4
2026.02.24	02:17:28.687		0.77435			4
2026.02.24	02:17:32.173		0.77434			4
2026.02.24	02:17:36.880	0.77428				2
2026.02.24	02:17:37.182	0.77429				2
2026.02.24	02:17:38.561	0.77427				2
2026.02.24	02:17:39.594	0.77428				2
2026.02.24	02:17:40.727	0.77429	0.77435			6
2026.02.24	02:17:41.186	0.77428				2
2026.02.24	02:17:41.614	0.77430	0.77437			6
2026.02.24	02:17:43.038		0.77436			4
2026.02.24	02:17:43.493		0.77437			4
2026.02.24	02:17:47.342	0.77429				2
2026.02.24	02:17:49.146	0.77430				2
2026.02.24	02:17:50.081		0.77436			4
2026.02.24	02:18:00.409	0.77430	0.77435			6
2026.02.24	02:18:04.465	0.77433	0.77438			6
2026.02.24	02:18:09.168	0.77432	0.77439			6
2026.02.24	02:18:10.621		0.77438			4
2026.02.24	02:18:14.366		0.77439			4
2026.02.24	02:18:27.794		0.77438			4
2026.02.24	02:18:37.472	0.77433	0.77439			6
2026.02.24	02:18:39.009	0.77432				2
2026.02.24	02:18:39.883	0.77435	0.77441			6
2026.02.24	02:19:00.539	0.77437				2
2026.02.24	02:19:00.865	0.77435				2
2026.02.24	02:19:01.540	0.77437				2
2026.02.24	02:19:02.044	0.77435				2
2026.02.24	02:19:03.541		0.77438			4
2026.02.24	02:19:04.043	0.77437	0.77441			6
2026.02.24	02:19:04.363	0.77435				2
2026.02.24	02:19:17.741	0.77436				2
2026.02.24	02:19:20.174	0.77435				2
2026.02.24	02:19:35.506		0.77442			4
2026.02.24	02:19:36.178		0.77441			4
2026.02.24	02:19:41.403		0.77442			4
2026.02.24	02:19:46.662		0.77441			4
2026.02.24	02:19:54.112		0.77442			4
2026.02.24	02:19:56.527		0.77441			4
2026.02.24	02:19:58.694	0.77436	0.77442			6
2026.02.24	02:20:00.790	0.77435	0.77441			6
2026.02.24	02:20:06.034		0.77442			4
2026.02.24	02:20:19.435		0.77441			4
2026.02.24	02:20:20.042	0.77434	0.77439			6
2026.02.24	02:20:20.428	0.77433				2
2026.02.24	02:20:20.926	0.77430	0.77436			6
2026.02.24	02:20:23.986	0.77433	0.77440			6
2026.02.24	02:20:29.074	0.77432	0.77439			6
2026.02.24	02:20:36.286	0.77433				2
2026.02.24	02:20:40.483	0.77434	0.77441			6
2026.02.24	02:20:41.463	0.77433	0.77438			6
2026.02.24	02:20:46.040	0.77432	0.77439			6
2026.02.24	02:20:53.527	0.77430	0.77436			6
2026.02.24	02:20:57.981	0.77431	0.77438			6
2026.02.24	02:21:01.477	0.77432	0.77439			6
2026.02.24	02:21:06.507		0.77438			4
2026.02.24	02:21:19.778	0.77431	0.77436			6
2026.02.24	02:21:20.299	0.77432	0.77439			6
2026.02.24	02:21:20.654		0.77438			4
2026.02.24	02:21:21.374		0.77439			4
2026.02.24	02:21:24.354	0.77434	0.77441			6
2026.02.24	02:21:26.098		0.77442			4
2026.02.24	02:21:27.809	0.77432	0.77440			6
2026.02.24	02:21:29.630		0.77439			4
2026.02.24	02:21:31.678		0.77440			4
2026.02.24	02:21:33.825		0.77439			4
2026.02.24	02:21:42.065	0.77431				2
2026.02.24	02:21:44.029	0.77434	0.77441			6
2026.02.24	02:21:52.053		0.77442			4
2026.02.24	02:22:00.746	0.77434				2
2026.02.24	02:22:16.855	0.77435				2
2026.02.24	02:22:21.456	0.77437	0.77444			6
2026.02.24	02:22:23.887	0.77440	0.77447			6
2026.02.24	02:22:25.074	0.77441	0.77448			6
2026.02.24	02:22:27.419	0.77443	0.77450			6
2026.02.24	02:22:34.039		0.77451			4
2026.02.24	02:22:34.406	0.77440	0.77448			6
2026.02.24	02:22:45.592	0.77441	0.77447			6
2026.02.24	02:22:48.448	0.77440				2
2026.02.24	02:22:49.039		0.77448			4
2026.02.24	02:23:00.776	0.77442	0.77450			6
2026.02.24	02:23:08.062		0.77448			4
2026.02.24	02:23:15.714	0.77441				2
2026.02.24	02:23:16.354		0.77446			4
2026.02.24	02:23:24.058	0.77438	0.77443			6
2026.02.24	02:23:53.213		0.77444			4
2026.02.24	02:24:01.053	0.77438				2
2026.02.24	02:24:25.539		0.77443			4
2026.02.24	02:24:25.890		0.77444			4
2026.02.24	02:24:27.454		0.77443			4
2026.02.24	02:24:34.072	0.77436	0.77441			6
2026.02.24	02:24:36.244	0.77435				2
2026.02.24	02:25:03.890	0.77435				2
2026.02.24	02:25:11.666	0.77438	0.77443			6
2026.02.24	02:25:22.813	0.77441	0.77446			6
2026.02.24	02:25:24.007		0.77447			4
2026.02.24	02:25:30.447		0.77448			4
2026.02.24	02:25:31.873		0.77447			4
2026.02.24	02:25:38.563		0.77448			4
2026.02.24	02:26:00.969	0.77441				2
2026.02.24	02:26:01.322		0.77447			4
2026.02.24	02:26:13.375		0.77448			4
2026.02.24	02:26:14.161		0.77447			4
2026.02.24	02:26:17.993		0.77448			4
2026.02.24	02:26:21.231		0.77447			4
2026.02.24	02:26:36.311	0.77439	0.77446			6
2026.02.24	02:26:48.380		0.77445			4
2026.02.24	02:26:59.170	0.77438	0.77444			6
2026.02.24	02:26:59.492		0.77445			4
2026.02.24	02:26:59.893		0.77444			4
2026.02.24	02:27:00.234	0.77436	0.77442			6
2026.02.24	02:27:01.797	0.77435	0.77441			6
2026.02.24	02:27:03.043	0.77436				2
2026.02.24	02:27:12.664	0.77435				2
2026.02.24	02:27:27.703	0.77440	0.77446			6
2026.02.24	02:27:37.976	0.77441	0.77447			6
2026.02.24	02:27:46.177	0.77442	0.77448			6
2026.02.24	02:27:47.102		0.77449			4
2026.02.24	02:27:48.049	0.77443	0.77448			6
2026.02.24	02:27:51.765	0.77441				2
2026.02.24	02:27:52.530		0.77447			4
2026.02.24	02:27:53.683	0.77440	0.77446			6
2026.02.24	02:27:55.303		0.77447			4
2026.02.24	02:27:57.053	0.77439	0.77446			6
2026.02.24	02:27:57.359	0.77438	0.77444			6
2026.02.24	02:27:59.028	0.77437				2
2026.02.24	02:28:00.136	0.77436				2
2026.02.24	02:28:01.679	0.77437	0.77443			6
2026.02.24	02:28:02.714	0.77439	0.77446			6
2026.02.24	02:28:03.578	0.77440				2
2026.02.24	02:28:10.183	0.77441	0.77447			6
2026.02.24	02:28:28.406	0.77443	0.77449			6
2026.02.24	02:28:28.716	0.77442				2
2026.02.24	02:28:38.589		0.77448			4
2026.02.24	02:28:40.206		0.77449			4
2026.02.24	02:28:40.939	0.77443				2
2026.02.24	02:28:41.639	0.77444	0.77450			6
2026.02.24	02:28:43.785	0.77443	0.77449			6
2026.02.24	02:28:57.563		0.77450			4
2026.02.24	02:29:00.698	0.77444				2
2026.02.24	02:29:03.049	0.77440	0.77446			6
2026.02.24	02:29:03.730	0.77439	0.77445			6
2026.02.24	02:29:04.740	0.77437	0.77444			6
2026.02.24	02:29:05.444	0.77438				2
2026.02.24	02:29:13.292	0.77439				2
2026.02.24	02:29:14.839	0.77438				2
2026.02.24	02:29:19.192	0.77436	0.77443			6
2026.02.24	02:29:20.265	0.77437	0.77442			6
2026.02.24	02:29:25.238	0.77434	0.77441			6
2026.02.24	02:29:28.900	0.77435				2
2026.02.24	02:29:40.802	0.77434				2
2026.02.24	02:29:41.955	0.77436	0.77442			6
2026.02.24	02:29:44.973	0.77437	0.77443			6
2026.02.24	02:29:59.037		0.77444			4
2026.02.24	02:30:00.474	0.77437				2
2026.02.24	02:30:01.601	0.77438				2
2026.02.24	02:30:11.631		0.77445			4
2026.02.24	02:30:14.800		0.77444			4
2026.02.24	02:30:17.931		0.77445			4
2026.02.24	02:30:21.635	0.77439	0.77446			6
2026.02.24	02:30:22.255	0.77441	0.77447			6
2026.02.24	02:30:34.336	0.77440				2
2026.02.24	02:30:34.652	0.77438	0.77445			6
2026.02.24	02:30:41.693	0.77439				2
2026.02.24	02:30:42.985	0.77440				2
2026.02.24	02:30:45.172	0.77439				2
2026.02.24	02:30:51.362	0.77440				2
2026.02.24	02:30:54.672	0.77441	0.77447			6
2026.02.24	02:30:55.184		0.77448			4
2026.02.24	02:30:59.928	0.77440	0.77447			6
2026.02.24	02:31:00.273	0.77440				2
2026.02.24	02:31:06.635		0.77446			4
2026.02.24	02:31:07.991		0.77447			4
2026.02.24	02:31:14.532	0.77441				2
2026.02.24	02:31:17.390		0.77448			4
2026.02.24	02:31:24.533		0.77447			4
2026.02.24	02:31:25.720	0.77440	0.77446			6
2026.02.24	02:31:41.613	0.77441				2
2026.02.24	02:31:41.942	0.77437	0.77444			6
2026.02.24	02:31:45.355	0.77438				2
2026.02.24	02:31:57.110	0.77436	0.77442			6
2026.02.24	02:32:02.009	0.77434	0.77441			6
2026.02.24	02:32:06.442	0.77435				2
2026.02.24	02:32:13.904	0.77438	0.77444			6
2026.02.24	02:32:14.940		0.77445			4
2026.02.24	02:32:18.469		0.77444			4
2026.02.24	02:32:19.765	0.77437	0.77443			6
2026.02.24	02:32:20.843	0.77438	0.77444			6
2026.02.24	02:32:23.345	0.77437	0.77443			6
2026.02.24	02:32:26.117	0.77438	0.77444			6
2026.02.24	02:32:29.903	0.77434	0.77441			6
2026.02.24	02:32:31.483	0.77435				2
2026.02.24	02:32:37.293	0.77434	0.77440			6
2026.02.24	02:32:37.630	0.77436	0.77442			6
2026.02.24	02:32:38.513	0.77435				2
2026.02.24	02:32:48.077		0.77441			4
2026.02.24	02:32:48.441	0.77433	0.77438			6
2026.02.24	02:32:54.678	0.77432				2
2026.02.24	02:32:58.038	0.77433	0.77439			6
2026.02.24	02:32:59.699	0.77431	0.77437			6
2026.02.24	02:33:00.222	0.77432	0.77439			6
2026.02.24	02:33:03.383	0.77433	0.77438			6
2026.02.24	02:33:08.857	0.77432				2
2026.02.24	02:33:10.510	0.77433				2
2026.02.24	02:33:11.941	0.77434	0.77440			6
2026.02.24	02:33:12.252	0.77436	0.77442			6
2026.02.24	02:33:19.681	0.77432	0.77438			6
2026.02.24	02:33:22.091		0.77437			4
2026.02.24	02:33:22.507		0.77438			4
2026.02.24	02:33:23.967	0.77433				2
2026.02.24	02:33:24.553	0.77430	0.77437			6
2026.02.24	02:33:27.892	0.77428	0.77434			6
2026.02.24	02:33:30.043	0.77429				2
2026.02.24	02:33:30.387		0.77435			4
2026.02.24	02:33:31.856	0.77431	0.77437			6
2026.02.24	02:33:33.207	0.77432				2
2026.02.24	02:33:33.531	0.77433	0.77438			6
2026.02.24	02:33:39.321	0.77436	0.77442			6
2026.02.24	02:33:40.256	0.77437				2
2026.02.24	02:33:42.803	0.77432	0.77437			6
2026.02.24	02:33:43.753		0.77438			4
2026.02.24	02:33:50.207	0.77430	0.77436			6
2026.02.24	02:33:56.766	0.77431				2
2026.02.24	02:33:59.248	0.77429	0.77433			6
2026.02.24	02:34:01.319	0.77429				2
2026.02.24	02:34:05.428		0.77434			4
2026.02.24	02:34:05.738	0.77432	0.77436			6
2026.02.24	02:34:06.312		0.77437			4
2026.02.24	02:34:07.183	0.77433	0.77438			6
2026.02.24	02:34:09.607	0.77432				2
2026.02.24	02:34:10.275	0.77433				2
2026.02.24	02:34:11.254	0.77431	0.77437			6
2026.02.24	02:34:12.147	0.77432	0.77438			6
2026.02.24	02:34:12.606		0.77437			4
2026.02.24	02:34:14.954	0.77433	0.77438			6
2026.02.24	02:34:15.491	0.77436	0.77442			6
2026.02.24	02:34:15.810	0.77437				2
2026.02.24	02:34:17.305	0.77440	0.77445			6
2026.02.24	02:34:19.208	0.77439				2
2026.02.24	02:34:20.639	0.77438	0.77443			6
2026.02.24	02:34:20.960	0.77439				2
2026.02.24	02:34:27.078	0.77438				2
2026.02.24	02:34:31.981	0.77434	0.77440			6
2026.02.24	02:34:38.208		0.77439			4
2026.02.24	02:34:38.639	0.77433				2
2026.02.24	02:34:54.264	0.77435	0.77440			6
2026.02.24	02:34:57.486	0.77436	0.77442			6
2026.02.24	02:34:59.742		0.77440			4
2026.02.24	02:35:00.545	0.77436				2
2026.02.24	02:35:02.855	0.77435	0.77439			6
2026.02.24	02:35:03.304		0.77441			4
2026.02.24	02:35:03.632	0.77434	0.77439			6
2026.02.24	02:35:08.309	0.77435	0.77441			6
2026.02.24	02:35:11.015	0.77437	0.77442			6
2026.02.24	02:35:12.500	0.77436				2
2026.02.24	02:35:13.524		0.77441			4
2026.02.24	02:35:15.085	0.77434	0.77439			6
2026.02.24	02:35:24.571	0.77432	0.77438			6
2026.02.24	02:35:24.874	0.77433				2
2026.02.24	02:35:26.167	0.77432				2
2026.02.24	02:35:29.170	0.77430	0.77435			6
2026.02.24	02:35:31.189	0.77431	0.77436			6
2026.02.24	02:35:33.181	0.77430				2
2026.02.24	02:35:35.487	0.77427	0.77433			6
2026.02.24	02:35:36.872		0.77432			4
2026.02.24	02:35:38.581	0.77426				2
2026.02.24	02:35:38.889	0.77427	0.77433			6
2026.02.24	02:35:39.475	0.77428				2
2026.02.24	02:35:41.405	0.77429	0.77434			6
2026.02.24	02:35:42.717	0.77431	0.77437			6
2026.02.24	02:35:44.426	0.77432				2
2026.02.24	02:35:44.740	0.77431				2
2026.02.24	02:35:49.038	0.77432	0.77436			6
2026.02.24	02:35:49.870	0.77428	0.77434			6
2026.02.24	02:35:50.180	0.77426	0.77431			6
2026.02.24	02:35:53.027	0.77427	0.77432			6
2026.02.24	02:35:53.583	0.77423	0.77428			6
2026.02.24	02:35:54.904	0.77424				2
2026.02.24	02:35:57.470		0.77429			4
2026.02.24	02:35:57.943		0.77428			4
2026.02.24	02:35:58.769		0.77429			4
2026.02.24	02:36:00.444	0.77424				2
2026.02.24	02:36:01.421	0.77425	0.77430			6
2026.02.24	02:36:02.312		0.77431			4
2026.02.24	02:36:03.876	0.77428	0.77433			6
2026.02.24	02:36:11.442		0.77434			4
2026.02.24	02:36:13.352		0.77433			4
2026.02.24	02:36:14.619	0.77427	0.77432			6
2026.02.24	02:36:15.684		0.77431			4
2026.02.24	02:36:18.826	0.77428	0.77432			6
2026.02.24	02:36:21.880		0.77433			4
2026.02.24	02:36:23.445	0.77429				2
2026.02.24	02:36:24.161	0.77427	0.77432			6
2026.02.24	02:36:28.824	0.77428	0.77433			6
2026.02.24	02:36:37.041	0.77427	0.77432			6
2026.02.24	02:36:37.408		0.77431			4
2026.02.24	02:36:37.720	0.77426				2
2026.02.24	02:36:40.187	0.77425	0.77430			6
2026.02.24	02:36:42.592		0.77429			4
2026.02.24	02:36:47.996	0.77423				2
2026.02.24	02:36:50.793	0.77424				2
2026.02.24	02:36:51.622	0.77426	0.77432			6
2026.02.24	02:36:51.932	0.77427				2
2026.02.24	02:36:52.242	0.77429	0.77433			6
2026.02.24	02:37:00.889	0.77426	0.77431			6
2026.02.24	02:37:02.388	0.77427	0.77432			6
2026.02.24	02:37:04.660		0.77431			4
2026.02.24	02:37:05.625		0.77432			4
2026.02.24	02:37:08.439		0.77431			4
2026.02.24	02:37:10.717	0.77423	0.77427			6
2026.02.24	02:37:11.021	0.77422				2
2026.02.24	02:37:15.624	0.77420	0.77425			6
2026.02.24	02:37:17.007	0.77421	0.77426			6
2026.02.24	02:37:18.766	0.77422				2
2026.02.24	02:37:19.961	0.77421				2
2026.02.24	02:37:20.385	0.77422				2
2026.02.24	02:37:22.362	0.77421				2
2026.02.24	02:37:24.973	0.77422	0.77427			6
2026.02.24	02:37:26.339		0.77426			4
2026.02.24	02:37:30.691	0.77421				2
2026.02.24	02:37:31.142		0.77427			4
2026.02.24	02:37:32.051		0.77426			4
2026.02.24	02:37:36.553	0.77422	0.77427			6
2026.02.24	02:37:39.708	0.77424	0.77428			6
2026.02.24	02:37:40.010	0.77423				2
2026.02.24	02:37:49.566	0.77419	0.77424			6
2026.02.24	02:37:49.972		0.77425			4
2026.02.24	02:37:50.716	0.77418	0.77423			6
2026.02.24	02:37:57.165	0.77422	0.77426			6
2026.02.24	02:37:57.507	0.77421				2
2026.02.24	02:37:57.902	0.77419	0.77424			6
2026.02.24	02:38:00.373	0.77418	0.77423			6
2026.02.24	02:38:01.550		0.77421			4
2026.02.24	02:38:02.009		0.77424			4
2026.02.24	02:38:03.831	0.77419	0.77422			6
2026.02.24	02:38:04.434		0.77424			4
2026.02.24	02:38:07.585	0.77418	0.77422			6
2026.02.24	02:38:08.097		0.77423			4
2026.02.24	02:38:08.411		0.77422			4
2026.02.24	02:38:10.350		0.77423			4
2026.02.24	02:38:10.873		0.77422			4
2026.02.24	02:38:12.272	0.77419	0.77423			6
2026.02.24	02:38:12.942	0.77417	0.77422			6
2026.02.24	02:38:13.552	0.77418	0.77423			6
2026.02.24	02:38:16.089	0.77419				2
2026.02.24	02:38:17.540	0.77418				2
2026.02.24	02:38:18.344	0.77419				2
2026.02.24	02:38:20.802		0.77424			4
2026.02.24	02:38:38.707	0.77422	0.77427			6
2026.02.24	02:38:45.291	0.77424	0.77429			6
2026.02.24	02:38:45.742	0.77425	0.77430			6
2026.02.24	02:38:48.372	0.77427	0.77432			6
2026.02.24	02:39:00.170	0.77426				2
2026.02.24	02:39:04.809		0.77431			4
2026.02.24	02:39:13.287	0.77423	0.77428			6
2026.02.24	02:39:13.604	0.77422	0.77427			6
2026.02.24	02:39:15.045	0.77421				2
2026.02.24	02:39:15.744	0.77420	0.77426			6
2026.02.24	02:39:16.892	0.77421				2
2026.02.24	02:39:21.543		0.77427			4
2026.02.24	02:39:23.420	0.77422	0.77426			6
2026.02.24	02:39:24.115		0.77428			4
2026.02.24	02:39:26.001		0.77427			4
2026.02.24	02:39:30.117	0.77421				2
2026.02.24	02:39:30.428		0.77426			4
2026.02.24	02:39:37.823		0.77427			4
2026.02.24	02:39:44.750		0.77426			4
2026.02.24	02:39:48.842		0.77427			4
2026.02.24	02:39:53.059	0.77420	0.77425			6
2026.02.24	02:40:01.255	0.77420				2
2026.02.24	02:40:02.782	0.77419	0.77424			6
2026.02.24	02:40:06.189		0.77425			4
2026.02.24	02:40:07.407	0.77418				2
2026.02.24	02:40:09.707	0.77419				2
2026.02.24	02:40:11.262	0.77418	0.77423			6
2026.02.24	02:40:12.063		0.77424			4
2026.02.24	02:40:12.376		0.77423			4
2026.02.24	02:40:13.345	0.77419				2
2026.02.24	02:40:14.405	0.77418	0.77424			6
2026.02.24	02:40:15.582	0.77419				2
2026.02.24	02:40:18.886	0.77418	0.77423			6
2026.02.24	02:40:20.536	0.77417	0.77422			6
2026.02.24	02:40:25.675		0.77421			4
2026.02.24	02:40:27.188		0.77422			4
2026.02.24	02:40:27.983	0.77420	0.77424			6
