<DATE>	<TIME>	<BID>	<ASK>	<LAST>	<VOLUME>	<FLAGS>
2026.05.21	00:03:30.634	0.78618	0.78744			6
2026.05.21	00:03:33.215	0.78620	0.78831			6
2026.05.21	00:03:46.889	0.78618	0.78769			6
2026.05.21	00:03:48.514	0.78616	0.78741			6
2026.05.21	00:04:03.842	0.78616				2
2026.05.21	00:04:12.312	0.78617	0.78769			6
2026.05.21	00:05:00.180	0.78625				2
2026.05.21	00:05:01.120	0.78621				2
2026.05.21	00:05:05.473	0.78651	0.78740			6
2026.05.21	00:05:05.774	0.78640	0.78730			6
2026.05.21	00:05:06.375	0.78651	0.78740			6
2026.05.21	00:05:06.979	0.78640	0.78730			6
2026.05.21	00:05:07.579	0.78646	0.78735			6
2026.05.21	00:05:58.894	0.78649				2
2026.05.21	00:06:00.181	0.78649				2
2026.05.21	00:06:21.063		0.78735			4
2026.05.21	00:06:50.990		0.78731			4
2026.05.21	00:06:51.347		0.78735			4
2026.05.21	00:06:51.679		0.78731			4
2026.05.21	00:06:52.012		0.78735			4
2026.05.21	00:06:52.356		0.78731			4
2026.05.21	00:06:52.956		0.78735			4
2026.05.21	00:06:53.256		0.78731			4
2026.05.21	00:06:53.557		0.78735			4
2026.05.21	00:06:53.858		0.78731			4
2026.05.21	00:06:54.159		0.78735			4
2026.05.21	00:06:54.459		0.78731			4
2026.05.21	00:06:54.790		0.78735			4
2026.05.21	00:07:07.050	0.78649				2
2026.05.21	00:07:11.176	0.78646				2
2026.05.21	00:07:54.791		0.78735			4
2026.05.21	00:08:00.398	0.78646				2
2026.05.21	00:08:53.617	0.78640	0.78741			6
2026.05.21	00:08:54.891	0.78648	0.78735			6
2026.05.21	00:09:00.120	0.78648				2
2026.05.21	00:09:54.894	0.78644	0.78738			6
2026.05.21	00:10:00.072	0.78642	0.78739			6
2026.05.21	00:10:11.762	0.78627	0.78746			6
2026.05.21	00:10:53.280	0.78619	0.78751			6
2026.05.21	00:10:54.570	0.78642	0.78739			6
2026.05.21	00:10:55.171	0.78643	0.78738			6
2026.05.21	00:11:00.249	0.78643				2
2026.05.21	00:11:01.624	0.78637	0.78733			6
2026.05.21	00:11:01.924	0.78648	0.78744			6
2026.05.21	00:11:03.132	0.78637	0.78733			6
2026.05.21	00:11:03.738	0.78648	0.78744			6
2026.05.21	00:11:04.037	0.78643	0.78738			6
2026.05.21	00:11:55.195	0.78642	0.78739			6
2026.05.21	00:11:59.048	0.78645				2
2026.05.21	00:12:00.247	0.78645				2
2026.05.21	00:12:07.393		0.78738			4
2026.05.21	00:13:00.847	0.78645				2
2026.05.21	00:13:07.393		0.78738			4
2026.05.21	00:14:01.012	0.78645				2
2026.05.21	00:14:08.346		0.78738			4
2026.05.21	00:15:02.012	0.78645				2
2026.05.21	00:15:08.347		0.78738			4
2026.05.21	00:15:38.953	0.78646				2
2026.05.21	00:16:00.248	0.78646				2
2026.05.21	00:16:07.449		0.78754			4
2026.05.21	00:16:08.033		0.78738			4
2026.05.21	00:17:00.121	0.78646				2
2026.05.21	00:17:08.045		0.78739			4
2026.05.21	00:18:00.261	0.78646				2
2026.05.21	00:18:08.040		0.78740			4
2026.05.21	00:19:01.147	0.78646				2
2026.05.21	00:19:08.051		0.78739			4
2026.05.21	00:19:08.351		0.78737			4
2026.05.21	00:19:17.688	0.78644				2
2026.05.21	00:20:00.250	0.78644				2
2026.05.21	00:20:08.140	0.78645	0.78739			6
2026.05.21	00:21:00.400	0.78645				2
2026.05.21	00:21:08.139	0.78643	0.78740			6
2026.05.21	00:22:00.552	0.78643				2
2026.05.21	00:22:08.345		0.78740			4
2026.05.21	00:23:00.548	0.78643				2
2026.05.21	00:23:08.048		0.78739			4
2026.05.21	00:23:08.349		0.78738			4
2026.05.21	00:24:00.247	0.78643				2
2026.05.21	00:24:08.151		0.78739			4
2026.05.21	00:25:01.745	0.78643				2
2026.05.21	00:25:08.351	0.78644	0.78737			6
2026.05.21	00:26:00.395	0.78644				2
2026.05.21	00:26:08.351	0.78643	0.78739			6
2026.05.21	00:27:00.545	0.78643				2
2026.05.21	00:27:08.359		0.78738			4
2026.05.21	00:28:00.244	0.78643				2
2026.05.21	00:28:04.246		0.78741			4
2026.05.21	00:29:00.244	0.78643				2
2026.05.21	00:29:04.451		0.78741			4
2026.05.21	00:30:00.251	0.78643	0.78761			6
2026.05.21	00:31:00.250	0.78643				2
2026.05.21	00:31:00.551		0.78761			4
2026.05.21	00:31:12.846		0.78759			4
2026.05.21	00:31:26.048		0.78758			4
2026.05.21	00:32:00.249	0.78643				2
2026.05.21	00:32:07.704	0.78642				2
2026.05.21	00:32:08.306		0.78759			4
2026.05.21	00:32:23.039		0.78749			4
2026.05.21	00:32:23.341		0.78757			4
2026.05.21	00:32:23.643		0.78756			4
2026.05.21	00:32:24.246		0.78749			4
2026.05.21	00:33:00.244	0.78642				2
2026.05.21	00:33:02.947	0.78643				2
2026.05.21	00:33:23.259		0.78748			4
2026.05.21	00:33:57.706	0.78644				2
2026.05.21	00:34:00.544	0.78644				2
2026.05.21	00:34:23.370		0.78749			4
2026.05.21	00:34:25.144	0.78646				2
2026.05.21	00:34:25.445	0.78644				2
2026.05.21	00:34:27.625	0.78646				2
2026.05.21	00:34:27.930	0.78644	0.78748			6
2026.05.21	00:34:30.264	0.78646				2
2026.05.21	00:34:30.564	0.78644				2
2026.05.21	00:34:33.246	0.78646				2
2026.05.21	00:34:33.547	0.78644				2
2026.05.21	00:34:40.480	0.78646				2
2026.05.21	00:34:40.780	0.78644				2
2026.05.21	00:34:42.848	0.78646				2
2026.05.21	00:34:43.449	0.78644				2
2026.05.21	00:34:50.951	0.78646	0.78747			6
2026.05.21	00:34:51.252	0.78645				2
2026.05.21	00:34:53.051		0.78749			4
2026.05.21	00:34:55.213	0.78646				2
2026.05.21	00:34:55.730	0.78645				2
2026.05.21	00:34:59.343	0.78646				2
2026.05.21	00:34:59.644	0.78645				2
2026.05.21	00:34:59.944	0.78644				2
2026.05.21	00:35:00.244	0.78644				2
2026.05.21	00:35:09.481		0.78746			4
2026.05.21	00:35:16.758		0.78749			4
2026.05.21	00:35:17.060		0.78746			4
2026.05.21	00:35:17.363		0.78749			4
2026.05.21	00:35:23.072		0.78753			4
2026.05.21	00:35:23.677		0.78750			4
2026.05.21	00:35:23.977		0.78749			4
2026.05.21	00:35:35.651	0.78646				2
2026.05.21	00:35:35.952		0.78747			4
2026.05.21	00:35:37.769		0.78748			4
2026.05.21	00:35:38.070		0.78747			4
2026.05.21	00:35:44.387		0.78748			4
2026.05.21	00:35:46.628		0.78750			4
2026.05.21	00:35:59.459		0.78749			4
2026.05.21	00:35:59.758		0.78750			4
2026.05.21	00:36:00.059	0.78646				2
2026.05.21	00:36:01.751		0.78748			4
2026.05.21	00:36:02.054		0.78747			4
2026.05.21	00:36:03.069		0.78748			4
2026.05.21	00:36:03.372		0.78749			4
2026.05.21	00:36:10.150		0.78750			4
2026.05.21	00:36:12.850		0.78749			4
2026.05.21	00:36:16.041		0.78748			4
2026.05.21	00:36:23.651		0.78750			4
2026.05.21	00:37:00.046	0.78646				2
2026.05.21	00:37:23.582		0.78747			4
2026.05.21	00:37:23.882		0.78748			4
2026.05.21	00:37:24.846		0.78747			4
2026.05.21	00:37:30.845		0.78745			4
2026.05.21	00:37:41.348		0.78746			4
2026.05.21	00:37:41.876		0.78747			4
2026.05.21	00:37:42.412		0.78750			4
2026.05.21	00:37:42.713		0.78748			4
2026.05.21	00:37:51.844		0.78743			4
2026.05.21	00:37:52.447	0.78647				2
2026.05.21	00:37:53.047	0.78646	0.78750			6
2026.05.21	00:37:53.349	0.78647	0.78743			6
2026.05.21	00:37:53.651		0.78750			4
2026.05.21	00:37:54.251		0.78748			4
2026.05.21	00:37:55.083	0.78646				2
2026.05.21	00:37:55.385		0.78749			4
2026.05.21	00:37:55.686	0.78647				2
2026.05.21	00:37:55.987	0.78646				2
2026.05.21	00:37:56.287	0.78647				2
2026.05.21	00:37:59.345	0.78646				2
2026.05.21	00:37:59.646	0.78647				2
2026.05.21	00:38:00.544	0.78647				2
2026.05.21	00:38:01.956	0.78646	0.78750			6
2026.05.21	00:38:02.266	0.78647				2
2026.05.21	00:38:05.045	0.78646				2
2026.05.21	00:38:05.346	0.78647				2
2026.05.21	00:38:08.351	0.78646				2
2026.05.21	00:38:08.651	0.78647				2
2026.05.21	00:38:10.151		0.78749			4
2026.05.21	00:38:10.453	0.78646				2
2026.05.21	00:38:10.753	0.78648	0.78748			6
2026.05.21	00:38:14.046	0.78646				2
2026.05.21	00:38:14.644	0.78648				2
2026.05.21	00:38:17.344	0.78646				2
2026.05.21	00:38:17.647	0.78648				2
2026.05.21	00:38:20.047	0.78646				2
2026.05.21	00:38:20.348	0.78648				2
2026.05.21	00:38:23.034	0.78647				2
2026.05.21	00:38:23.336	0.78646				2
2026.05.21	00:38:23.636		0.78750			4
2026.05.21	00:38:23.944	0.78648				2
2026.05.21	00:38:24.510	0.78646				2
2026.05.21	00:38:24.812	0.78648				2
2026.05.21	00:38:30.207	0.78646				2
2026.05.21	00:39:00.244	0.78646				2
2026.05.21	00:39:23.887		0.78750			4
2026.05.21	00:39:35.681		0.78748			4
2026.05.21	00:39:40.145		0.78749			4
2026.05.21	00:39:40.447		0.78750			4
2026.05.21	00:39:50.440		0.78747			4
2026.05.21	00:39:50.741		0.78750			4
2026.05.21	00:39:51.043		0.78748			4
2026.05.21	00:39:51.344		0.78750			4
2026.05.21	00:39:55.134		0.78749			4
2026.05.21	00:39:55.437		0.78750			4
2026.05.21	00:40:00.548	0.78646				2
2026.05.21	00:40:10.377		0.78745			4
2026.05.21	00:40:19.022		0.78747			4
2026.05.21	00:40:25.155		0.78744			4
2026.05.21	00:40:29.351	0.78648				2
2026.05.21	00:40:29.651	0.78646	0.78722			6
2026.05.21	00:40:29.954	0.78648	0.78744			6
2026.05.21	00:40:30.260	0.78646	0.78722			6
2026.05.21	00:40:30.560	0.78648	0.78744			6
2026.05.21	00:40:30.862	0.78646	0.78722			6
2026.05.21	00:40:31.164	0.78648	0.78744			6
2026.05.21	00:40:31.466	0.78646	0.78722			6
2026.05.21	00:40:31.768	0.78648	0.78745			6
2026.05.21	00:40:32.068	0.78646	0.78722			6
2026.05.21	00:40:32.369	0.78648	0.78745			6
2026.05.21	00:40:32.670	0.78646	0.78722			6
2026.05.21	00:40:32.971		0.78745			4
2026.05.21	00:41:00.251	0.78646				2
2026.05.21	00:41:03.207		0.78747			4
2026.05.21	00:41:03.506		0.78745			4
2026.05.21	00:41:05.654	0.78644				2
2026.05.21	00:41:10.439		0.78750			4
2026.05.21	00:41:25.135		0.78746			4
2026.05.21	00:41:25.436		0.78745			4
2026.05.21	00:41:28.207		0.78747			4
2026.05.21	00:41:28.513		0.78746			4
2026.05.21	00:41:29.114		0.78747			4
2026.05.21	00:41:29.416		0.78745			4
2026.05.21	00:41:29.716		0.78747			4
2026.05.21	00:41:30.016		0.78745			4
2026.05.21	00:41:30.617		0.78746			4
2026.05.21	00:41:30.918		0.78745			4
2026.05.21	00:41:35.454		0.78750			4
2026.05.21	00:42:00.250	0.78644				2
2026.05.21	00:42:00.549	0.78645				2
2026.05.21	00:42:35.654		0.78750			4
2026.05.21	00:42:50.944	0.78646				2
2026.05.21	00:42:52.444	0.78645				2
2026.05.21	00:42:53.351	0.78646				2
2026.05.21	00:42:53.952	0.78645				2
2026.05.21	00:42:56.645	0.78646				2
2026.05.21	00:42:57.912	0.78645				2
2026.05.21	00:42:58.748	0.78646				2
2026.05.21	00:43:00.244	0.78645				2
2026.05.21	00:43:00.992	0.78646				2
2026.05.21	00:43:02.348	0.78645				2
2026.05.21	00:43:06.247	0.78646				2
2026.05.21	00:43:06.547	0.78645				2
2026.05.21	00:43:10.143	0.78646				2
2026.05.21	00:43:14.563	0.78645				2
2026.05.21	00:43:17.046	0.78646				2
2026.05.21	00:43:17.350	0.78645				2
2026.05.21	00:43:24.544	0.78646				2
2026.05.21	00:43:26.346	0.78645				2
2026.05.21	00:43:26.946	0.78646				2
2026.05.21	00:43:27.550	0.78645				2
2026.05.21	00:43:28.456	0.78646				2
2026.05.21	00:43:28.756	0.78645				2
2026.05.21	00:43:35.695		0.78750			4
2026.05.21	00:43:57.832	0.78646				2
2026.05.21	00:43:58.444	0.78645				2
2026.05.21	00:44:00.245	0.78645				2
2026.05.21	00:44:18.245	0.78646				2
2026.05.21	00:44:19.144	0.78645				2
2026.05.21	00:44:32.646	0.78646				2
2026.05.21	00:44:33.543	0.78645				2
2026.05.21	00:44:36.843	0.78646	0.78750			6
2026.05.21	00:45:00.246	0.78646				2
2026.05.21	00:45:00.547	0.78647				2
2026.05.21	00:45:00.847	0.78646				2
2026.05.21	00:45:01.448	0.78647				2
2026.05.21	00:45:02.676	0.78644	0.78778			6
2026.05.21	00:45:02.978	0.78649	0.78775			6
2026.05.21	00:45:05.991	0.78647	0.78750			6
2026.05.21	00:45:25.256		0.78749			4
2026.05.21	00:45:25.558		0.78750			4
2026.05.21	00:45:25.858		0.78749			4
2026.05.21	00:45:26.493		0.78747			4
2026.05.21	00:45:36.845		0.78749			4
2026.05.21	00:45:37.148		0.78747			4
2026.05.21	00:45:40.144		0.78748			4
2026.05.21	00:45:40.445		0.78744			4
2026.05.21	00:46:00.545	0.78647				2
2026.05.21	00:46:25.231	0.78649				2
2026.05.21	00:46:35.651		0.78740			4
2026.05.21	00:47:00.844	0.78649				2
2026.05.21	00:47:02.947	0.78651	0.78776			6
2026.05.21	00:47:05.951	0.78649	0.78740			6
2026.05.21	00:47:25.441	0.78651				2
2026.05.21	00:47:41.652	0.78645				2
2026.05.21	00:48:00.545	0.78645				2
2026.05.21	00:48:06.844		0.78740			4
2026.05.21	00:48:50.648	0.78646				2
2026.05.21	00:48:55.145	0.78647				2
2026.05.21	00:49:00.546	0.78647				2
2026.05.21	00:49:08.044		0.78740			4
2026.05.21	00:49:17.349	0.78646				2
2026.05.21	00:49:20.346	0.78647				2
2026.05.21	00:49:25.146	0.78648				2
2026.05.21	00:49:25.446	0.78646				2
2026.05.21	00:49:30.245	0.78645				2
2026.05.21	00:49:35.375	0.78646				2
2026.05.21	00:49:40.149	0.78647				2
2026.05.21	00:49:41.656	0.78648				2
2026.05.21	00:50:00.544	0.78648				2
2026.05.21	00:50:08.044		0.78740			4
2026.05.21	00:50:14.649	0.78649				2
2026.05.21	00:50:27.658	0.78652	0.78751			6
2026.05.21	00:50:29.344	0.78653				2
2026.05.21	00:50:30.442		0.78763			4
2026.05.21	00:50:30.744	0.78652				2
2026.05.21	00:50:31.044	0.78657	0.78757			6
2026.05.21	00:50:31.911	0.78655				2
2026.05.21	00:50:32.212	0.78657				2
2026.05.21	00:50:34.611	0.78656				2
2026.05.21	00:50:34.912	0.78652	0.78756			6
2026.05.21	00:50:35.212	0.78657	0.78757			6
2026.05.21	00:50:35.923	0.78656				2
2026.05.21	00:50:36.224	0.78652	0.78756			6
2026.05.21	00:50:36.524	0.78657	0.78757			6
2026.05.21	00:50:38.945		0.78751			4
2026.05.21	00:50:39.247	0.78656				2
2026.05.21	00:50:39.548	0.78652	0.78750			6
2026.05.21	00:50:40.149	0.78657	0.78752			6
2026.05.21	00:50:40.788	0.78656				2
2026.05.21	00:50:41.088	0.78652	0.78750			6
2026.05.21	00:50:41.390		0.78752			4
2026.05.21	00:50:41.691	0.78657				2
2026.05.21	00:50:46.446	0.78652	0.78750			6
2026.05.21	00:50:46.750	0.78657				2
2026.05.21	00:50:47.050		0.78751			4
2026.05.21	00:50:48.977		0.78750			4
2026.05.21	00:50:49.276	0.78652				2
2026.05.21	00:50:49.580		0.78751			4
2026.05.21	00:50:49.884	0.78657				2
2026.05.21	00:50:53.049	0.78652				2
2026.05.21	00:50:53.349	0.78657				2
2026.05.21	00:50:53.809	0.78655				2
2026.05.21	00:50:54.113	0.78652	0.78750			6
2026.05.21	00:50:54.544	0.78657				2
2026.05.21	00:50:55.147	0.78655				2
2026.05.21	00:50:55.448	0.78652				2
2026.05.21	00:50:55.750		0.78751			4
2026.05.21	00:50:56.055	0.78656	0.78750			6
2026.05.21	00:50:56.354		0.78751			4
2026.05.21	00:50:56.659	0.78652	0.78756			6
2026.05.21	00:50:56.959	0.78656				2
2026.05.21	00:50:57.258		0.78757			4
2026.05.21	00:50:58.002	0.78652	0.78756			6
2026.05.21	00:50:58.306		0.78750			4
2026.05.21	00:50:58.607	0.78657				2
2026.05.21	00:51:00.844	0.78657				2
2026.05.21	00:51:02.045	0.78652				2
2026.05.21	00:51:02.347	0.78657				2
2026.05.21	00:51:05.047	0.78652				2
2026.05.21	00:51:05.351	0.78657				2
2026.05.21	00:51:08.732		0.78756			4
2026.05.21	00:51:09.031	0.78652	0.78750			6
2026.05.21	00:51:09.334	0.78657				2
2026.05.21	00:51:12.700	0.78652				2
2026.05.21	00:51:13.001	0.78657				2
2026.05.21	00:51:17.346	0.78652	0.78751			6
2026.05.21	00:51:17.948		0.78750			4
2026.05.21	00:51:18.293		0.78748			4
2026.05.21	00:51:20.049	0.78664				2
2026.05.21	00:51:20.352		0.78751			4
2026.05.21	00:51:49.249		0.78756			4
2026.05.21	00:51:49.849		0.78745			4
2026.05.21	00:51:50.150		0.78756			4
2026.05.21	00:51:51.051		0.78745			4
2026.05.21	00:51:51.954		0.78751			4
2026.05.21	00:52:00.374	0.78664				2
2026.05.21	00:52:08.947		0.78756			4
2026.05.21	00:52:33.853		0.78750			4
2026.05.21	00:52:55.433	0.78660				2
2026.05.21	00:53:00.244	0.78660				2
2026.05.21	00:53:33.843		0.78752			4
2026.05.21	00:53:40.138		0.78751			4
2026.05.21	00:54:00.844	0.78660				2
2026.05.21	00:54:22.353		0.78747			4
2026.05.21	00:54:22.656		0.78748			4
2026.05.21	00:54:22.956		0.78751			4
2026.05.21	00:54:23.860		0.78737			4
2026.05.21	00:54:34.346		0.78751			4
2026.05.21	00:54:45.377		0.78752			4
2026.05.21	00:55:00.005	0.78660				2
2026.05.21	00:55:02.444	0.78657	0.78745			6
2026.05.21	00:55:16.217		0.78741			4
2026.05.21	00:55:20.424		0.78745			4
2026.05.21	00:55:21.027		0.78741			4
2026.05.21	00:55:21.639		0.78745			4
2026.05.21	00:55:22.242		0.78741			4
2026.05.21	00:55:23.747		0.78745			4
2026.05.21	00:55:31.875	0.78658				2
2026.05.21	00:55:39.695	0.78657				2
2026.05.21	00:55:57.461	0.78660	0.78749			6
2026.05.21	00:56:00.174	0.78660				2
2026.05.21	00:56:31.766	0.78663				2
2026.05.21	00:56:42.909	0.78664				2
2026.05.21	00:56:43.509	0.78660				2
2026.05.21	00:56:57.666		0.78749			4
2026.05.21	00:56:58.270	0.78661				2
2026.05.21	00:57:00.074	0.78661				2
2026.05.21	00:57:08.493	0.78660				2
2026.05.21	00:57:13.308	0.78661				2
2026.05.21	00:57:15.409	0.78660				2
2026.05.21	00:57:28.355	0.78661				2
2026.05.21	00:57:44.897	0.78660				2
2026.05.21	00:57:49.705	0.78661				2
2026.05.21	00:57:51.508	0.78650	0.78746			6
2026.05.21	00:57:51.808	0.78651				2
2026.05.21	00:57:52.108	0.78649	0.78748			6
2026.05.21	00:57:52.409	0.78650	0.78747			6
2026.05.21	00:57:54.814	0.78649				2
2026.05.21	00:57:55.115	0.78647	0.78750			6
2026.05.21	00:57:55.715	0.78648	0.78749			6
2026.05.21	00:57:56.015	0.78646	0.78750			6
2026.05.21	00:57:56.617	0.78648	0.78749			6
2026.05.21	00:57:57.816	0.78647	0.78750			6
2026.05.21	00:57:58.117	0.78644	0.78753			6
2026.05.21	00:57:58.720	0.78645	0.78752			6
2026.05.21	00:57:59.320	0.78644	0.78757			6
2026.05.21	00:57:59.923		0.78756			4
2026.05.21	00:58:00.224	0.78644				2
2026.05.21	00:58:00.523	0.78661	0.78757			6
2026.05.21	00:58:00.824	0.78660				2
2026.05.21	00:58:02.925	0.78659				2
2026.05.21	00:58:03.829		0.78756			4
2026.05.21	00:58:04.432		0.78757			4
2026.05.21	00:58:11.066	0.78661				2
2026.05.21	00:58:13.171	0.78660	0.78756			6
2026.05.21	00:58:13.471		0.78755			4
2026.05.21	00:58:25.218		0.78754			4
2026.05.21	00:58:27.323		0.78762			4
2026.05.21	00:58:29.125		0.78753			4
2026.05.21	00:58:30.936	0.78661				2
2026.05.21	00:58:36.656		0.78754			4
2026.05.21	00:58:36.957	0.78659				2
2026.05.21	00:58:37.260		0.78753			4
2026.05.21	00:58:37.859		0.78755			4
2026.05.21	00:58:38.165		0.78753			4
2026.05.21	00:58:39.067		0.78754			4
2026.05.21	00:58:39.368		0.78756			4
2026.05.21	00:58:41.172	0.78661				2
2026.05.21	00:58:44.178		0.78755			4
2026.05.21	00:58:58.616		0.78756			4
2026.05.21	00:59:00.121	0.78661				2
2026.05.21	00:59:00.716	0.78666				2
2026.05.21	00:59:21.795		0.78757			4
2026.05.21	00:59:25.401		0.78756			4
2026.05.21	00:59:26.608	0.78667				2
2026.05.21	00:59:32.624	0.78665				2
2026.05.21	00:59:36.551	0.78666				2
2026.05.21	00:59:41.370	0.78667				2
2026.05.21	01:00:00.014	0.78667				2
2026.05.21	01:00:00.315	0.78659	0.78752			6
2026.05.21	01:00:00.618	0.78663	0.78756			6
2026.05.21	01:00:01.217	0.78662				2
2026.05.21	01:00:01.517	0.78661	0.78757			6
2026.05.21	01:00:01.820	0.78662	0.78756			6
2026.05.21	01:00:02.121	0.78657	0.78748			6
2026.05.21	01:00:02.418	0.78659	0.78754			6
2026.05.21	01:00:02.716	0.78660	0.78750			6
2026.05.21	01:00:03.020	0.78641	0.78762			6
2026.05.21	01:00:03.317	0.78658	0.78771			6
2026.05.21	01:00:03.618	0.78657	0.78770			6
2026.05.21	01:00:05.120		0.78769			4
2026.05.21	01:00:05.718	0.78656				2
2026.05.21	01:00:06.020	0.78659	0.78755			6
2026.05.21	01:00:06.320		0.78753			4
2026.05.21	01:00:06.626	0.78654	0.78745			6
2026.05.21	01:00:06.926	0.78653				2
2026.05.21	01:00:07.223	0.78659	0.78751			6
2026.05.21	01:00:07.522	0.78653	0.78745			6
2026.05.21	01:00:09.626	0.78651	0.78744			6
2026.05.21	01:00:10.525	0.78655	0.78741			6
2026.05.21	01:00:11.429	0.78657	0.78712			6
2026.05.21	01:00:11.728	0.78662				2
2026.05.21	01:00:15.636	0.78661	0.78739			6
2026.05.21	01:00:15.937		0.78738			4
2026.05.21	01:00:18.040		0.78737			4
2026.05.21	01:00:18.341	0.78664	0.78706			6
2026.05.21	01:00:20.743	0.78668				2
2026.05.21	01:00:21.645		0.78715			4
2026.05.21	01:00:21.946		0.78728			4
2026.05.21	01:00:22.244	0.78666				2
2026.05.21	01:00:22.846	0.78669	0.78736			6
2026.05.21	01:00:23.150		0.78729			4
2026.05.21	01:00:24.049	0.78670	0.78728			6
2026.05.21	01:00:24.652	0.78669				2
2026.05.21	01:00:26.455	0.78672	0.78732			6
2026.05.21	01:00:27.055	0.78685	0.78736			6
2026.05.21	01:00:28.256		0.78735			4
2026.05.21	01:00:30.960		0.78734			4
2026.05.21	01:00:31.260	0.78684				2
2026.05.21	01:00:33.970	0.78687				2
2026.05.21	01:00:34.570	0.78682	0.78729			6
2026.05.21	01:00:39.681	0.78680				2
2026.05.21	01:00:41.185		0.78728			4
2026.05.21	01:00:44.489	0.78678				2
2026.05.21	01:00:44.790	0.78681	0.78724			6
2026.05.21	01:00:47.492		0.78723			4
2026.05.21	01:00:48.093	0.78682	0.78725			6
2026.05.21	01:00:49.593		0.78723			4
2026.05.21	01:00:55.595		0.78722			4
2026.05.21	01:00:57.701	0.78681	0.78721			6
2026.05.21	01:01:00.107	0.78681				2
2026.05.21	01:01:00.410	0.78682				2
2026.05.21	01:01:06.410	0.78683	0.78720			6
2026.05.21	01:01:06.710	0.78682				2
2026.05.21	01:01:08.213		0.78719			4
2026.05.21	01:01:09.719		0.78712			4
2026.05.21	01:01:10.018		0.78714			4
2026.05.21	01:01:21.127		0.78713			4
2026.05.21	01:01:24.430	0.78681				2
2026.05.21	01:01:38.268		0.78714			4
2026.05.21	01:01:38.566		0.78712			4
2026.05.21	01:01:51.495	0.78682				2
2026.05.21	01:01:55.998		0.78713			4
2026.05.21	01:02:00.204	0.78682				2
2026.05.21	01:02:01.102		0.78712			4
2026.05.21	01:02:16.116		0.78711			4
2026.05.21	01:02:16.719		0.78712			4
2026.05.21	01:02:17.021		0.78711			4
2026.05.21	01:02:17.923		0.78712			4
2026.05.21	01:02:18.223		0.78711			4
2026.05.21	01:02:19.125		0.78712			4
2026.05.21	01:02:19.426		0.78711			4
2026.05.21	01:02:20.331		0.78712			4
2026.05.21	01:02:20.636		0.78711			4
2026.05.21	01:02:23.044		0.78712			4
2026.05.21	01:02:23.343		0.78711			4
2026.05.21	01:02:24.242		0.78712			4
2026.05.21	01:02:24.545		0.78711			4
2026.05.21	01:02:25.446		0.78712			4
2026.05.21	01:02:25.744		0.78711			4
2026.05.21	01:02:26.647		0.78712			4
2026.05.21	01:02:26.946		0.78711			4
2026.05.21	01:02:27.849		0.78712			4
2026.05.21	01:02:28.150		0.78711			4
2026.05.21	01:02:29.353		0.78712			4
2026.05.21	01:02:29.653		0.78711			4
2026.05.21	01:02:30.554		0.78712			4
2026.05.21	01:02:30.855		0.78711			4
2026.05.21	01:02:31.455		0.78710			4
2026.05.21	01:02:32.057		0.78712			4
2026.05.21	01:02:32.359		0.78710			4
2026.05.21	01:02:33.562		0.78712			4
2026.05.21	01:02:33.863		0.78710			4
2026.05.21	01:02:34.768	0.78680				2
2026.05.21	01:02:35.068		0.78712			4
2026.05.21	01:02:35.368		0.78710			4
2026.05.21	01:02:36.270		0.78712			4
2026.05.21	01:02:36.571		0.78710			4
2026.05.21	01:02:37.774		0.78712			4
2026.05.21	01:02:38.074		0.78710			4
2026.05.21	01:02:39.876		0.78709			4
2026.05.21	01:02:40.478		0.78710			4
2026.05.21	01:02:40.777		0.78709			4
2026.05.21	01:02:41.681		0.78710			4
2026.05.21	01:02:42.282		0.78709			4
2026.05.21	01:02:42.883		0.78710			4
2026.05.21	01:02:43.484		0.78709			4
2026.05.21	01:02:44.082		0.78710			4
2026.05.21	01:02:44.683		0.78709			4
2026.05.21	01:02:46.789		0.78710			4
2026.05.21	01:02:47.087		0.78709			4
2026.05.21	01:02:47.989		0.78710			4
2026.05.21	01:02:48.291		0.78709			4
2026.05.21	01:02:49.193		0.78710			4
2026.05.21	01:02:49.493		0.78709			4
2026.05.21	01:02:50.394		0.78710			4
2026.05.21	01:02:50.695		0.78709			4
2026.05.21	01:02:52.492		0.78708			4
2026.05.21	01:02:53.093		0.78710			4
2026.05.21	01:02:53.395		0.78709			4
2026.05.21	01:02:53.696		0.78708			4
2026.05.21	01:02:54.296		0.78710			4
2026.05.21	01:02:54.597		0.78709			4
2026.05.21	01:02:54.897		0.78708			4
2026.05.21	01:02:55.493		0.78710			4
2026.05.21	01:02:55.798		0.78709			4
2026.05.21	01:02:56.095		0.78708			4
2026.05.21	01:02:56.696		0.78710			4
2026.05.21	01:02:56.999		0.78709			4
2026.05.21	01:02:57.299		0.78708			4
2026.05.21	01:02:58.199		0.78710			4
2026.05.21	01:02:58.501		0.78709			4
2026.05.21	01:02:58.798		0.78708			4
2026.05.21	01:02:59.403		0.78710			4
2026.05.21	01:02:59.703		0.78709			4
2026.05.21	01:03:00.005	0.78680	0.78708			6
2026.05.21	01:03:00.604		0.78710			4
2026.05.21	01:03:00.906		0.78709			4
2026.05.21	01:03:01.207		0.78708			4
2026.05.21	01:03:01.807		0.78710			4
2026.05.21	01:03:02.108		0.78709			4
2026.05.21	01:03:02.409		0.78708			4
2026.05.21	01:03:03.009		0.78710			4
2026.05.21	01:03:03.309		0.78709			4
2026.05.21	01:03:03.611		0.78708			4
2026.05.21	01:03:04.510		0.78710			4
2026.05.21	01:03:04.810		0.78709			4
2026.05.21	01:03:05.111		0.78708			4
2026.05.21	01:03:05.712		0.78710			4
2026.05.21	01:03:06.011		0.78709			4
2026.05.21	01:03:06.312		0.78708			4
2026.05.21	01:03:06.910		0.78710			4
2026.05.21	01:03:07.210		0.78709			4
2026.05.21	01:03:07.512		0.78708			4
2026.05.21	01:03:08.116		0.78710			4
2026.05.21	01:03:08.413		0.78709			4
2026.05.21	01:03:08.715		0.78708			4
2026.05.21	01:03:09.619		0.78710			4
2026.05.21	01:03:09.918		0.78708			4
2026.05.21	01:03:10.218		0.78707			4
2026.05.21	01:03:10.819		0.78710			4
2026.05.21	01:03:11.118		0.78708			4
2026.05.21	01:03:11.416		0.78707			4
2026.05.21	01:03:12.021		0.78709			4
2026.05.21	01:03:12.320		0.78708			4
2026.05.21	01:03:12.621		0.78707			4
2026.05.21	01:03:13.222		0.78709			4
2026.05.21	01:03:13.521		0.78708			4
2026.05.21	01:03:13.822		0.78707			4
2026.05.21	01:03:14.423		0.78709			4
2026.05.21	01:03:14.724		0.78708			4
2026.05.21	01:03:15.024		0.78707			4
2026.05.21	01:03:15.923		0.78709			4
2026.05.21	01:03:16.223		0.78708			4
2026.05.21	01:03:16.527		0.78707			4
2026.05.21	01:03:17.126		0.78709			4
2026.05.21	01:03:17.425		0.78707			4
2026.05.21	01:03:21.030		0.78706			4
2026.05.21	01:03:23.741		0.78709			4
2026.05.21	01:03:24.038		0.78707			4
2026.05.21	01:03:24.638		0.78706			4
2026.05.21	01:03:24.938		0.78709			4
2026.05.21	01:03:25.244		0.78708			4
2026.05.21	01:03:25.543		0.78706			4
2026.05.21	01:03:26.147		0.78709			4
2026.05.21	01:03:26.450		0.78708			4
2026.05.21	01:03:26.751		0.78706			4
2026.05.21	01:03:27.654		0.78709			4
2026.05.21	01:03:27.954		0.78706			4
2026.05.21	01:03:28.853		0.78709			4
2026.05.21	01:03:29.157		0.78706			4
2026.05.21	01:03:30.057		0.78709			4
2026.05.21	01:03:30.358		0.78707			4
2026.05.21	01:03:30.657		0.78706			4
2026.05.21	01:03:31.257		0.78709			4
2026.05.21	01:03:31.559		0.78707			4
2026.05.21	01:03:31.858		0.78706			4
2026.05.21	01:03:32.461		0.78709			4
2026.05.21	01:03:32.761		0.78707			4
2026.05.21	01:03:33.061		0.78706			4
2026.05.21	01:03:33.960		0.78709			4
2026.05.21	01:03:34.265		0.78707			4
2026.05.21	01:03:34.563		0.78706			4
2026.05.21	01:03:35.162		0.78709			4
2026.05.21	01:03:35.464		0.78708			4
2026.05.21	01:03:35.763		0.78705			4
2026.05.21	01:03:36.365		0.78709			4
2026.05.21	01:03:36.665		0.78708			4
2026.05.21	01:03:36.966		0.78705			4
2026.05.21	01:03:37.574		0.78709			4
2026.05.21	01:03:37.874		0.78708			4
2026.05.21	01:03:38.173		0.78705			4
2026.05.21	01:03:39.074		0.78709			4
2026.05.21	01:03:39.373		0.78705			4
2026.05.21	01:03:40.274		0.78709			4
2026.05.21	01:03:40.574		0.78707			4
2026.05.21	01:03:40.876		0.78705			4
2026.05.21	01:03:41.478		0.78709			4
2026.05.21	01:03:41.776		0.78707			4
2026.05.21	01:03:42.074		0.78705			4
2026.05.21	01:03:42.678		0.78709			4
2026.05.21	01:03:42.978		0.78707			4
2026.05.21	01:03:43.278		0.78705			4
2026.05.21	01:03:43.878		0.78709			4
2026.05.21	01:03:44.179		0.78707			4
2026.05.21	01:03:44.477		0.78705			4
2026.05.21	01:03:45.377		0.78709			4
2026.05.21	01:03:45.681		0.78707			4
2026.05.21	01:03:45.981		0.78705			4
2026.05.21	01:03:46.582		0.78709			4
2026.05.21	01:03:46.882		0.78707			4
2026.05.21	01:03:47.182		0.78705			4
2026.05.21	01:03:47.783		0.78709			4
2026.05.21	01:03:48.083		0.78707			4
2026.05.21	01:03:48.383		0.78705			4
2026.05.21	01:03:48.984		0.78709			4
2026.05.21	01:03:49.285		0.78707			4
2026.05.21	01:03:49.585		0.78705			4
2026.05.21	01:03:50.490		0.78707			4
2026.05.21	01:03:50.790		0.78705			4
2026.05.21	01:03:51.688		0.78709			4
2026.05.21	01:03:51.992		0.78707			4
2026.05.21	01:03:52.290		0.78705			4
2026.05.21	01:03:52.893		0.78709			4
2026.05.21	01:03:53.190		0.78707			4
2026.05.21	01:03:53.493		0.78705			4
2026.05.21	01:03:54.093		0.78709			4
2026.05.21	01:03:54.392		0.78707			4
2026.05.21	01:03:54.694		0.78705			4
2026.05.21	01:03:55.295		0.78709			4
2026.05.21	01:03:55.595		0.78707			4
2026.05.21	01:03:55.895		0.78705			4
2026.05.21	01:03:56.797		0.78708			4
2026.05.21	01:03:57.097		0.78707			4
2026.05.21	01:03:57.393		0.78705			4
2026.05.21	01:03:57.993		0.78708			4
2026.05.21	01:03:58.294		0.78707			4
2026.05.21	01:03:58.596		0.78705			4
2026.05.21	01:03:59.196		0.78708			4
2026.05.21	01:03:59.497		0.78707			4
2026.05.21	01:03:59.797		0.78705			4
2026.05.21	01:04:00.101	0.78680	0.78704			6
2026.05.21	01:04:00.399		0.78708			4
2026.05.21	01:04:00.699		0.78707			4
2026.05.21	01:04:01.001		0.78704			4
2026.05.21	01:04:01.607		0.78708			4
2026.05.21	01:04:01.904		0.78706			4
2026.05.21	01:04:02.209		0.78704			4
2026.05.21	01:04:03.107		0.78708			4
2026.05.21	01:04:03.408		0.78704			4
2026.05.21	01:04:04.310		0.78708			4
2026.05.21	01:04:04.613		0.78706			4
2026.05.21	01:04:04.912		0.78704			4
2026.05.21	01:04:05.511		0.78708			4
2026.05.21	01:04:05.812		0.78706			4
2026.05.21	01:04:06.113		0.78704			4
2026.05.21	01:04:06.713		0.78708			4
2026.05.21	01:04:07.014		0.78706			4
2026.05.21	01:04:07.314		0.78704			4
2026.05.21	01:04:08.215		0.78708			4
2026.05.21	01:04:08.514		0.78704			4
2026.05.21	01:04:09.414		0.78708			4
2026.05.21	01:04:09.719		0.78706			4
2026.05.21	01:04:10.018		0.78704			4
2026.05.21	01:04:10.619		0.78708			4
2026.05.21	01:04:10.918		0.78706			4
2026.05.21	01:04:11.219		0.78704			4
2026.05.21	01:04:11.821		0.78708			4
2026.05.21	01:04:12.120		0.78706			4
2026.05.21	01:04:12.420		0.78704			4
2026.05.21	01:04:13.021		0.78708			4
2026.05.21	01:04:13.322		0.78706			4
2026.05.21	01:04:13.622		0.78704			4
2026.05.21	01:04:14.522		0.78708			4
2026.05.21	01:04:14.824		0.78704			4
2026.05.21	01:04:15.725		0.78708			4
2026.05.21	01:04:16.025		0.78706			4
2026.05.21	01:04:16.326		0.78704			4
2026.05.21	01:04:16.929		0.78708			4
2026.05.21	01:04:17.228		0.78706			4
2026.05.21	01:04:17.528		0.78704			4
2026.05.21	01:04:18.129		0.78708			4
2026.05.21	01:04:18.429		0.78706			4
2026.05.21	01:04:18.728		0.78704			4
2026.05.21	01:04:19.630		0.78708			4
2026.05.21	01:04:19.928		0.78704			4
2026.05.21	01:04:20.828		0.78708			4
2026.05.21	01:04:21.131		0.78706			4
2026.05.21	01:04:21.430		0.78704			4
2026.05.21	01:04:22.033		0.78707			4
2026.05.21	01:04:22.331		0.78706			4
2026.05.21	01:04:22.635		0.78704			4
2026.05.21	01:04:23.236		0.78707			4
2026.05.21	01:04:23.538		0.78706			4
2026.05.21	01:04:23.837		0.78704			4
2026.05.21	01:04:24.440		0.78707			4
2026.05.21	01:04:24.740		0.78706			4
2026.05.21	01:04:25.038		0.78704			4
2026.05.21	01:04:25.940		0.78706			4
2026.05.21	01:04:26.242		0.78704			4
2026.05.21	01:04:27.139		0.78707			4
2026.05.21	01:04:27.445		0.78706			4
2026.05.21	01:04:27.750		0.78704			4
2026.05.21	01:04:28.350		0.78707			4
2026.05.21	01:04:28.648		0.78706			4
2026.05.21	01:04:28.948		0.78704			4
2026.05.21	01:04:29.551		0.78707			4
2026.05.21	01:04:29.851		0.78706			4
2026.05.21	01:04:30.152		0.78704			4
2026.05.21	01:04:31.052		0.78703			4
2026.05.21	01:04:32.256		0.78704			4
2026.05.21	01:04:32.554		0.78703			4
2026.05.21	01:04:54.201		0.78702			4
2026.05.21	01:05:00.210	0.78680				2
2026.05.21	01:05:03.815		0.78701			4
2026.05.21	01:05:06.820	0.78681	0.78702			6
2026.05.21	01:05:13.139	0.78682	0.78703			6
2026.05.21	01:05:13.437		0.78702			4
2026.05.21	01:05:23.053	0.78684	0.78703			6
2026.05.21	01:05:25.157		0.78705			4
2026.05.21	01:05:25.455		0.78706			4
2026.05.21	01:05:25.756	0.78685				2
2026.05.21	01:05:26.659	0.78686				2
2026.05.21	01:05:27.259	0.78687				2
2026.05.21	01:05:29.969		0.78705			4
2026.05.21	01:05:38.686	0.78686	0.78704			6
2026.05.21	01:05:39.286		0.78705			4
2026.05.21	01:05:39.586		0.78702			4
2026.05.21	01:05:40.487	0.78684	0.78703			6
2026.05.21	01:05:40.786		0.78704			4
2026.05.21	01:05:45.295	0.78688				2
2026.05.21	01:05:47.095		0.78705			4
2026.05.21	01:05:53.105	0.78686	0.78704			6
2026.05.21	01:05:53.406		0.78706			4
2026.05.21	01:05:55.808	0.78688				2
2026.05.21	01:05:56.109	0.78690	0.78704			6
2026.05.21	01:05:56.408	0.78688				2
2026.05.21	01:05:56.709	0.78691				2
2026.05.21	01:05:57.009	0.78688	0.78705			6
2026.05.21	01:06:00.014	0.78688				2
2026.05.21	01:06:00.614	0.78690	0.78708			6
2026.05.21	01:06:01.816		0.78709			4
2026.05.21	01:06:02.116	0.78692	0.78710			6
2026.05.21	01:06:04.518		0.78709			4
2026.05.21	01:06:05.119	0.78694				2
2026.05.21	01:06:12.028		0.78710			4
2026.05.21	01:06:12.931		0.78709			4
2026.05.21	01:06:46.315	0.78695	0.78711			6
2026.05.21	01:06:46.617	0.78698	0.78715			6
2026.05.21	01:06:48.716	0.78700				2
2026.05.21	01:06:50.221	0.78699	0.78714			6
2026.05.21	01:06:50.822		0.78715			4
2026.05.21	01:07:00.143	0.78699				2
2026.05.21	01:07:01.646		0.78714			4
2026.05.21	01:07:07.058		0.78715			4
2026.05.21	01:07:22.091		0.78714			4
2026.05.21	01:07:25.393		0.78715			4
2026.05.21	01:07:28.995		0.78714			4
2026.05.21	01:07:32.599	0.78701	0.78717			6
2026.05.21	01:07:33.198	0.78700	0.78714			6
2026.05.21	01:07:33.500	0.78698				2
2026.05.21	01:07:35.000		0.78715			4
2026.05.21	01:07:36.504		0.78714			4
2026.05.21	01:07:37.106	0.78699				2
2026.05.21	01:07:39.811		0.78715			4
2026.05.21	01:07:43.714		0.78714			4
2026.05.21	01:07:46.422	0.78703	0.78716			6
2026.05.21	01:07:46.723		0.78715			4
2026.05.21	01:07:51.833		0.78716			4
2026.05.21	01:07:56.339	0.78702				2
2026.05.21	01:07:56.641	0.78699	0.78714			6
2026.05.21	01:07:56.941	0.78695	0.78711			6
2026.05.21	01:08:00.248	0.78695				2
2026.05.21	01:08:02.353		0.78710			4
2026.05.21	01:08:07.472	0.78696	0.78711			6
2026.05.21	01:08:07.775		0.78710			4
2026.05.21	01:08:15.289	0.78699	0.78715			6
2026.05.21	01:08:16.191		0.78714			4
2026.05.21	01:08:17.094	0.78700	0.78715			6
2026.05.21	01:08:19.197	0.78697	0.78711			6
2026.05.21	01:08:19.497	0.78696	0.78710			6
2026.05.21	01:08:20.994		0.78711			4
2026.05.21	01:08:27.602		0.78710			4
2026.05.21	01:09:00.055	0.78696				2
2026.05.21	01:09:09.676	0.78698				2
2026.05.21	01:09:09.975	0.78696				2
2026.05.21	01:09:10.277	0.78698				2
2026.05.21	01:09:10.882	0.78696				2
2026.05.21	01:09:11.483	0.78698				2
2026.05.21	01:09:12.085	0.78696				2
2026.05.21	01:09:19.297		0.78709			4
2026.05.21	01:09:25.609		0.78710			4
2026.05.21	01:09:35.824		0.78709			4
2026.05.21	01:09:36.422		0.78710			4
2026.05.21	01:09:44.540		0.78709			4
2026.05.21	01:09:46.942		0.78710			4
2026.05.21	01:09:55.057	0.78698	0.78713			6
2026.05.21	01:09:55.657		0.78714			4
2026.05.21	01:10:00.168	0.78698				2
2026.05.21	01:10:13.085	0.78697				2
2026.05.21	01:10:13.987		0.78713			4
2026.05.21	01:10:15.789		0.78711			4
2026.05.21	01:10:17.290		0.78712			4
2026.05.21	01:10:30.811		0.78711			4
2026.05.21	01:10:34.119	0.78698	0.78715			6
2026.05.21	01:10:35.319		0.78711			4
2026.05.21	01:10:35.619	0.78697				2
2026.05.21	01:10:35.921		0.78712			4
2026.05.21	01:10:36.219		0.78710			4
2026.05.21	01:10:37.719		0.78711			4
2026.05.21	01:10:43.128		0.78710			4
2026.05.21	01:10:43.731	0.78695	0.78708			6
2026.05.21	01:10:44.032	0.78694	0.78709			6
2026.05.21	01:10:44.933		0.78707			4
2026.05.21	01:10:49.138		0.78708			4
2026.05.21	01:10:49.442		0.78707			4
2026.05.21	01:10:49.743	0.78685	0.78699			6
2026.05.21	01:10:50.042	0.78687	0.78702			6
2026.05.21	01:10:51.242	0.78688				2
2026.05.21	01:10:52.147	0.78689	0.78705			6
2026.05.21	01:10:53.954	0.78688	0.78702			6
2026.05.21	01:10:58.460		0.78705			4
2026.05.21	01:10:58.761		0.78701			4
2026.05.21	01:10:59.060	0.78689	0.78705			6
2026.05.21	01:10:59.361		0.78702			4
2026.05.21	01:10:59.661	0.78688				2
2026.05.21	01:10:59.960		0.78701			4
2026.05.21	01:11:00.266	0.78689				2
2026.05.21	01:11:00.867	0.78687				2
2026.05.21	01:11:01.470		0.78702			4
2026.05.21	01:11:02.971	0.78688				2
2026.05.21	01:11:03.571	0.78687				2
2026.05.21	01:11:07.185		0.78701			4
2026.05.21	01:11:10.796		0.78702			4
2026.05.21	01:11:13.495		0.78701			4
2026.05.21	01:11:14.394	0.78686				2
2026.05.21	01:11:23.711	0.78685	0.78699			6
2026.05.21	01:11:26.422	0.78681	0.78695			6
2026.05.21	01:11:27.622	0.78683	0.78696			6
2026.05.21	01:11:27.921		0.78695			4
2026.05.21	01:11:29.426	0.78684	0.78697			6
2026.05.21	01:11:34.241	0.78685	0.78701			6
2026.05.21	01:11:34.540	0.78687				2
2026.05.21	01:11:38.759	0.78685	0.78697			6
2026.05.21	01:11:40.260	0.78681	0.78695			6
2026.05.21	01:11:41.466	0.78683	0.78696			6
2026.05.21	01:11:59.804		0.78695			4
2026.05.21	01:12:00.105	0.78684	0.78698			6
2026.05.21	01:12:01.005	0.78685				2
2026.05.21	01:12:01.307	0.78684				2
2026.05.21	01:12:01.612	0.78685				2
2026.05.21	01:12:03.112		0.78697			4
2026.05.21	01:12:04.010	0.78686	0.78700			6
2026.05.21	01:12:04.614		0.78699			4
2026.05.21	01:12:04.912		0.78701			4
2026.05.21	01:12:05.813	0.78684	0.78698			6
2026.05.21	01:12:06.117	0.78685				2
2026.05.21	01:12:06.417	0.78684	0.78697			6
2026.05.21	01:12:10.022	0.78685				2
2026.05.21	01:12:13.930	0.78683	0.78696			6
2026.05.21	01:12:20.537		0.78695			4
2026.05.21	01:12:21.144	0.78682	0.78693			6
2026.05.21	01:12:21.438		0.78694			4
2026.05.21	01:12:21.741	0.78685	0.78695			6
2026.05.21	01:12:22.042	0.78682				2
2026.05.21	01:12:22.946	0.78685				2
2026.05.21	01:12:23.247	0.78682				2
2026.05.21	01:12:23.849	0.78685				2
2026.05.21	01:12:24.149	0.78682				2
2026.05.21	01:12:24.752		0.78696			4
2026.05.21	01:12:25.355		0.78693			4
2026.05.21	01:12:28.366	0.78683				2
2026.05.21	01:12:28.669	0.78682	0.78687			6
2026.05.21	01:12:28.971	0.78683	0.78693			6
2026.05.21	01:12:29.270	0.78682	0.78687			6
2026.05.21	01:12:29.870	0.78683	0.78693			6
2026.05.21	01:12:30.172	0.78682	0.78687			6
2026.05.21	01:12:30.474	0.78683	0.78693			6
2026.05.21	01:12:30.773	0.78682	0.78687			6
2026.05.21	01:12:31.074	0.78683	0.78693			6
2026.05.21	01:12:31.376	0.78682	0.78687			6
2026.05.21	01:12:31.675	0.78683	0.78693			6
2026.05.21	01:12:31.975	0.78682	0.78687			6
2026.05.21	01:12:32.276		0.78693			4
2026.05.21	01:12:44.297	0.78685	0.78694			6
2026.05.21	01:12:44.598		0.78699			4
2026.05.21	01:12:44.899		0.78697			4
2026.05.21	01:12:48.806	0.78682	0.78695			6
2026.05.21	01:12:49.106	0.78685	0.78697			6
2026.05.21	01:12:49.407		0.78696			4
2026.05.21	01:12:59.324	0.78687	0.78701			6
2026.05.21	01:13:00.225	0.78687				2
2026.05.21	01:13:01.422	0.78691	0.78704			6
2026.05.21	01:13:08.634	0.78692	0.78703			6
2026.05.21	01:13:36.893	0.78691				2
2026.05.21	01:13:45.605	0.78687	0.78699			6
2026.05.21	01:13:45.905		0.78702			4
2026.05.21	01:13:52.214		0.78700			4
2026.05.21	01:13:52.515		0.78702			4
2026.05.21	01:14:00.029	0.78687				2
2026.05.21	01:14:30.992		0.78699			4
2026.05.21	01:14:48.718	0.78688	0.78703			6
2026.05.21	01:14:50.217		0.78702			4
2026.05.21	01:14:55.920		0.78703			4
2026.05.21	01:14:56.824		0.78701			4
2026.05.21	01:15:00.127	0.78688				2
2026.05.21	01:15:25.690		0.78703			4
2026.05.21	01:15:25.992		0.78700			4
2026.05.21	01:15:31.997		0.78701			4
2026.05.21	01:15:41.918	0.78690	0.78706			6
2026.05.21	01:15:45.816		0.78705			4
2026.05.21	01:15:47.621		0.78708			4
2026.05.21	01:15:49.726		0.78707			4
2026.05.21	01:15:57.838	0.78694	0.78706			6
2026.05.21	01:16:00.241	0.78694				2
2026.05.21	01:16:02.048		0.78707			4
2026.05.21	01:16:02.352		0.78706			4
2026.05.21	01:16:02.652	0.78695				2
2026.05.21	01:16:14.974	0.78694				2
2026.05.21	01:16:22.196	0.78691	0.78707			6
2026.05.21	01:16:27.594		0.78708			4
2026.05.21	01:16:30.296		0.78703			4
2026.05.21	01:16:33.007	0.78692				2
2026.05.21	01:16:33.908	0.78691				2
2026.05.21	01:16:34.211	0.78692				2
2026.05.21	01:16:36.010	0.78691				2
2026.05.21	01:16:39.315		0.78704			4
2026.05.21	01:16:40.216	0.78690	0.78706			6
2026.05.21	01:16:41.717	0.78688	0.78699			6
2026.05.21	01:16:42.321		0.78704			4
2026.05.21	01:16:45.323		0.78700			4
2026.05.21	01:16:48.026	0.78689	0.78701			6
2026.05.21	01:16:48.326		0.78704			4
2026.05.21	01:16:50.130	0.78688				2
2026.05.21	01:16:54.947	0.78690	0.78703			6
2026.05.21	01:16:56.147	0.78688	0.78700			6
2026.05.21	01:16:56.449		0.78705			4
2026.05.21	01:17:00.054	0.78688				2
2026.05.21	01:17:03.363		0.78701			4
2026.05.21	01:17:06.678	0.78690	0.78703			6
2026.05.21	01:17:08.482	0.78691				2
2026.05.21	01:17:16.894	0.78692				2
2026.05.21	01:17:17.797	0.78691				2
2026.05.21	01:17:18.095	0.78692				2
2026.05.21	01:18:00.180	0.78692				2
2026.05.21	01:18:01.380	0.78691	0.78704			6
2026.05.21	01:18:01.681	0.78689				2
2026.05.21	01:18:14.903	0.78688				2
2026.05.21	01:18:15.205	0.78689	0.78703			6
2026.05.21	01:18:15.806		0.78702			4
2026.05.21	01:18:16.105	0.78690				2
2026.05.21	01:18:17.603	0.78691				2
2026.05.21	01:18:23.313		0.78703			4
2026.05.21	01:18:23.615		0.78702			4
2026.05.21	01:18:23.914	0.78690				2
2026.05.21	01:18:24.514		0.78703			4
2026.05.21	01:18:25.412		0.78702			4
2026.05.21	01:18:25.713		0.78704			4
2026.05.21	01:18:50.674		0.78702			4
2026.05.21	01:18:52.778		0.78703			4
2026.05.21	01:18:53.678	0.78691	0.78702			6
2026.05.21	01:19:00.296	0.78691				2
2026.05.21	01:19:10.212	0.78692	0.78705			6
2026.05.21	01:19:11.413		0.78703			4
2026.05.21	01:20:00.097	0.78692				2
2026.05.21	01:20:01.001	0.78693				2
2026.05.21	01:20:09.714	0.78692				2
2026.05.21	01:20:11.514		0.78703			4
2026.05.21	01:20:58.094	0.78693	0.78708			6
2026.05.21	01:20:58.394	0.78694	0.78705			6
2026.05.21	01:20:58.694	0.78695				2
2026.05.21	01:20:59.297		0.78706			4
2026.05.21	01:21:00.196	0.78695				2
2026.05.21	01:21:00.798		0.78707			4
2026.05.21	01:21:16.120		0.78708			4
2026.05.21	01:21:31.447		0.78709			4
2026.05.21	01:21:34.155		0.78706			4
2026.05.21	01:21:38.668	0.78694	0.78709			6
2026.05.21	01:21:45.580		0.78710			4
2026.05.21	01:21:52.490		0.78708			4
2026.05.21	01:21:59.094		0.78710			4
2026.05.21	01:21:59.695	0.78693				2
2026.05.21	01:22:00.299	0.78693				2
2026.05.21	01:22:01.801	0.78694				2
2026.05.21	01:22:02.704	0.78693				2
2026.05.21	01:22:09.010	0.78694				2
2026.05.21	01:22:17.124		0.78706			4
2026.05.21	01:22:17.725		0.78707			4
2026.05.21	01:22:18.625		0.78706			4
2026.05.21	01:22:19.826		0.78710			4
2026.05.21	01:22:40.880	0.78697				2
2026.05.21	01:22:41.175	0.78696	0.78709			6
2026.05.21	01:22:42.982		0.78708			4
2026.05.21	01:22:50.498	0.78697	0.78709			6
2026.05.21	01:22:52.001	0.78698	0.78710			6
2026.05.21	01:22:53.806		0.78711			4
2026.05.21	01:23:00.119	0.78698				2
2026.05.21	01:23:45.510		0.78710			4
2026.05.21	01:24:00.228	0.78698				2
2026.05.21	01:24:21.296	0.78695	0.78707			6
2026.05.21	01:24:40.247		0.78708			4
2026.05.21	01:24:54.693	0.78694				2
2026.05.21	01:25:00.113	0.78694				2
2026.05.21	01:25:00.411	0.78696	0.78711			6
2026.05.21	01:25:00.708	0.78700	0.78713			6
2026.05.21	01:25:02.514	0.78699	0.78712			6
2026.05.21	01:25:03.110		0.78713			4
2026.05.21	01:25:10.923	0.78698	0.78711			6
2026.05.21	01:25:11.524		0.78712			4
2026.05.21	01:25:16.339	0.78699				2
2026.05.21	01:25:19.946	0.78701	0.78715			6
2026.05.21	01:25:20.246	0.78702				2
2026.05.21	01:25:20.547		0.78714			4
2026.05.21	01:25:36.197	0.78701	0.78713			6
2026.05.21	01:25:47.910		0.78714			4
2026.05.21	01:26:00.233	0.78701				2
2026.05.21	01:26:07.747	0.78702				2
2026.05.21	01:26:11.955		0.78715			4
2026.05.21	01:26:17.677	0.78701	0.78712			6
2026.05.21	01:26:17.976		0.78713			4
2026.05.21	01:26:18.576		0.78714			4
2026.05.21	01:26:21.583	0.78700				2
2026.05.21	01:26:35.699	0.78701				2
2026.05.21	01:26:36.600		0.78713			4
2026.05.21	01:26:37.505	0.78700				2
2026.05.21	01:26:37.802	0.78701				2
2026.05.21	01:26:38.703		0.78714			4
2026.05.21	01:26:39.905	0.78700				2
2026.05.21	01:26:45.316		0.78713			4
2026.05.21	01:26:49.820	0.78701	0.78715			6
2026.05.21	01:26:50.123		0.78714			4
2026.05.21	01:26:52.223		0.78715			4
2026.05.21	01:26:52.523	0.78702				2
2026.05.21	01:26:52.824	0.78701				2
2026.05.21	01:26:53.424		0.78713			4
2026.05.21	01:26:54.925	0.78700	0.78714			6
2026.05.21	01:27:00.043	0.78700				2
2026.05.21	01:27:01.244		0.78713			4
2026.05.21	01:27:21.691		0.78714			4
2026.05.21	01:27:29.807	0.78701				2
2026.05.21	01:27:37.014	0.78700				2
2026.05.21	01:28:00.189	0.78700				2
2026.05.21	01:28:13.710	0.78701				2
2026.05.21	01:28:20.019	0.78700				2
2026.05.21	01:28:21.821		0.78714			4
2026.05.21	01:28:28.436	0.78699				2
2026.05.21	01:28:31.143		0.78713			4
2026.05.21	01:28:31.445	0.78696	0.78707			6
2026.05.21	01:28:31.744	0.78695				2
2026.05.21	01:28:32.045		0.78706			4
2026.05.21	01:28:33.248		0.78709			4
2026.05.21	01:28:36.868	0.78697	0.78710			6
2026.05.21	01:28:37.470		0.78709			4
2026.05.21	01:28:38.371		0.78710			4
2026.05.21	01:28:48.897	0.78695	0.78707			6
2026.05.21	01:28:49.200	0.78696	0.78708			6
2026.05.21	01:28:50.100		0.78709			4
2026.05.21	01:28:51.601	0.78697				2
2026.05.21	01:28:54.912		0.78710			4
2026.05.21	01:28:55.214		0.78709			4
2026.05.21	01:29:00.025	0.78697				2
2026.05.21	01:29:01.231	0.78700	0.78713			6
2026.05.21	01:29:01.525		0.78712			4
2026.05.21	01:29:09.350		0.78713			4
2026.05.21	01:29:20.478		0.78712			4
2026.05.21	01:29:24.689		0.78713			4
2026.05.21	01:29:42.112	0.78699	0.78709			6
2026.05.21	01:29:46.318	0.78701				2
2026.05.21	01:29:46.620	0.78699				2
2026.05.21	01:29:46.920	0.78701				2
2026.05.21	01:29:47.221	0.78699				2
2026.05.21	01:29:47.520	0.78701				2
2026.05.21	01:29:47.818	0.78699				2
2026.05.21	01:29:48.121	0.78701				2
2026.05.21	01:29:48.422	0.78699				2
2026.05.21	01:29:49.921		0.78708			4
2026.05.21	01:29:50.826		0.78709			4
2026.05.21	01:30:00.149	0.78699				2
2026.05.21	01:30:02.853	0.78702	0.78703			6
2026.05.21	01:30:05.860	0.78698	0.78709			6
2026.05.21	01:30:12.173	0.78697				2
2026.05.21	01:30:12.471		0.78708			4
2026.05.21	01:30:21.193	0.78698	0.78709			6
2026.05.21	01:30:24.494		0.78710			4
2026.05.21	01:30:43.426		0.78709			4
2026.05.21	01:30:47.048		0.78710			4
2026.05.21	01:30:50.957		0.78709			4
2026.05.21	01:31:00.279	0.78698				2
2026.05.21	01:31:18.007	0.78696	0.78707			6
2026.05.21	01:31:18.304	0.78698	0.78709			6
2026.05.21	01:31:27.622		0.78710			4
2026.05.21	01:31:30.623	0.78699	0.78711			6
2026.05.21	01:31:31.228	0.78698	0.78710			6
2026.05.21	01:31:44.756		0.78709			4
2026.05.21	01:31:45.959		0.78710			4
2026.05.21	01:32:00.093	0.78698				2
2026.05.21	01:32:04.295	0.78699	0.78712			6
2026.05.21	01:32:04.594	0.78700	0.78713			6
2026.05.21	01:32:06.995		0.78711			4
2026.05.21	01:32:09.098		0.78712			4
2026.05.21	01:32:40.968		0.78713			4
2026.05.21	01:32:43.672		0.78712			4
2026.05.21	01:32:44.577		0.78711			4
2026.05.21	01:32:44.879		0.78712			4
2026.05.21	01:32:45.780		0.78711			4
2026.05.21	01:32:47.583		0.78712			4
2026.05.21	01:32:48.184	0.78701				2
2026.05.21	01:32:52.094	0.78699	0.78711			6
2026.05.21	01:33:00.202	0.78699				2
2026.05.21	01:33:08.018		0.78712			4
2026.05.21	01:33:17.331		0.78710			4
2026.05.21	01:33:18.232	0.78696	0.78709			6
2026.05.21	01:33:20.344	0.78695	0.78708			6
2026.05.21	01:33:20.644		0.78707			4
2026.05.21	01:33:24.244		0.78706			4
2026.05.21	01:33:25.747	0.78692	0.78704			6
2026.05.21	01:33:27.251		0.78705			4
2026.05.21	01:33:33.872	0.78693				2
2026.05.21	01:33:36.275	0.78694				2
2026.05.21	01:33:37.178	0.78692				2
2026.05.21	01:33:44.389	0.78693				2
2026.05.21	01:33:52.798		0.78706			4
2026.05.21	01:34:00.015	0.78693				2
2026.05.21	01:34:16.230	0.78694				2
2026.05.21	01:34:30.381		0.78704			4
2026.05.21	01:34:31.582		0.78705			4
2026.05.21	01:34:35.193		0.78704			4
2026.05.21	01:34:36.995		0.78705			4
2026.05.21	01:34:42.696	0.78693				2
2026.05.21	01:35:00.127	0.78693				2
2026.05.21	01:35:01.634		0.78704			4
2026.05.21	01:35:10.660		0.78705			4
2026.05.21	01:35:20.593		0.78704			4
2026.05.21	01:35:20.891	0.78692				2
2026.05.21	01:35:21.192		0.78705			4
2026.05.21	01:35:23.594	0.78693				2
2026.05.21	01:35:35.617		0.78704			4
2026.05.21	01:35:46.437	0.78692				2
2026.05.21	01:35:47.338	0.78693	0.78705			6
2026.05.21	01:35:48.240	0.78692	0.78704			6
2026.05.21	01:36:00.271	0.78692				2
2026.05.21	01:36:05.677	0.78693				2
2026.05.21	01:36:30.023	0.78694				2
2026.05.21	01:36:32.125	0.78693	0.78703			6
2026.05.21	01:36:56.797		0.78704			4
2026.05.21	01:36:59.198		0.78703			4
2026.05.21	01:37:00.100	0.78693				2
2026.05.21	01:37:00.402	0.78692				2
2026.05.21	01:37:07.617	0.78690	0.78700			6
2026.05.21	01:37:08.819		0.78701			4
2026.05.21	01:37:18.441		0.78700			4
2026.05.21	01:37:24.156		0.78703			4
2026.05.21	01:37:25.062		0.78701			4
2026.05.21	01:37:26.268		0.78703			4
2026.05.21	01:37:31.080		0.78701			4
2026.05.21	01:37:31.383		0.78703			4
2026.05.21	01:37:40.095	0.78691	0.78701			6
2026.05.21	01:37:42.199		0.78700			4
2026.05.21	01:37:42.498	0.78690	0.78701			6
2026.05.21	01:37:42.797		0.78700			4
2026.05.21	01:37:43.999		0.78701			4
2026.05.21	01:37:51.515	0.78691				2
2026.05.21	01:37:53.022	0.78690				2
2026.05.21	01:37:56.023		0.78700			4
2026.05.21	01:37:56.323	0.78691				2
2026.05.21	01:37:57.528		0.78701			4
2026.05.21	01:38:00.237	0.78691				2
2026.05.21	01:38:00.841	0.78690	0.78700			6
2026.05.21	01:38:01.140	0.78691	0.78701			6
2026.05.21	01:38:05.651		0.78700			4
2026.05.21	01:38:06.852		0.78701			4
2026.05.21	01:38:08.956		0.78700			4
2026.05.21	01:38:09.257	0.78690	0.78701			6
2026.05.21	01:38:10.761	0.78691				2
2026.05.21	01:38:19.179	0.78690	0.78700			6
2026.05.21	01:38:19.784		0.78701			4
2026.05.21	01:38:21.892	0.78688	0.78700			6
2026.05.21	01:38:22.793		0.78699			4
2026.05.21	01:38:23.093		0.78700			4
2026.05.21	01:38:31.512		0.78699			4
2026.05.21	01:38:32.715		0.78700			4
2026.05.21	01:38:40.234		0.78699			4
2026.05.21	01:38:40.838		0.78700			4
2026.05.21	01:38:41.437		0.78699			4
2026.05.21	01:38:48.372		0.78700			4
2026.05.21	01:38:50.178		0.78699			4
2026.05.21	01:38:53.488		0.78700			4
2026.05.21	01:38:54.691		0.78699			4
2026.05.21	01:38:56.492		0.78700			4
2026.05.21	01:39:00.095	0.78688				2
2026.05.21	01:39:07.613	0.78689				2
2026.05.21	01:39:08.511		0.78702			4
2026.05.21	01:39:15.728	0.78690				2
2026.05.21	01:39:22.942		0.78701			4
2026.05.21	01:39:39.782		0.78702			4
2026.05.21	01:39:41.284		0.78701			4
2026.05.21	01:39:55.420		0.78702			4
2026.05.21	01:40:00.247	0.78690				2
2026.05.21	01:40:42.021		0.78700			4
2026.05.21	01:40:42.322	0.78691	0.78702			6
2026.05.21	01:41:00.047	0.78691				2
2026.05.21	01:41:10.571	0.78690				2
2026.05.21	01:41:11.775	0.78688	0.78699			6
2026.05.21	01:41:14.477	0.78687				2
2026.05.21	01:41:17.182		0.78698			4
2026.05.21	01:41:17.482	0.78689	0.78700			6
2026.05.21	01:41:18.681	0.78688	0.78701			6
2026.05.21	01:41:20.788	0.78689	0.78700			6
2026.05.21	01:41:59.873	0.78690				2
2026.05.21	01:42:00.173	0.78690				2
2026.05.21	01:42:01.075	0.78689				2
2026.05.21	01:42:07.398	0.78688	0.78698			6
2026.05.21	01:42:07.695	0.78687				2
2026.05.21	01:42:08.295		0.78699			4
2026.05.21	01:42:08.899		0.78698			4
2026.05.21	01:42:19.417	0.78688				2
2026.05.21	01:42:21.219	0.78687				2
2026.05.21	01:43:00.302	0.78687				2
2026.05.21	01:43:05.108		0.78699			4
2026.05.21	01:43:15.324		0.78698			4
2026.05.21	01:43:23.157		0.78699			4
2026.05.21	01:43:24.056		0.78698			4
2026.05.21	01:43:47.205		0.78699			4
2026.05.21	01:43:48.707		0.78698			4
2026.05.21	01:44:00.132	0.78687				2
2026.05.21	01:44:07.946	0.78689	0.78699			6
2026.05.21	01:44:08.250	0.78688				2
2026.05.21	01:44:09.148		0.78698			4
2026.05.21	01:44:10.352	0.78687				2
2026.05.21	01:44:16.374		0.78697			4
2026.05.21	01:44:32.611	0.78688				2
2026.05.21	01:44:42.229		0.78698			4
2026.05.21	01:44:56.087	0.78692				2
2026.05.21	01:44:56.388	0.78688	0.78696			6
2026.05.21	01:44:56.687	0.78692	0.78698			6
2026.05.21	01:44:56.987	0.78688	0.78696			6
2026.05.21	01:44:57.291	0.78692	0.78698			6
2026.05.21	01:44:57.591	0.78688	0.78696			6
2026.05.21	01:44:57.892	0.78692	0.78698			6
2026.05.21	01:44:58.193	0.78688	0.78696			6
2026.05.21	01:44:58.492	0.78692	0.78698			6
2026.05.21	01:44:58.793	0.78688	0.78696			6
2026.05.21	01:44:59.094	0.78692	0.78698			6
2026.05.21	01:44:59.394	0.78688	0.78696			6
2026.05.21	01:44:59.693		0.78698			4
2026.05.21	01:45:00.296	0.78688				2
2026.05.21	01:45:04.499		0.78697			4
2026.05.21	01:45:07.200		0.78698			4
2026.05.21	01:45:08.402		0.78697			4
2026.05.21	01:45:15.437		0.78698			4
2026.05.21	01:45:18.276		0.78697			4
2026.05.21	01:45:34.630	0.78687				2
2026.05.21	01:45:35.644	0.78688				2
2026.05.21	01:45:36.604		0.78698			4
2026.05.21	01:45:37.610		0.78697			4
2026.05.21	01:45:43.387		0.78698			4
2026.05.21	01:45:46.145		0.78697			4
2026.05.21	01:46:00.281	0.78688				2
2026.05.21	01:46:26.644	0.78687				2
2026.05.21	01:46:36.105	0.78688				2
2026.05.21	01:46:37.729	0.78687				2
2026.05.21	01:46:39.037	0.78688				2
2026.05.21	01:46:40.066	0.78687				2
2026.05.21	01:46:45.843	0.78685	0.78693			6
2026.05.21	01:47:04.744	0.78685				2
2026.05.21	01:47:22.590		0.78694			4
2026.05.21	01:47:22.892		0.78693			4
2026.05.21	01:47:30.543		0.78695			4
2026.05.21	01:47:30.861	0.78686				2
2026.05.21	01:47:38.896	0.78685				2
2026.05.21	01:47:40.144		0.78694			4
2026.05.21	01:47:41.665	0.78686	0.78695			6
2026.05.21	01:47:42.941		0.78694			4
2026.05.21	01:48:05.344	0.78686				2
2026.05.21	01:48:09.544	0.78685	0.78693			6
2026.05.21	01:48:12.851	0.78687	0.78695			6
2026.05.21	01:48:13.750	0.78685	0.78693			6
2026.05.21	01:48:35.224	0.78688	0.78696			6
2026.05.21	01:48:40.636	0.78689				2
2026.05.21	01:48:41.644	0.78688				2
2026.05.21	01:48:43.745	0.78689				2
2026.05.21	01:48:47.175		0.78697			4
2026.05.21	01:49:00.790	0.78689				2
2026.05.21	01:49:41.044		0.78698			4
2026.05.21	01:49:42.844		0.78697			4
2026.05.21	01:49:43.144	0.78688	0.78696			6
2026.05.21	01:50:00.245	0.78688				2
2026.05.21	01:50:00.846	0.78687				2
2026.05.21	01:50:02.121	0.78688				2
2026.05.21	01:50:03.411	0.78689	0.78697			6
2026.05.21	01:50:20.644	0.78690	0.78699			6
2026.05.21	01:50:22.144	0.78689	0.78698			6
2026.05.21	01:50:27.244		0.78699			4
2026.05.21	01:50:29.163	0.78690	0.78698			6
2026.05.21	01:50:29.464	0.78692	0.78700			6
2026.05.21	01:50:42.171		0.78701			4
2026.05.21	01:50:42.471		0.78700			4
2026.05.21	01:50:43.361		0.78702			4
2026.05.21	01:50:43.760		0.78703			4
2026.05.21	01:50:44.060		0.78700			4
2026.05.21	01:50:44.359		0.78703			4
2026.05.21	01:50:45.083		0.78700			4
2026.05.21	01:50:58.680		0.78703			4
2026.05.21	01:50:59.773		0.78700			4
2026.05.21	01:51:00.327	0.78692				2
2026.05.21	01:51:06.218		0.78702			4
2026.05.21	01:51:06.843		0.78701			4
2026.05.21	01:51:07.144		0.78700			4
2026.05.21	01:51:50.028	0.78691				2
2026.05.21	01:51:50.944	0.78692				2
2026.05.21	01:51:55.146		0.78699			4
2026.05.21	01:51:56.424		0.78700			4
2026.05.21	01:52:02.330	0.78692				2
2026.05.21	01:52:07.745		0.78701			4
2026.05.21	01:52:12.844		0.78700			4
2026.05.21	01:53:04.145	0.78692	0.78701			6
2026.05.21	01:53:08.044		0.78700			4
2026.05.21	01:53:10.144		0.78701			4
2026.05.21	01:53:11.362		0.78700			4
2026.05.21	01:53:12.466		0.78701			4
2026.05.21	01:53:17.943		0.78700			4
2026.05.21	01:53:19.579	0.78691	0.78699			6
2026.05.21	01:53:23.644	0.78692	0.78700			6
2026.05.21	01:53:28.864	0.78693	0.78701			6
2026.05.21	01:53:29.610	0.78692	0.78700			6
2026.05.21	01:53:30.333	0.78693				2
2026.05.21	01:53:33.919	0.78692				2
2026.05.21	01:53:44.270	0.78693	0.78701			6
2026.05.21	01:53:45.843		0.78702			4
2026.05.21	01:53:51.544	0.78694				2
2026.05.21	01:53:52.849	0.78693				2
2026.05.21	01:53:58.421	0.78695				2
2026.05.21	01:54:04.743	0.78695				2
2026.05.21	01:54:13.213		0.78703			4
2026.05.21	01:54:13.513		0.78704			4
2026.05.21	01:54:15.244		0.78705			4
2026.05.21	01:54:55.400	0.78692	0.78700			6
2026.05.21	01:55:00.861	0.78692				2
2026.05.21	01:55:03.483	0.78693				2
2026.05.21	01:55:07.136	0.78691	0.78699			6
2026.05.21	01:55:08.344	0.78692				2
2026.05.21	01:55:12.428	0.78691				2
2026.05.21	01:55:12.727	0.78690	0.78698			6
2026.05.21	01:55:14.012	0.78689	0.78697			6
2026.05.21	01:55:17.644	0.78690				2
2026.05.21	01:55:19.954	0.78689				2
2026.05.21	01:55:21.708	0.78692	0.78699			6
2026.05.21	01:55:22.008	0.78691				2
2026.05.21	01:55:29.887	0.78690				2
2026.05.21	01:55:30.188	0.78691				2
2026.05.21	01:55:30.792	0.78689	0.78697			6
2026.05.21	01:55:45.243		0.78698			4
2026.05.21	01:56:01.062	0.78689				2
2026.05.21	01:56:02.043	0.78688				2
2026.05.21	01:56:30.212		0.78697			4
2026.05.21	01:57:00.399	0.78688				2
2026.05.21	01:57:01.596	0.78689				2
2026.05.21	01:57:01.898		0.78696			4
2026.05.21	01:57:06.546	0.78688	0.78697			6
2026.05.21	01:57:18.246	0.78689				2
2026.05.21	01:57:24.554	0.78688				2
2026.05.21	01:57:46.128	0.78689				2
2026.05.21	01:57:46.430		0.78696			4
2026.05.21	01:58:01.062	0.78689				2
2026.05.21	01:58:04.389	0.78688				2
2026.05.21	01:58:51.063		0.78696			4
2026.05.21	01:59:01.062	0.78688				2
2026.05.21	01:59:05.116	0.78689				2
2026.05.21	01:59:27.613	0.78691	0.78698			6
2026.05.21	01:59:29.344	0.78690	0.78699			6
2026.05.21	01:59:35.662	0.78691				2
2026.05.21	02:00:00.004	0.78691				2
2026.05.21	02:00:00.605	0.78689	0.78697			6
2026.05.21	02:00:08.895	0.78690	0.78698			6
2026.05.21	02:00:29.043		0.78697			4
2026.05.21	02:00:29.991	0.78683	0.78691			6
2026.05.21	02:00:32.177		0.78690			4
2026.05.21	02:00:33.409	0.78684				2
2026.05.21	02:00:34.765	0.78685	0.78693			6
2026.05.21	02:00:39.845	0.78686				2
2026.05.21	02:00:45.245		0.78692			4
2026.05.21	02:00:53.139	0.78687	0.78693			6
2026.05.21	02:00:53.439	0.78686				2
2026.05.21	02:00:55.908	0.78687				2
2026.05.21	02:00:56.972	0.78686				2
2026.05.21	02:00:57.273		0.78692			4
2026.05.21	02:00:57.872	0.78688	0.78694			6
2026.05.21	02:01:00.502	0.78688	0.78693			6
2026.05.21	02:01:13.095		0.78694			4
2026.05.21	02:01:13.695	0.78689	0.78695			6
2026.05.21	02:01:17.973	0.78688				2
2026.05.21	02:01:22.645	0.78687				2
2026.05.21	02:01:22.955	0.78688				2
2026.05.21	02:01:23.256	0.78687				2
2026.05.21	02:01:30.894	0.78688				2
2026.05.21	02:01:34.172	0.78687				2
2026.05.21	02:01:36.291	0.78689				2
2026.05.21	02:01:36.591	0.78688	0.78694			6
2026.05.21	02:01:39.163	0.78689				2
2026.05.21	02:01:42.907	0.78688				2
2026.05.21	02:01:44.702	0.78689				2
2026.05.21	02:01:49.744	0.78688				2
2026.05.21	02:02:01.930	0.78688				2
2026.05.21	02:02:15.477	0.78691	0.78693			6
2026.05.21	02:02:18.781	0.78688	0.78694			6
2026.05.21	02:02:40.878	0.78689				2
2026.05.21	02:02:41.744	0.78688				2
2026.05.21	02:02:54.528	0.78689	0.78695			6
2026.05.21	02:02:57.546	0.78688	0.78694			6
2026.05.21	02:03:00.144	0.78688				2
2026.05.21	02:03:01.445		0.78695			4
2026.05.21	02:03:09.095	0.78689				2
2026.05.21	02:03:13.553	0.78688	0.78694			6
2026.05.21	02:03:19.444		0.78695			4
2026.05.21	02:03:21.439	0.78689				2
2026.05.21	02:04:01.220	0.78690				2
2026.05.21	02:04:06.564	0.78689				2
2026.05.21	02:04:06.959		0.78694			4
2026.05.21	02:04:07.259	0.78691	0.78695			6
2026.05.21	02:04:07.860	0.78689	0.78694			6
2026.05.21	02:04:08.761	0.78691	0.78695			6
2026.05.21	02:04:09.063	0.78689	0.78694			6
2026.05.21	02:04:09.362		0.78695			4
2026.05.21	02:04:10.745	0.78690				2
2026.05.21	02:05:04.701	0.78690				2
2026.05.21	02:05:09.814		0.78695			4
2026.05.21	02:05:43.217	0.78689				2
2026.05.21	02:05:50.945	0.78690				2
2026.05.21	02:06:00.398	0.78690				2
2026.05.21	02:06:02.880	0.78688	0.78694			6
2026.05.21	02:06:03.181	0.78687				2
2026.05.21	02:06:03.480	0.78685	0.78691			6
2026.05.21	02:06:03.781	0.78683	0.78689			6
2026.05.21	02:06:07.823		0.78688			4
2026.05.21	02:06:09.186	0.78682	0.78689			6
2026.05.21	02:06:09.486	0.78684				2
2026.05.21	02:06:11.851	0.78682	0.78688			6
2026.05.21	02:06:13.144	0.78681				2
2026.05.21	02:06:16.778	0.78684	0.78692			6
2026.05.21	02:06:20.199		0.78691			4
2026.05.21	02:06:24.806	0.78683	0.78690			6
2026.05.21	02:06:25.104	0.78681	0.78686			6
2026.05.21	02:06:25.404	0.78683	0.78688			6
2026.05.21	02:06:33.970		0.78689			4
2026.05.21	02:06:35.233		0.78688			4
2026.05.21	02:06:40.106		0.78689			4
2026.05.21	02:06:41.949	0.78684	0.78690			6
2026.05.21	02:06:42.249	0.78685				2
2026.05.21	02:06:43.913	0.78684	0.78691			6
2026.05.21	02:06:49.144	0.78685				2
2026.05.21	02:06:49.445	0.78684	0.78690			6
2026.05.21	02:06:49.859	0.78685				2
2026.05.21	02:06:50.160		0.78691			4
2026.05.21	02:06:51.590	0.78684	0.78692			6
2026.05.21	02:06:54.858	0.78687	0.78693			6
2026.05.21	02:06:56.442		0.78692			4
2026.05.21	02:07:00.023	0.78687				2
2026.05.21	02:07:04.685	0.78686				2
2026.05.21	02:07:04.988		0.78693			4
2026.05.21	02:07:17.658	0.78687				2
2026.05.21	02:07:22.257		0.78692			4
2026.05.21	02:07:33.062	0.78689	0.78696			6
2026.05.21	02:07:38.020	0.78690	0.78695			6
2026.05.21	02:07:38.321	0.78689	0.78696			6
2026.05.21	02:07:51.413		0.78695			4
2026.05.21	02:07:51.713		0.78696			4
2026.05.21	02:07:52.015		0.78694			4
2026.05.21	02:07:53.873	0.78688				2
2026.05.21	02:08:00.544	0.78688				2
2026.05.21	02:08:03.457	0.78689	0.78696			6
2026.05.21	02:08:17.762		0.78695			4
2026.05.21	02:08:26.973		0.78696			4
2026.05.21	02:08:29.958		0.78695			4
2026.05.21	02:08:30.260		0.78694			4
2026.05.21	02:08:30.875		0.78695			4
2026.05.21	02:08:40.145		0.78694			4
2026.05.21	02:08:40.446		0.78695			4
2026.05.21	02:08:42.186		0.78696			4
2026.05.21	02:08:42.488		0.78695			4
2026.05.21	02:08:43.522		0.78696			4
2026.05.21	02:08:49.096	0.78690				2
2026.05.21	02:08:55.375	0.78689				2
2026.05.21	02:09:01.874	0.78690				2
2026.05.21	02:09:06.544	0.78689				2
2026.05.21	02:09:11.944		0.78697			4
2026.05.21	02:09:18.878		0.78696			4
2026.05.21	02:09:20.948	0.78690	0.78698			6
2026.05.21	02:09:22.814	0.78691				2
2026.05.21	02:09:23.904	0.78692	0.78699			6
2026.05.21	02:09:28.491	0.78691	0.78698			6
2026.05.21	02:09:29.572	0.78692	0.78699			6
2026.05.21	02:09:29.872		0.78700			4
2026.05.21	02:09:45.029		0.78699			4
2026.05.21	02:09:45.332		0.78700			4
2026.05.21	02:09:48.395		0.78699			4
2026.05.21	02:09:50.371	0.78694	0.78701			6
2026.05.21	02:09:55.160	0.78695	0.78703			6
2026.05.21	02:09:59.384		0.78704			4
2026.05.21	02:09:59.684		0.78703			4
2026.05.21	02:10:00.385	0.78695				2
2026.05.21	02:10:05.207	0.78692	0.78700			6
2026.05.21	02:10:20.983	0.78691	0.78699			6
2026.05.21	02:10:28.590	0.78692	0.78700			6
2026.05.21	02:10:32.806	0.78691	0.78699			6
2026.05.21	02:10:38.944	0.78692				2
2026.05.21	02:10:40.597	0.78691				2
2026.05.21	02:10:43.744	0.78692	0.78700			6
2026.05.21	02:10:54.275	0.78691	0.78698			6
2026.05.21	02:10:54.575		0.78699			4
2026.05.21	02:10:55.175	0.78693	0.78701			6
2026.05.21	02:10:57.997		0.78702			4
2026.05.21	02:10:59.495		0.78700			4
2026.05.21	02:11:00.120	0.78693	0.78701			6
2026.05.21	02:11:01.066		0.78700			4
2026.05.21	02:11:21.263	0.78694	0.78701			6
2026.05.21	02:11:25.444	0.78693				2
2026.05.21	02:11:25.744		0.78702			4
2026.05.21	02:11:36.252		0.78700			4
2026.05.21	02:11:37.332		0.78701			4
2026.05.21	02:11:37.934	0.78694	0.78702			6
2026.05.21	02:11:41.160	0.78693				2
2026.05.21	02:11:52.744	0.78694				2
2026.05.21	02:12:00.394	0.78694				2
2026.05.21	02:12:01.866	0.78693	0.78701			6
2026.05.21	02:12:07.313		0.78699			4
2026.05.21	02:12:13.444	0.78692				2
2026.05.21	02:12:23.343		0.78700			4
2026.05.21	02:12:42.775	0.78693				2
2026.05.21	02:12:46.136		0.78699			4
2026.05.21	02:12:56.344		0.78700			4
2026.05.21	02:13:00.145	0.78693				2
2026.05.21	02:13:02.401		0.78699			4
2026.05.21	02:13:02.701	0.78692				2
2026.05.21	02:13:05.551	0.78693				2
2026.05.21	02:13:20.944	0.78692				2
2026.05.21	02:13:41.344		0.78700			4
2026.05.21	02:13:48.391		0.78699			4
2026.05.21	02:13:58.748		0.78700			4
2026.05.21	02:14:00.002	0.78692				2
2026.05.21	02:14:09.228	0.78693	0.78699			6
2026.05.21	02:14:29.944	0.78692				2
2026.05.21	02:14:30.246		0.78700			4
2026.05.21	02:14:41.752	0.78693				2
2026.05.21	02:14:42.052		0.78699			4
2026.05.21	02:14:53.567		0.78701			4
2026.05.21	02:15:00.007	0.78695				2
2026.05.21	02:15:06.366	0.78694				2
2026.05.21	02:15:10.684		0.78700			4
2026.05.21	02:15:11.367	0.78695				2
2026.05.21	02:15:11.667	0.78694				2
2026.05.21	02:15:11.968	0.78695				2
2026.05.21	02:15:12.368	0.78694				2
2026.05.21	02:15:19.495	0.78695				2
2026.05.21	02:15:21.366	0.78694				2
2026.05.21	02:15:22.365	0.78695				2
2026.05.21	02:15:23.365	0.78694				2
2026.05.21	02:15:27.051		0.78699			4
2026.05.21	02:15:34.260		0.78700			4
2026.05.21	02:15:35.944		0.78699			4
2026.05.21	02:15:38.208		0.78700			4
2026.05.21	02:15:43.445		0.78701			4
2026.05.21	02:15:52.744		0.78700			4
2026.05.21	02:15:53.616	0.78696	0.78702			6
2026.05.21	02:15:53.918		0.78703			4
2026.05.21	02:16:01.064	0.78697				2
2026.05.21	02:16:02.957		0.78705			4
2026.05.21	02:16:04.610		0.78704			4
2026.05.21	02:16:22.571	0.78696	0.78703			6
2026.05.21	02:16:32.296	0.78699	0.78707			6
2026.05.21	02:16:38.682	0.78701	0.78706			6
2026.05.21	02:16:40.429		0.78707			4
2026.05.21	02:16:41.555		0.78706			4
2026.05.21	02:16:41.970		0.78707			4
2026.05.21	02:16:42.270		0.78706			4
2026.05.21	02:16:49.506	0.78700	0.78705			6
2026.05.21	02:16:53.336	0.78699				2
2026.05.21	02:17:01.810	0.78700				2
2026.05.21	02:17:02.111	0.78699	0.78703			6
2026.05.21	02:17:02.410		0.78705			4
2026.05.21	02:17:02.710		0.78703			4
2026.05.21	02:17:03.013		0.78705			4
2026.05.21	02:17:03.357		0.78703			4
2026.05.21	02:17:03.658		0.78705			4
2026.05.21	02:17:03.957		0.78703			4
2026.05.21	02:17:04.264		0.78705			4
2026.05.21	02:17:04.564		0.78703			4
2026.05.21	02:17:04.875		0.78705			4
2026.05.21	02:17:05.224		0.78703			4
2026.05.21	02:17:05.523		0.78705			4
2026.05.21	02:17:09.740	0.78698				2
2026.05.21	02:17:13.210	0.78699				2
2026.05.21	02:17:19.868	0.78697	0.78703			6
2026.05.21	02:17:28.748		0.78704			4
2026.05.21	02:18:01.444	0.78697				2
2026.05.21	02:18:01.744		0.78703			4
2026.05.21	02:18:10.209		0.78704			4
2026.05.21	02:18:10.509		0.78705			4
2026.05.21	02:18:15.730		0.78704			4
2026.05.21	02:18:17.864	0.78700	0.78709			6
2026.05.21	02:18:18.879	0.78701	0.78711			6
2026.05.21	02:18:43.072		0.78710			4
2026.05.21	02:18:45.835	0.78703				2
2026.05.21	02:19:02.192	0.78703	0.78709			6
2026.05.21	02:19:02.492		0.78710			4
2026.05.21	02:19:20.281		0.78709			4
2026.05.21	02:19:34.996		0.78708			4
2026.05.21	02:19:46.946	0.78702	0.78709			6
2026.05.21	02:19:51.990		0.78711			4
2026.05.21	02:20:00.080	0.78702				2
2026.05.21	02:20:01.676	0.78703				2
2026.05.21	02:20:24.289	0.78704	0.78712			6
2026.05.21	02:20:34.144		0.78711			4
2026.05.21	02:20:37.501		0.78712			4
2026.05.21	02:20:56.141	0.78703				2
2026.05.21	02:21:00.244	0.78703				2
2026.05.21	02:21:01.732		0.78710			4
2026.05.21	02:21:03.770		0.78711			4
2026.05.21	02:21:06.342		0.78710			4
2026.05.21	02:21:14.022		0.78711			4
2026.05.21	02:21:20.285		0.78710			4
2026.05.21	02:21:23.268		0.78711			4
2026.05.21	02:22:00.289	0.78703				2
2026.05.21	02:22:04.055	0.78704	0.78712			6
2026.05.21	02:22:07.199	0.78705	0.78714			6
2026.05.21	02:22:27.992		0.78713			4
2026.05.21	02:23:00.727	0.78705				2
2026.05.21	02:23:01.030	0.78710	0.78717			6
2026.05.21	02:23:01.328	0.78711				2
2026.05.21	02:23:01.627		0.78718			4
2026.05.21	02:23:03.774	0.78712				2
2026.05.21	02:23:10.852		0.78719			4
2026.05.21	02:23:11.772		0.78720			4
2026.05.21	02:23:12.793		0.78719			4
2026.05.21	02:23:17.292		0.78720			4
2026.05.21	02:23:18.940		0.78718			4
2026.05.21	02:23:19.241		0.78720			4
2026.05.21	02:23:24.181		0.78718			4
2026.05.21	02:23:25.561	0.78711				2
2026.05.21	02:23:27.461		0.78717			4
2026.05.21	02:23:32.312	0.78712	0.78718			6
2026.05.21	02:23:39.485	0.78711	0.78719			6
2026.05.21	02:23:43.743		0.78718			4
2026.05.21	02:24:01.053	0.78711				2
2026.05.21	02:24:01.653	0.78712	0.78719			6
2026.05.21	02:24:07.308	0.78711				2
2026.05.21	02:24:09.604	0.78710	0.78718			6
2026.05.21	02:24:15.368		0.78717			4
2026.05.21	02:24:15.671	0.78709	0.78716			6
2026.05.21	02:24:21.164		0.78715			4
2026.05.21	02:24:23.056		0.78716			4
2026.05.21	02:24:24.754	0.78712	0.78719			6
2026.05.21	02:24:26.374	0.78713				2
2026.05.21	02:24:32.818	0.78712				2
2026.05.21	02:24:37.225	0.78711				2
2026.05.21	02:24:40.577	0.78712				2
2026.05.21	02:24:41.540	0.78711	0.78717			6
2026.05.21	02:24:43.342	0.78709	0.78714			6
2026.05.21	02:24:52.233	0.78708	0.78715			6
2026.05.21	02:25:07.444	0.78707				2
2026.05.21	02:25:07.743		0.78716			4
2026.05.21	02:25:08.897	0.78708	0.78715			6
2026.05.21	02:25:09.797	0.78707	0.78716			6
2026.05.21	02:25:13.038	0.78708				2
2026.05.21	02:25:45.276		0.78715			4
2026.05.21	02:26:00.396	0.78708				2
2026.05.21	02:26:20.329	0.78710	0.78716			6
2026.05.21	02:26:21.141	0.78709	0.78715			6
2026.05.21	02:26:21.743	0.78710	0.78716			6
2026.05.21	02:26:23.675	0.78711	0.78717			6
2026.05.21	02:26:35.096		0.78718			4
2026.05.21	02:26:37.015	0.78712	0.78719			6
2026.05.21	02:26:37.317		0.78718			4
2026.05.21	02:26:37.617		0.78719			4
2026.05.21	02:26:39.172		0.78718			4
2026.05.21	02:26:39.473		0.78719			4
2026.05.21	02:26:41.184	0.78713				2
2026.05.21	02:26:43.456		0.78720			4
2026.05.21	02:26:43.756		0.78719			4
2026.05.21	02:26:44.122		0.78720			4
2026.05.21	02:26:44.422		0.78719			4
2026.05.21	02:26:49.931	0.78711				2
2026.05.21	02:26:52.676	0.78712	0.78720			6
2026.05.21	02:26:52.976		0.78717			4
2026.05.21	02:26:54.785	0.78714	0.78720			6
2026.05.21	02:26:55.089	0.78712	0.78717			6
2026.05.21	02:26:55.388		0.78720			4
2026.05.21	02:26:59.701		0.78719			4
2026.05.21	02:27:00.002	0.78712	0.78720			6
2026.05.21	02:27:02.426		0.78719			4
2026.05.21	02:27:04.038	0.78711				2
2026.05.21	02:27:07.108	0.78710	0.78718			6
2026.05.21	02:27:08.136	0.78708	0.78715			6
2026.05.21	02:27:14.046		0.78716			4
2026.05.21	02:27:15.904		0.78717			4
2026.05.21	02:27:16.204	0.78709				2
2026.05.21	02:27:16.505	0.78708	0.78716			6
2026.05.21	02:27:16.806		0.78717			4
2026.05.21	02:27:17.462		0.78716			4
2026.05.21	02:27:17.768	0.78709				2
2026.05.21	02:27:21.241	0.78708				2
2026.05.21	02:27:21.541	0.78709				2
2026.05.21	02:27:24.132	0.78708				2
2026.05.21	02:27:24.434		0.78717			4
2026.05.21	02:27:25.472		0.78716			4
2026.05.21	02:27:30.939	0.78709	0.78717			6
2026.05.21	02:27:31.540	0.78708				2
2026.05.21	02:27:34.573	0.78709				2
2026.05.21	02:27:41.371	0.78708				2
2026.05.21	02:27:44.231	0.78709				2
2026.05.21	02:27:49.743	0.78708				2
2026.05.21	02:27:50.042	0.78709				2
2026.05.21	02:27:58.880	0.78708				2
2026.05.21	02:27:59.182	0.78709				2
2026.05.21	02:28:00.302	0.78709				2
2026.05.21	02:28:02.020	0.78708				2
2026.05.21	02:28:05.745	0.78709				2
2026.05.21	02:28:31.061		0.78717			4
2026.05.21	02:28:38.174		0.78716			4
2026.05.21	02:28:38.475		0.78717			4
2026.05.21	02:29:00.170	0.78709				2
2026.05.21	02:29:00.471		0.78716			4
2026.05.21	02:29:14.621		0.78717			4
2026.05.21	02:29:40.282		0.78716			4
2026.05.21	02:29:40.582		0.78717			4
2026.05.21	02:30:00.225	0.78709				2
2026.05.21	02:30:29.022		0.78716			4
2026.05.21	02:30:50.251		0.78717			4
2026.05.21	02:31:00.395	0.78709				2
2026.05.21	02:31:21.627	0.78710				2
2026.05.21	02:31:24.087	0.78709				2
2026.05.21	02:31:29.712	0.78708	0.78715			6
2026.05.21	02:31:44.736	0.78709				2
2026.05.21	02:31:45.039		0.78714			4
2026.05.21	02:32:01.062	0.78709				2
2026.05.21	02:32:01.662		0.78716			4
2026.05.21	02:32:07.290	0.78710				2
2026.05.21	02:32:07.589	0.78709				2
2026.05.21	02:32:10.625		0.78715			4
2026.05.21	02:32:13.730		0.78716			4
2026.05.21	02:32:22.516	0.78711	0.78718			6
2026.05.21	02:32:32.170		0.78719			4
2026.05.21	02:32:33.696	0.78709	0.78716			6
2026.05.21	02:32:43.290		0.78715			4
2026.05.21	02:32:50.017		0.78714			4
2026.05.21	02:32:50.751		0.78716			4
2026.05.21	02:32:52.050		0.78715			4
2026.05.21	02:32:57.246	0.78708				2
2026.05.21	02:33:01.340	0.78708				2
2026.05.21	02:33:55.772		0.78715			4
2026.05.21	02:33:56.071	0.78709				2
2026.05.21	02:34:02.525	0.78709	0.78716			6
2026.05.21	02:34:06.244	0.78710				2
2026.05.21	02:34:19.322		0.78717			4
2026.05.21	02:34:19.923	0.78711	0.78716			6
2026.05.21	02:34:20.224		0.78717			4
2026.05.21	02:34:36.920	0.78712	0.78719			6
2026.05.21	02:34:46.928		0.78718			4
2026.05.21	02:34:56.483	0.78711				2
2026.05.21	02:35:01.062	0.78711				2
2026.05.21	02:35:47.355		0.78718			4
2026.05.21	02:35:47.654	0.78712	0.78719			6
2026.05.21	02:35:56.201		0.78718			4
2026.05.21	02:35:59.550	0.78711				2
2026.05.21	02:36:00.373	0.78711				2
2026.05.21	02:36:03.544	0.78712	0.78719			6
2026.05.21	02:36:05.424	0.78713				2
2026.05.21	02:36:34.073	0.78712	0.78717			6
2026.05.21	02:36:55.389	0.78713	0.78719			6
2026.05.21	02:36:55.689		0.78718			4
2026.05.21	02:36:57.301	0.78714	0.78719			6
2026.05.21	02:36:58.325	0.78712	0.78717			6
2026.05.21	02:37:00.273	0.78712				2
2026.05.21	02:37:00.573	0.78710	0.78715			6
2026.05.21	02:37:44.320	0.78708	0.78713			6
2026.05.21	02:37:45.475	0.78710	0.78715			6
2026.05.21	02:38:00.364	0.78710				2
2026.05.21	02:38:18.710	0.78709				2
2026.05.21	02:38:30.959	0.78710				2
2026.05.21	02:38:35.188		0.78716			4
2026.05.21	02:38:46.131	0.78715	0.78720			6
2026.05.21	02:38:47.588		0.78721			4
2026.05.21	02:38:47.888	0.78716				2
2026.05.21	02:38:48.188	0.78715	0.78719			6
2026.05.21	02:38:48.490	0.78716	0.78721			6
2026.05.21	02:38:49.091	0.78715	0.78719			6
2026.05.21	02:38:49.391	0.78716	0.78721			6
2026.05.21	02:38:50.292	0.78715				2
2026.05.21	02:38:57.921		0.78720			4
2026.05.21	02:39:00.395	0.78715				2
2026.05.21	02:39:23.232		0.78721			4
2026.05.21	02:39:33.642		0.78720			4
2026.05.21	02:40:00.749	0.78715				2
2026.05.21	02:40:01.048	0.78718	0.78723			6
2026.05.21	02:40:01.728	0.78721	0.78727			6
2026.05.21	02:40:28.407	0.78720	0.78725			6
2026.05.21	02:40:28.708		0.78727			4
2026.05.21	02:40:38.198		0.78726			4
2026.05.21	02:40:43.745		0.78725			4
2026.05.21	02:41:03.128	0.78720				2
2026.05.21	02:41:04.903	0.78719	0.78724			6
2026.05.21	02:41:10.743	0.78720				2
2026.05.21	02:41:11.044		0.78725			4
2026.05.21	02:41:14.070		0.78726			4
2026.05.21	02:41:17.697		0.78725			4
2026.05.21	02:41:25.365	0.78721	0.78726			6
2026.05.21	02:41:38.386	0.78719				2
2026.05.21	02:41:38.688	0.78721	0.78727			6
2026.05.21	02:41:43.742	0.78722				2
2026.05.21	02:42:00.408	0.78722	0.78726			6
2026.05.21	02:42:17.606	0.78724	0.78731			6
2026.05.21	02:42:22.358		0.78730			4
2026.05.21	02:42:22.660	0.78723				2
2026.05.21	02:42:28.866	0.78724	0.78731			6
2026.05.21	02:42:42.411	0.78723	0.78728			6
2026.05.21	02:42:43.165		0.78730			4
2026.05.21	02:42:50.160	0.78724	0.78732			6
2026.05.21	02:42:50.461	0.78725	0.78733			6
2026.05.21	02:43:00.118	0.78725				2
2026.05.21	02:43:08.712		0.78734			4
2026.05.21	02:43:12.659	0.78727				2
2026.05.21	02:43:15.572	0.78726				2
2026.05.21	02:43:52.744	0.78727				2
2026.05.21	02:43:57.133		0.78731			4
2026.05.21	02:43:58.335	0.78726	0.78730			6
2026.05.21	02:43:58.935	0.78727	0.78734			6
2026.05.21	02:43:59.236	0.78726	0.78730			6
2026.05.21	02:43:59.837		0.78734			4
2026.05.21	02:44:02.012	0.78726				2
2026.05.21	02:44:09.495	0.78725	0.78732			6
2026.05.21	02:44:24.705	0.78726	0.78733			6
2026.05.21	02:44:30.323	0.78728	0.78735			6
2026.05.21	02:44:30.921	0.78727	0.78734			6
2026.05.21	02:44:41.754		0.78735			4
2026.05.21	02:44:55.611	0.78726				2
2026.05.21	02:45:01.286	0.78727				2
2026.05.21	02:45:01.587		0.78734			4
2026.05.21	02:45:01.888	0.78726				2
2026.05.21	02:45:02.188		0.78735			4
2026.05.21	02:45:02.788	0.78727	0.78734			6
2026.05.21	02:45:06.374		0.78735			4
2026.05.21	02:45:06.677		0.78734			4
2026.05.21	02:45:07.278		0.78735			4
2026.05.21	02:45:13.640		0.78734			4
2026.05.21	02:45:15.611		0.78735			4
2026.05.21	02:45:24.825		0.78734			4
2026.05.21	02:45:25.964	0.78726	0.78733			6
2026.05.21	02:45:26.868		0.78732			4
2026.05.21	02:45:28.977	0.78715	0.78719			6
2026.05.21	02:45:30.180		0.78720			4
2026.05.21	02:45:30.480		0.78719			4
2026.05.21	02:45:30.781		0.78720			4
2026.05.21	02:45:31.081	0.78714	0.78719			6
2026.05.21	02:45:32.303	0.78715	0.78720			6
2026.05.21	02:45:34.419		0.78719			4
2026.05.21	02:45:36.170	0.78714				2
2026.05.21	02:45:37.371	0.78715	0.78720			6
2026.05.21	02:45:37.670	0.78714	0.78719			6
2026.05.21	02:45:38.034	0.78715				2
2026.05.21	02:45:38.333		0.78720			4
2026.05.21	02:45:38.878	0.78714				2
2026.05.21	02:45:39.178		0.78719			4
2026.05.21	02:45:40.107	0.78713	0.78718			6
2026.05.21	02:45:41.818	0.78712	0.78716			6
2026.05.21	02:45:42.420		0.78717			4
2026.05.21	02:45:44.345		0.78716			4
2026.05.21	02:45:46.725	0.78711	0.78717			6
2026.05.21	02:45:49.555	0.78712				2
2026.05.21	02:45:50.456		0.78718			4
2026.05.21	02:45:50.761	0.78713	0.78720			6
2026.05.21	02:45:51.057		0.78718			4
2026.05.21	02:45:52.206	0.78714	0.78721			6
2026.05.21	02:45:54.451	0.78716				2
2026.05.21	02:46:00.345	0.78716				2
2026.05.21	02:46:01.985		0.78722			4
2026.05.21	02:46:02.286		0.78721			4
2026.05.21	02:46:02.586	0.78715	0.78720			6
2026.05.21	02:46:03.187		0.78721			4
2026.05.21	02:46:04.512	0.78714	0.78719			6
2026.05.21	02:46:05.113		0.78720			4
2026.05.21	02:46:06.083	0.78713	0.78718			6
2026.05.21	02:46:06.983		0.78719			4
2026.05.21	02:46:10.764		0.78717			4
2026.05.21	02:46:13.837	0.78712	0.78718			6
2026.05.21	02:46:14.138		0.78717			4
2026.05.21	02:46:16.254		0.78718			4
2026.05.21	02:46:17.322		0.78717			4
2026.05.21	02:46:17.624		0.78718			4
2026.05.21	02:46:22.220		0.78717			4
2026.05.21	02:46:23.297		0.78718			4
2026.05.21	02:46:42.313		0.78719			4
2026.05.21	02:46:42.614	0.78711	0.78713			6
2026.05.21	02:46:42.913	0.78710				2
2026.05.21	02:46:44.526		0.78714			4
2026.05.21	02:46:46.272		0.78713			4
2026.05.21	02:46:49.986		0.78714			4
2026.05.21	02:46:50.287		0.78713			4
2026.05.21	02:46:52.623	0.78708				2
2026.05.21	02:46:59.132		0.78714			4
2026.05.21	02:47:01.407	0.78708				2
2026.05.21	02:47:01.707	0.78707	0.78713			6
2026.05.21	02:47:07.743	0.78708				2
2026.05.21	02:47:39.552	0.78707				2
2026.05.21	02:47:39.854		0.78714			4
2026.05.21	02:47:42.010		0.78713			4
2026.05.21	02:47:42.610	0.78708				2
2026.05.21	02:47:45.431	0.78709	0.78716			6
2026.05.21	02:47:47.845	0.78707	0.78714			6
2026.05.21	02:47:48.792		0.78713			4
2026.05.21	02:47:49.092	0.78702	0.78706			6
2026.05.21	02:47:49.393		0.78707			4
2026.05.21	02:47:49.692		0.78708			4
2026.05.21	02:47:50.201		0.78707			4
2026.05.21	02:47:50.984		0.78708			4
2026.05.21	02:47:53.247		0.78707			4
2026.05.21	02:47:54.170	0.78700	0.78706			6
2026.05.21	02:48:00.975	0.78701				2
2026.05.21	02:48:01.275	0.78700				2
2026.05.21	02:48:02.395	0.78701				2
2026.05.21	02:48:07.768	0.78700				2
2026.05.21	02:48:08.068		0.78707			4
2026.05.21	02:48:11.063	0.78701				2
2026.05.21	02:48:12.491	0.78700				2
2026.05.21	02:48:15.374	0.78696	0.78701			6
2026.05.21	02:48:18.984	0.78697				2
2026.05.21	02:48:20.533	0.78696	0.78700			6
2026.05.21	02:48:22.462	0.78695	0.78701			6
2026.05.21	02:48:26.044		0.78700			4
2026.05.21	02:48:27.801	0.78697	0.78701			6
2026.05.21	02:48:40.438		0.78702			4
2026.05.21	02:48:53.757	0.78700	0.78706			6
2026.05.21	02:48:54.057	0.78701	0.78707			6
2026.05.21	02:48:58.360	0.78700	0.78706			6
2026.05.21	02:48:59.041		0.78705			4
2026.05.21	02:49:00.071	0.78700	0.78706			6
2026.05.21	02:49:01.843		0.78705			4
2026.05.21	02:49:02.144		0.78704			4
2026.05.21	02:49:03.921		0.78705			4
2026.05.21	02:49:04.979	0.78698	0.78704			6
2026.05.21	02:49:06.261	0.78699				2
2026.05.21	02:49:06.563		0.78703			4
2026.05.21	02:49:06.912		0.78705			4
2026.05.21	02:49:08.608	0.78700				2
2026.05.21	02:49:08.911	0.78699	0.78704			6
2026.05.21	02:49:09.230	0.78700	0.78705			6
2026.05.21	02:49:09.540	0.78699	0.78704			6
2026.05.21	02:49:09.860	0.78700	0.78705			6
2026.05.21	02:49:10.162	0.78701	0.78704			6
2026.05.21	02:49:10.461	0.78699				2
2026.05.21	02:49:10.761	0.78701				2
2026.05.21	02:49:11.061	0.78699				2
2026.05.21	02:49:11.362	0.78701				2
2026.05.21	02:49:11.666	0.78699				2
2026.05.21	02:49:11.966	0.78701				2
2026.05.21	02:49:12.268	0.78699				2
2026.05.21	02:49:24.571		0.78706			4
2026.05.21	02:49:31.220	0.78700	0.78705			6
2026.05.21	02:49:31.520	0.78702	0.78707			6
2026.05.21	02:49:36.283	0.78701	0.78706			6
2026.05.21	02:49:53.833	0.78702	0.78708			6
2026.05.21	02:49:55.820		0.78709			4
2026.05.21	02:49:58.691		0.78708			4
2026.05.21	02:50:00.004	0.78702				2
2026.05.21	02:50:02.687	0.78701	0.78707			6
2026.05.21	02:50:13.792		0.78708			4
2026.05.21	02:50:18.951	0.78702	0.78709			6
2026.05.21	02:50:20.778		0.78708			4
2026.05.21	02:50:21.425		0.78709			4
2026.05.21	02:50:21.726		0.78708			4
2026.05.21	02:50:22.375		0.78709			4
2026.05.21	02:50:24.172		0.78708			4
2026.05.21	02:50:25.815		0.78709			4
2026.05.21	02:50:26.571		0.78708			4
2026.05.21	02:50:28.566		0.78707			4
2026.05.21	02:50:34.049	0.78704	0.78708			6
2026.05.21	02:50:34.349	0.78701	0.78707			6
2026.05.21	02:50:50.033	0.78702	0.78708			6
2026.05.21	02:51:00.027	0.78701	0.78705			6
2026.05.21	02:51:04.070		0.78706			4
2026.05.21	02:51:11.214	0.78702	0.78708			6
2026.05.21	02:51:13.847	0.78703				2
2026.05.21	02:51:14.147	0.78704				2
2026.05.21	02:51:24.552		0.78709			4
2026.05.21	02:51:27.174	0.78705				2
2026.05.21	02:51:32.044		0.78710			4
2026.05.21	02:51:37.747	0.78706	0.78711			6
2026.05.21	02:51:50.203		0.78712			4
2026.05.21	02:51:51.846		0.78711			4
2026.05.21	02:51:52.581	0.78705				2
2026.05.21	02:51:54.097		0.78710			4
2026.05.21	02:51:54.997		0.78711			4
2026.05.21	02:52:00.129	0.78705				2
2026.05.21	02:52:01.429	0.78706	0.78712			6
2026.05.21	02:52:02.630	0.78707				2
2026.05.21	02:52:02.932	0.78708	0.78713			6
2026.05.21	02:52:21.835		0.78714			4
2026.05.21	02:52:24.839	0.78709	0.78715			6
2026.05.21	02:52:28.836		0.78716			4
2026.05.21	02:52:32.401	0.78711				2
2026.05.21	02:52:42.249	0.78710	0.78717			6
2026.05.21	02:52:43.462	0.78709				2
2026.05.21	02:52:43.765		0.78716			4
2026.05.21	02:52:45.509	0.78707	0.78713			6
2026.05.21	02:52:45.809	0.78708	0.78715			6
2026.05.21	02:52:46.110	0.78707	0.78714			6
2026.05.21	02:52:50.712	0.78708				2
2026.05.21	02:52:51.658		0.78715			4
2026.05.21	02:52:51.958	0.78709				2
2026.05.21	02:53:03.202	0.78709				2
2026.05.21	02:53:03.503	0.78708	0.78714			6
2026.05.21	02:53:07.395		0.78713			4
2026.05.21	02:53:14.582	0.78707				2
2026.05.21	02:53:22.476		0.78714			4
2026.05.21	02:53:23.078		0.78713			4
2026.05.21	02:53:25.953	0.78708	0.78714			6
2026.05.21	02:53:27.929	0.78709				2
2026.05.21	02:53:45.218		0.78715			4
2026.05.21	02:54:00.289	0.78709				2
2026.05.21	02:54:01.535	0.78710	0.78716			6
2026.05.21	02:54:06.099		0.78715			4
2026.05.21	02:54:08.418	0.78709				2
2026.05.21	02:54:20.145	0.78708	0.78714			6
2026.05.21	02:54:21.453	0.78709	0.78713			6
2026.05.21	02:54:26.189	0.78708	0.78714			6
2026.05.21	02:54:32.307	0.78709				2
2026.05.21	02:54:32.608	0.78708				2
2026.05.21	02:54:55.638		0.78713			4
2026.05.21	02:54:57.775		0.78714			4
2026.05.21	02:54:59.095	0.78709				2
2026.05.21	02:55:00.125	0.78709				2
2026.05.21	02:55:00.425	0.78708	0.78713			6
2026.05.21	02:55:05.946	0.78707				2
2026.05.21	02:55:13.120	0.78708	0.78714			6
2026.05.21	02:55:13.420	0.78709				2
2026.05.21	02:55:14.670	0.78708				2
2026.05.21	02:55:18.460	0.78709				2
2026.05.21	02:55:19.984		0.78715			4
2026.05.21	02:55:24.369	0.78710				2
2026.05.21	02:55:28.763	0.78711	0.78717			6
2026.05.21	02:55:29.063		0.78718			4
2026.05.21	02:55:30.094		0.78717			4
2026.05.21	02:55:30.395		0.78718			4
2026.05.21	02:55:30.695		0.78717			4
2026.05.21	02:55:30.995		0.78718			4
2026.05.21	02:55:31.896		0.78717			4
2026.05.21	02:55:38.658	0.78713	0.78718			6
2026.05.21	02:55:39.608	0.78714	0.78719			6
2026.05.21	02:55:43.366	0.78713				2
2026.05.21	02:55:52.743	0.78712				2
2026.05.21	02:55:57.700	0.78713				2
2026.05.21	02:56:02.013	0.78713				2
2026.05.21	02:56:06.573	0.78712				2
2026.05.21	02:56:10.555	0.78713				2
2026.05.21	02:56:33.438	0.78714				2
2026.05.21	02:56:34.303	0.78713				2
2026.05.21	02:56:39.708	0.78714	0.78719			6
2026.05.21	02:56:41.062		0.78720			4
2026.05.21	02:56:50.624	0.78713	0.78719			6
2026.05.21	02:56:53.669	0.78714				2
2026.05.21	02:57:01.127	0.78714				2
2026.05.21	02:57:18.413	0.78713				2
2026.05.21	02:57:21.739		0.78718			4
2026.05.21	02:57:22.038	0.78712				2
2026.05.21	02:57:24.262		0.78719			4
2026.05.21	02:57:29.411		0.78717			4
2026.05.21	02:57:30.390		0.78716			4
2026.05.21	02:57:30.690	0.78713	0.78718			6
2026.05.21	02:57:35.112	0.78711	0.78717			6
2026.05.21	02:57:35.412		0.78716			4
2026.05.21	02:57:36.172	0.78712				2
2026.05.21	02:57:36.472		0.78717			4
2026.05.21	02:57:48.461		0.78718			4
2026.05.21	02:57:49.062		0.78717			4
2026.05.21	02:57:50.835	0.78713	0.78718			6
2026.05.21	02:58:00.544	0.78713				2
2026.05.21	02:58:06.143	0.78714				2
2026.05.21	02:58:07.828		0.78719			4
2026.05.21	02:58:10.813		0.78718			4
2026.05.21	02:58:12.571		0.78720			4
2026.05.21	02:58:12.874		0.78719			4
2026.05.21	02:58:13.175		0.78720			4
2026.05.21	02:58:13.474		0.78719			4
2026.05.21	02:58:16.103		0.78718			4
2026.05.21	02:58:20.748	0.78713	0.78717			6
2026.05.21	02:58:21.048		0.78718			4
2026.05.21	02:58:22.792	0.78714	0.78719			6
2026.05.21	02:58:23.091	0.78715				2
2026.05.21	02:58:23.392		0.78720			4
2026.05.21	02:58:25.407		0.78721			4
2026.05.21	02:58:26.950	0.78716				2
2026.05.21	02:58:27.694	0.78715				2
2026.05.21	02:58:29.074	0.78713	0.78718			6
2026.05.21	02:58:29.375		0.78719			4
2026.05.21	02:58:36.901		0.78717			4
2026.05.21	02:58:38.664		0.78718			4
2026.05.21	02:58:43.681	0.78711	0.78716			6
2026.05.21	02:58:45.182		0.78717			4
2026.05.21	02:58:54.371		0.78715			4
2026.05.21	02:58:58.363	0.78713	0.78718			6
2026.05.21	02:58:58.664		0.78717			4
2026.05.21	02:58:59.726	0.78712	0.78716			6
2026.05.21	02:59:00.102	0.78713				2
2026.05.21	02:59:00.402	0.78712	0.78717			6
2026.05.21	02:59:06.498	0.78713				2
2026.05.21	02:59:06.801	0.78711				2
2026.05.21	02:59:12.496	0.78713	0.78718			6
2026.05.21	02:59:14.637		0.78719			4
2026.05.21	02:59:14.937		0.78718			4
2026.05.21	02:59:17.347	0.78714				2
2026.05.21	02:59:25.456	0.78713				2
2026.05.21	02:59:26.565	0.78711	0.78716			6
2026.05.21	02:59:27.169		0.78717			4
2026.05.21	02:59:29.033		0.78716			4
2026.05.21	02:59:30.840	0.78712	0.78717			6
2026.05.21	02:59:31.516	0.78711				2
2026.05.21	02:59:32.679		0.78716			4
2026.05.21	02:59:45.386	0.78713	0.78717			6
2026.05.21	02:59:50.380	0.78714	0.78718			6
2026.05.21	02:59:57.375	0.78715	0.78719			6
2026.05.21	02:59:57.768	0.78714				2
2026.05.21	02:59:59.150		0.78718			4
2026.05.21	03:00:00.233	0.78710	0.78715			6
2026.05.21	03:00:00.533	0.78712	0.78718			6
2026.05.21	03:00:00.834	0.78711	0.78716			6
2026.05.21	03:00:02.936	0.78710				2
2026.05.21	03:00:05.313	0.78712	0.78717			6
2026.05.21	03:00:05.606	0.78714	0.78718			6
2026.05.21	03:00:05.910	0.78715	0.78720			6
2026.05.21	03:00:06.213	0.78718	0.78722			6
2026.05.21	03:00:07.112	0.78717				2
2026.05.21	03:00:08.014	0.78718	0.78723			6
2026.05.21	03:00:09.287	0.78717				2
2026.05.21	03:00:09.587	0.78718	0.78722			6
2026.05.21	03:00:09.886		0.78723			4
2026.05.21	03:00:10.186		0.78724			4
2026.05.21	03:00:10.487	0.78717	0.78723			6
2026.05.21	03:00:10.787		0.78722			4
2026.05.21	03:00:11.387		0.78721			4
2026.05.21	03:00:11.687	0.78716				2
2026.05.21	03:00:16.018		0.78720			4
2026.05.21	03:00:16.618		0.78721			4
2026.05.21	03:00:18.851	0.78718	0.78724			6
2026.05.21	03:00:20.078	0.78719				2
2026.05.21	03:00:20.378	0.78722	0.78727			6
2026.05.21	03:00:23.091	0.78721	0.78726			6
2026.05.21	03:00:23.393		0.78727			4
2026.05.21	03:00:24.515	0.78722	0.78726			6
2026.05.21	03:00:24.816	0.78721	0.78727			6
2026.05.21	03:00:25.115	0.78720	0.78725			6
2026.05.21	03:00:25.416	0.78724	0.78728			6
2026.05.21	03:00:25.716		0.78729			4
2026.05.21	03:00:27.825	0.78723				2
2026.05.21	03:00:28.126		0.78728			4
2026.05.21	03:00:33.117	0.78721	0.78727			6
2026.05.21	03:00:35.380	0.78722	0.78728			6
2026.05.21	03:00:35.980	0.78723				2
2026.05.21	03:00:36.581	0.78722				2
2026.05.21	03:00:36.881		0.78727			4
2026.05.21	03:00:37.181	0.78723	0.78728			6
2026.05.21	03:00:39.770	0.78724				2
2026.05.21	03:00:40.070	0.78725	0.78730			6
2026.05.21	03:00:40.370	0.78724	0.78729			6
2026.05.21	03:00:40.670	0.78722	0.78728			6
2026.05.21	03:00:40.970		0.78727			4
2026.05.21	03:00:41.270	0.78724	0.78728			6
2026.05.21	03:00:41.871		0.78729			4
2026.05.21	03:00:42.232	0.78725				2
2026.05.21	03:00:42.533	0.78724				2
2026.05.21	03:00:43.480		0.78728			4
2026.05.21	03:00:45.423	0.78725	0.78730			6
2026.05.21	03:00:46.024	0.78724	0.78729			6
2026.05.21	03:00:49.247		0.78728			4
2026.05.21	03:00:50.617		0.78729			4
2026.05.21	03:00:51.416	0.78725	0.78730			6
2026.05.21	03:00:53.015		0.78731			4
2026.05.21	03:00:53.315	0.78727				2
2026.05.21	03:00:53.916		0.78732			4
2026.05.21	03:00:54.220	0.78729	0.78734			6
2026.05.21	03:00:54.516	0.78730				2
2026.05.21	03:00:56.395		0.78735			4
2026.05.21	03:00:56.694	0.78731	0.78736			6
2026.05.21	03:00:57.297	0.78727	0.78732			6
2026.05.21	03:00:58.444	0.78728	0.78734			6
2026.05.21	03:00:59.290		0.78733			4
2026.05.21	03:00:59.892	0.78727	0.78731			6
2026.05.21	03:01:00.191	0.78727				2
2026.05.21	03:01:00.491	0.78726				2
2026.05.21	03:01:01.391		0.78730			4
2026.05.21	03:01:01.691		0.78731			4
2026.05.21	03:01:05.894	0.78727				2
2026.05.21	03:01:07.198	0.78726	0.78730			6
2026.05.21	03:01:07.801		0.78731			4
2026.05.21	03:01:11.404		0.78730			4
2026.05.21	03:01:12.607		0.78731			4
2026.05.21	03:01:14.206		0.78730			4
2026.05.21	03:01:15.407		0.78731			4
2026.05.21	03:01:15.711	0.78727	0.78733			6
2026.05.21	03:01:16.009	0.78728	0.78734			6
2026.05.21	03:01:16.610		0.78733			4
2026.05.21	03:01:17.214	0.78727	0.78732			6
2026.05.21	03:01:18.115		0.78731			4
2026.05.21	03:01:18.909	0.78726				2
2026.05.21	03:01:20.334		0.78730			4
2026.05.21	03:01:20.935		0.78731			4
2026.05.21	03:01:21.236		0.78730			4
2026.05.21	03:01:21.875		0.78732			4
2026.05.21	03:01:22.176		0.78731			4
2026.05.21	03:01:22.777	0.78725	0.78730			6
2026.05.21	03:01:23.377	0.78726	0.78731			6
2026.05.21	03:01:26.473	0.78727				2
2026.05.21	03:01:26.772	0.78726				2
2026.05.21	03:01:28.374	0.78727	0.78732			6
2026.05.21	03:01:28.674	0.78726	0.78731			6
2026.05.21	03:01:28.975	0.78727				2
2026.05.21	03:01:29.275		0.78732			4
2026.05.21	03:01:31.084	0.78726	0.78731			6
2026.05.21	03:01:32.284		0.78732			4
2026.05.21	03:01:32.886	0.78728	0.78733			6
2026.05.21	03:01:33.786	0.78727	0.78732			6
2026.05.21	03:01:34.087	0.78728	0.78733			6
2026.05.21	03:01:34.387		0.78734			4
2026.05.21	03:01:36.050		0.78733			4
2026.05.21	03:01:36.652		0.78734			4
2026.05.21	03:01:37.254		0.78733			4
2026.05.21	03:01:37.554	0.78727	0.78732			6
2026.05.21	03:01:38.195	0.78728	0.78733			6
2026.05.21	03:01:38.497	0.78727	0.78732			6
2026.05.21	03:01:39.398	0.78728	0.78733			6
2026.05.21	03:01:39.696	0.78727				2
2026.05.21	03:01:39.996		0.78732			4
2026.05.21	03:01:40.597		0.78733			4
2026.05.21	03:01:40.896	0.78729	0.78734			6
2026.05.21	03:01:41.196	0.78727	0.78732			6
2026.05.21	03:01:41.497		0.78733			4
2026.05.21	03:01:42.096		0.78732			4
2026.05.21	03:01:42.397	0.78729	0.78733			6
2026.05.21	03:01:42.698	0.78728				2
2026.05.21	03:01:43.860	0.78729	0.78734			6
2026.05.21	03:01:44.160		0.78733			4
2026.05.21	03:01:44.760		0.78734			4
2026.05.21	03:01:45.432	0.78730				2
2026.05.21	03:01:46.933	0.78729				2
2026.05.21	03:01:47.836	0.78730				2
2026.05.21	03:01:51.138	0.78728	0.78732			6
2026.05.21	03:01:51.437	0.78727	0.78731			6
2026.05.21	03:01:52.339		0.78732			4
2026.05.21	03:01:54.441	0.78728	0.78733			6
2026.05.21	03:01:56.534	0.78727	0.78732			6
2026.05.21	03:01:57.847	0.78726	0.78731			6
2026.05.21	03:02:00.263	0.78726				2
2026.05.21	03:02:01.165	0.78725	0.78729			6
2026.05.21	03:02:01.464	0.78724	0.78730			6
2026.05.21	03:02:01.765	0.78725				2
2026.05.21	03:02:02.065	0.78724				2
2026.05.21	03:02:03.270	0.78725				2
2026.05.21	03:02:04.170	0.78724	0.78729			6
2026.05.21	03:02:05.671		0.78730			4
2026.05.21	03:02:06.573	0.78725	0.78731			6
2026.05.21	03:02:07.425	0.78724	0.78730			6
2026.05.21	03:02:08.629		0.78728			4
2026.05.21	03:02:08.929		0.78730			4
2026.05.21	03:02:09.529	0.78725				2
2026.05.21	03:02:12.576	0.78724	0.78729			6
2026.05.21	03:02:13.177		0.78730			4
2026.05.21	03:02:14.522		0.78728			4
2026.05.21	03:02:15.423		0.78730			4
2026.05.21	03:02:16.026	0.78721	0.78726			6
2026.05.21	03:02:16.626		0.78725			4
2026.05.21	03:02:21.307	0.78722	0.78726			6
2026.05.21	03:02:23.093		0.78728			4
2026.05.21	03:02:23.693	0.78723				2
2026.05.21	03:02:23.993	0.78722	0.78727			6
2026.05.21	03:02:24.595		0.78726			4
2026.05.21	03:02:25.496	0.78721	0.78725			6
2026.05.21	03:02:25.795		0.78727			4
2026.05.21	03:02:26.284		0.78726			4
2026.05.21	03:02:26.584		0.78725			4
2026.05.21	03:02:27.410		0.78727			4
2026.05.21	03:02:28.803	0.78722				2
2026.05.21	03:02:30.216	0.78721				2
2026.05.21	03:02:30.516		0.78726			4
2026.05.21	03:02:31.347		0.78727			4
2026.05.21	03:02:31.647		0.78726			4
2026.05.21	03:02:31.949		0.78725			4
2026.05.21	03:02:32.980	0.78720				2
2026.05.21	03:02:34.844	0.78722	0.78727			6
2026.05.21	03:02:35.745	0.78721				2
2026.05.21	03:02:36.645		0.78726			4
2026.05.21	03:02:37.813	0.78722	0.78727			6
2026.05.21	03:02:38.602		0.78726			4
2026.05.21	03:02:39.507		0.78728			4
2026.05.21	03:02:40.624		0.78727			4
2026.05.21	03:02:40.924		0.78728			4
2026.05.21	03:02:42.041	0.78723				2
2026.05.21	03:02:43.842	0.78722				2
2026.05.21	03:02:46.970	0.78723				2
2026.05.21	03:02:47.768		0.78729			4
2026.05.21	03:02:48.069	0.78722	0.78728			6
2026.05.21	03:02:50.101	0.78723				2
2026.05.21	03:02:50.701	0.78722				2
2026.05.21	03:02:51.641	0.78723				2
2026.05.21	03:02:52.586	0.78721	0.78727			6
2026.05.21	03:02:52.886	0.78722	0.78728			6
2026.05.21	03:02:57.679		0.78727			4
2026.05.21	03:02:59.452		0.78728			4
2026.05.21	03:03:00.202	0.78722				2
2026.05.21	03:03:00.509	0.78732	0.78737			6
2026.05.21	03:03:00.803	0.78730	0.78735			6
2026.05.21	03:03:01.108	0.78729	0.78732			6
2026.05.21	03:03:01.405	0.78726				2
2026.05.21	03:03:02.306	0.78727				2
2026.05.21	03:03:03.821		0.78733			4
2026.05.21	03:03:05.555	0.78728				2
2026.05.21	03:03:06.456	0.78727				2
2026.05.21	03:03:06.754	0.78728				2
2026.05.21	03:03:08.258	0.78727				2
2026.05.21	03:03:09.460	0.78728				2
2026.05.21	03:03:13.458	0.78730	0.78734			6
2026.05.21	03:03:13.758	0.78731	0.78736			6
2026.05.21	03:03:14.806	0.78730				2
2026.05.21	03:03:16.941	0.78731	0.78735			6
2026.05.21	03:03:17.240	0.78729	0.78734			6
2026.05.21	03:03:17.540		0.78735			4
2026.05.21	03:03:18.140	0.78730				2
2026.05.21	03:03:18.441		0.78736			4
2026.05.21	03:03:30.317	0.78728	0.78733			6
2026.05.21	03:03:31.518	0.78727				2
2026.05.21	03:03:35.039	0.78728				2
2026.05.21	03:03:35.684	0.78729				2
2026.05.21	03:03:35.984	0.78728				2
2026.05.21	03:03:37.725	0.78727				2
2026.05.21	03:03:38.025	0.78725	0.78731			6
2026.05.21	03:03:39.865	0.78726				2
2026.05.21	03:03:43.675	0.78725				2
2026.05.21	03:03:44.495	0.78726				2
2026.05.21	03:03:44.794	0.78725				2
2026.05.21	03:03:45.397		0.78729			4
2026.05.21	03:03:45.999	0.78727	0.78731			6
2026.05.21	03:03:47.802	0.78725				2
2026.05.21	03:03:50.906	0.78726				2
2026.05.21	03:03:51.939	0.78725				2
2026.05.21	03:03:52.540		0.78730			4
2026.05.21	03:03:52.841		0.78731			4
2026.05.21	03:03:53.875		0.78730			4
2026.05.21	03:03:54.175	0.78724				2
2026.05.21	03:03:54.775		0.78729			4
2026.05.21	03:03:55.079		0.78730			4
2026.05.21	03:04:00.513	0.78724				2
2026.05.21	03:04:01.604	0.78722	0.78728			6
2026.05.21	03:04:02.503		0.78727			4
2026.05.21	03:04:03.403		0.78728			4
2026.05.21	03:04:04.008	0.78720	0.78725			6
2026.05.21	03:04:04.304	0.78721	0.78727			6
2026.05.21	03:04:09.145	0.78722				2
2026.05.21	03:04:10.488	0.78721				2
2026.05.21	03:04:10.788	0.78722				2
2026.05.21	03:04:11.089	0.78721				2
2026.05.21	03:04:11.689	0.78722	0.78728			6
2026.05.21	03:04:11.989		0.78727			4
2026.05.21	03:04:12.290		0.78728			4
2026.05.21	03:04:14.344		0.78727			4
2026.05.21	03:04:14.642		0.78728			4
2026.05.21	03:04:14.945	0.78721	0.78727			6
2026.05.21	03:04:16.746	0.78720	0.78726			6
2026.05.21	03:04:17.669	0.78721				2
2026.05.21	03:04:19.243		0.78727			4
2026.05.21	03:04:26.662		0.78726			4
2026.05.21	03:04:27.263		0.78727			4
2026.05.21	03:04:35.145		0.78726			4
2026.05.21	03:04:36.765	0.78720				2
2026.05.21	03:04:37.367		0.78725			4
2026.05.21	03:04:37.668		0.78726			4
2026.05.21	03:04:38.569	0.78719	0.78725			6
2026.05.21	03:04:41.687	0.78717	0.78723			6
2026.05.21	03:04:41.989	0.78718				2
2026.05.21	03:04:42.591	0.78717				2
2026.05.21	03:04:43.191	0.78718				2
2026.05.21	03:04:45.062		0.78724			4
2026.05.21	03:04:47.758	0.78719	0.78725			6
2026.05.21	03:04:48.058		0.78724			4
2026.05.21	03:04:48.358		0.78725			4
2026.05.21	03:04:48.959		0.78724			4
2026.05.21	03:04:49.259	0.78720	0.78725			6
2026.05.21	03:04:51.063	0.78719	0.78724			6
2026.05.21	03:04:51.363	0.78720	0.78725			6
2026.05.21	03:04:53.945	0.78721	0.78726			6
2026.05.21	03:04:54.248	0.78720				2
2026.05.21	03:04:58.299	0.78721	0.78727			6
2026.05.21	03:04:59.213	0.78720	0.78726			6
2026.05.21	03:05:00.113	0.78720				2
2026.05.21	03:05:01.314	0.78721				2
2026.05.21	03:05:02.596	0.78720				2
2026.05.21	03:05:06.292	0.78721				2
2026.05.21	03:05:07.430	0.78720				2
2026.05.21	03:05:08.660	0.78721	0.78727			6
2026.05.21	03:05:11.570	0.78720	0.78726			6
2026.05.21	03:05:13.226	0.78721				2
2026.05.21	03:05:16.840		0.78727			4
2026.05.21	03:05:17.771	0.78723	0.78728			6
2026.05.21	03:05:21.081	0.78724	0.78730			6
2026.05.21	03:05:23.441	0.78723	0.78728			6
2026.05.21	03:05:23.742		0.78729			4
2026.05.21	03:05:24.342	0.78721	0.78725			6
2026.05.21	03:05:24.641	0.78720				2
2026.05.21	03:05:25.780	0.78721	0.78726			6
2026.05.21	03:05:26.379	0.78719	0.78725			6
2026.05.21	03:05:26.981	0.78720				2
2026.05.21	03:05:29.761	0.78721				2
2026.05.21	03:05:30.061	0.78720				2
2026.05.21	03:05:33.186	0.78719	0.78724			6
2026.05.21	03:05:35.344	0.78720	0.78725			6
2026.05.21	03:05:38.355	0.78721	0.78727			6
2026.05.21	03:05:39.260	0.78722	0.78728			6
2026.05.21	03:05:40.655	0.78721	0.78727			6
2026.05.21	03:05:40.955	0.78722				2
2026.05.21	03:05:41.857		0.78728			4
2026.05.21	03:05:43.960		0.78727			4
2026.05.21	03:05:49.846	0.78721				2
2026.05.21	03:05:50.146		0.78726			4
2026.05.21	03:05:50.447	0.78722	0.78727			6
2026.05.21	03:05:51.048		0.78728			4
2026.05.21	03:05:51.350		0.78727			4
2026.05.21	03:05:53.222		0.78726			4
2026.05.21	03:05:56.634	0.78721	0.78727			6
2026.05.21	03:05:57.236		0.78725			4
2026.05.21	03:05:57.536		0.78727			4
2026.05.21	03:06:00.245	0.78721				2
2026.05.21	03:06:02.518	0.78720	0.78726			6
2026.05.21	03:06:03.574		0.78727			4
2026.05.21	03:06:03.875	0.78721				2
2026.05.21	03:06:04.174		0.78726			4
2026.05.21	03:06:05.860		0.78727			4
2026.05.21	03:06:06.477		0.78726			4
