<DATE>	<TIME>	<BID>	<ASK>	<LAST>	<VOLUME>	<FLAGS>
2026.03.18	00:03:30.903	0.78496	0.78569			6
2026.03.18	00:03:34.711	0.78478	0.78571			6
2026.03.18	00:04:00.711	0.78478				2
2026.03.18	00:04:23.991	0.78488				2
2026.03.18	00:04:34.415		0.78576			4
2026.03.18	00:04:39.853	0.78477				2
2026.03.18	00:04:42.979	0.78408	0.78601			6
2026.03.18	00:05:00.205	0.78416				2
2026.03.18	00:05:05.402	0.78433	0.78561			6
2026.03.18	00:05:11.331	0.78434	0.78553			6
2026.03.18	00:05:25.319	0.78428	0.78548			6
2026.03.18	00:05:25.818	0.78434	0.78553			6
2026.03.18	00:05:27.318	0.78439	0.78559			6
2026.03.18	00:05:27.819	0.78434	0.78553			6
2026.03.18	00:05:28.818	0.78439	0.78559			6
2026.03.18	00:05:29.318	0.78434	0.78553			6
2026.03.18	00:06:10.653	0.78425	0.78541			6
2026.03.18	00:06:10.956		0.78576			4
2026.03.18	00:07:10.668	0.78425	0.78579			6
2026.03.18	00:07:38.243	0.78422				2
2026.03.18	00:08:01.913	0.78422				2
2026.03.18	00:08:30.676		0.78579			4
2026.03.18	00:08:33.245	0.78423				2
2026.03.18	00:09:09.667	0.78423				2
2026.03.18	00:09:28.245	0.78425				2
2026.03.18	00:09:39.819		0.78579			4
2026.03.18	00:09:40.120		0.78535			4
2026.03.18	00:10:00.145	0.78425	0.78543			6
2026.03.18	00:10:00.445	0.78440				2
2026.03.18	00:10:10.492	0.78438	0.78541			6
2026.03.18	00:10:12.596	0.78428	0.78536			6
2026.03.18	00:10:14.097	0.78429	0.78537			6
2026.03.18	00:10:15.305	0.78428	0.78536			6
2026.03.18	00:10:44.505	0.78429	0.78537			6
2026.03.18	00:11:00.151	0.78429				2
2026.03.18	00:11:04.368		0.78557			4
2026.03.18	00:11:05.368	0.78446	0.78540			6
2026.03.18	00:11:06.374	0.78448	0.78538			6
2026.03.18	00:11:10.455	0.78449				2
2026.03.18	00:11:27.362	0.78450	0.78537			6
2026.03.18	00:11:29.360	0.78449	0.78538			6
2026.03.18	00:11:39.254		0.78537			4
2026.03.18	00:12:00.555	0.78449				2
2026.03.18	00:12:09.739		0.78538			4
2026.03.18	00:12:14.055		0.78537			4
2026.03.18	00:12:29.086	0.78433	0.78535			6
2026.03.18	00:12:36.855	0.78434				2
2026.03.18	00:12:49.478		0.78534			4
2026.03.18	00:13:00.102	0.78434				2
2026.03.18	00:13:01.074	0.78433				2
2026.03.18	00:13:01.374		0.78536			4
2026.03.18	00:13:03.967		0.78535			4
2026.03.18	00:13:32.355	0.78434				2
2026.03.18	00:13:36.143	0.78435				2
2026.03.18	00:13:36.444		0.78533			4
2026.03.18	00:13:49.168	0.78436				2
2026.03.18	00:14:03.854	0.78436				2
2026.03.18	00:14:05.183		0.78532			4
2026.03.18	00:14:11.054	0.78437				2
2026.03.18	00:14:57.855		0.78531			4
2026.03.18	00:15:00.296	0.78437				2
2026.03.18	00:15:00.896	0.78438	0.78530			6
2026.03.18	00:15:01.413		0.78531			4
2026.03.18	00:15:01.713		0.78530			4
2026.03.18	00:15:03.671	0.78439				2
2026.03.18	00:15:12.255		0.78529			4
2026.03.18	00:15:16.375	0.78437	0.78531			6
2026.03.18	00:15:26.683	0.78440	0.78530			6
2026.03.18	00:15:36.280	0.78442	0.78528			6
2026.03.18	00:15:37.886	0.78443	0.78527			6
2026.03.18	00:15:38.192	0.78444	0.78526			6
2026.03.18	00:15:44.060	0.78445	0.78525			6
2026.03.18	00:15:44.362	0.78447	0.78523			6
2026.03.18	00:15:45.245	0.78446	0.78524			6
2026.03.18	00:15:55.154	0.78447				2
2026.03.18	00:15:55.455		0.78523			4
2026.03.18	00:16:02.355	0.78448	0.78522			6
2026.03.18	00:16:41.354	0.78447				2
2026.03.18	00:16:41.656		0.78523			4
2026.03.18	00:17:02.055	0.78447				2
2026.03.18	00:17:05.055	0.78448				2
2026.03.18	00:17:05.356		0.78522			4
2026.03.18	00:17:08.789	0.78442	0.78521			6
2026.03.18	00:17:11.054	0.78443				2
2026.03.18	00:17:21.936	0.78442				2
2026.03.18	00:17:22.247	0.78443				2
2026.03.18	00:17:28.748	0.78442				2
2026.03.18	00:17:50.153	0.78443				2
2026.03.18	00:18:04.054	0.78442				2
2026.03.18	00:18:05.314	0.78443				2
2026.03.18	00:18:08.804		0.78521			4
2026.03.18	00:18:11.824	0.78442				2
2026.03.18	00:18:26.355		0.78522			4
2026.03.18	00:18:38.055		0.78521			4
2026.03.18	00:18:46.285		0.78522			4
2026.03.18	00:18:53.480		0.78521			4
2026.03.18	00:19:00.233	0.78442	0.78522			6
2026.03.18	00:19:04.334		0.78521			4
2026.03.18	00:19:41.655	0.78440	0.78523			6
2026.03.18	00:19:45.860	0.78441	0.78522			6
2026.03.18	00:19:46.161	0.78442				2
2026.03.18	00:19:46.461	0.78440				2
2026.03.18	00:19:46.762		0.78523			4
2026.03.18	00:19:47.063		0.78522			4
2026.03.18	00:19:47.362	0.78441				2
2026.03.18	00:19:47.664		0.78523			4
2026.03.18	00:19:56.355	0.78443	0.78521			6
2026.03.18	00:19:57.556		0.78520			4
2026.03.18	00:20:01.076	0.78440	0.78523			6
2026.03.18	00:20:22.755	0.78441				2
2026.03.18	00:20:31.154	0.78440				2
2026.03.18	00:20:33.855	0.78441				2
2026.03.18	00:20:36.220	0.78443	0.78520			6
2026.03.18	00:20:54.159	0.78444	0.78519			6
2026.03.18	00:20:55.755	0.78445				2
2026.03.18	00:20:57.855		0.78518			4
2026.03.18	00:21:00.668	0.78445	0.78519			6
2026.03.18	00:21:04.331		0.78518			4
2026.03.18	00:22:02.654	0.78445				2
2026.03.18	00:22:05.355		0.78518			4
2026.03.18	00:22:06.668	0.78468	0.78526			6
2026.03.18	00:22:06.969	0.78466				2
2026.03.18	00:22:10.198		0.78525			4
2026.03.18	00:22:14.965	0.78444	0.78517			6
2026.03.18	00:22:42.854	0.78445				2
2026.03.18	00:22:45.855	0.78444				2
2026.03.18	00:22:54.693	0.78434	0.78516			6
2026.03.18	00:23:00.173	0.78434				2
2026.03.18	00:23:14.275	0.78435	0.78515			6
2026.03.18	00:23:30.852	0.78442				2
2026.03.18	00:23:35.624	0.78443	0.78510			6
2026.03.18	00:23:40.855	0.78442				2
2026.03.18	00:23:41.156		0.78511			4
2026.03.18	00:23:41.655	0.78443	0.78510			6
2026.03.18	00:23:47.748	0.78442	0.78511			6
2026.03.18	00:23:48.555	0.78443	0.78510			6
2026.03.18	00:23:57.554		0.78511			4
2026.03.18	00:23:57.863		0.78510			4
2026.03.18	00:24:00.524	0.78443	0.78511			6
2026.03.18	00:24:01.455		0.78510			4
2026.03.18	00:24:16.076	0.78442	0.78511			6
2026.03.18	00:24:25.692	0.78443	0.78510			6
2026.03.18	00:24:26.056	0.78442	0.78511			6
2026.03.18	00:24:34.013	0.78443	0.78510			6
2026.03.18	00:24:36.096		0.78511			4
2026.03.18	00:25:02.617	0.78443	0.78510			6
2026.03.18	00:25:03.295	0.78445	0.78509			6
2026.03.18	00:25:04.341	0.78444				2
2026.03.18	00:25:26.355		0.78510			4
2026.03.18	00:25:55.787	0.78443				2
2026.03.18	00:25:56.091	0.78442	0.78511			6
2026.03.18	00:25:56.391	0.78438	0.78505			6
2026.03.18	00:25:56.692	0.78440	0.78508			6
2026.03.18	00:25:59.402	0.78441				2
2026.03.18	00:25:59.702	0.78440				2
2026.03.18	00:26:01.754	0.78440				2
2026.03.18	00:26:12.219	0.78441				2
2026.03.18	00:26:16.219	0.78440				2
2026.03.18	00:26:27.255	0.78441				2
2026.03.18	00:26:36.234	0.78440				2
2026.03.18	00:26:59.354	0.78441	0.78508			6
2026.03.18	00:27:00.255	0.78440				2
2026.03.18	00:27:16.377	0.78442	0.78507			6
2026.03.18	00:27:23.357	0.78440	0.78508			6
2026.03.18	00:27:28.161		0.78509			4
2026.03.18	00:27:36.601	0.78438	0.78511			6
2026.03.18	00:27:47.055	0.78437				2
2026.03.18	00:27:55.755	0.78438				2
2026.03.18	00:28:02.055	0.78438				2
2026.03.18	00:28:06.289		0.78505			4
2026.03.18	00:28:09.855		0.78506			4
2026.03.18	00:28:11.009		0.78505			4
2026.03.18	00:28:46.077	0.78439	0.78504			6
2026.03.18	00:29:00.855	0.78439				2
2026.03.18	00:29:21.224	0.78438				2
2026.03.18	00:29:21.525		0.78505			4
2026.03.18	00:29:29.204		0.78509			4
2026.03.18	00:29:29.505		0.78505			4
2026.03.18	00:29:39.110		0.78506			4
2026.03.18	00:29:47.745		0.78505			4
2026.03.18	00:29:53.801	0.78439				2
2026.03.18	00:29:54.882	0.78438				2
2026.03.18	00:30:00.225	0.78438	0.78506			6
2026.03.18	00:30:00.680	0.78439	0.78504			6
2026.03.18	00:30:02.336	0.78440	0.78507			6
2026.03.18	00:30:16.455		0.78506			4
2026.03.18	00:30:36.855	0.78441				2
2026.03.18	00:30:41.819	0.78440				2
2026.03.18	00:30:57.463		0.78507			4
2026.03.18	00:31:00.555	0.78440	0.78506			6
2026.03.18	00:31:02.655	0.78441				2
2026.03.18	00:31:08.350	0.78437	0.78510			6
2026.03.18	00:31:09.855	0.78436				2
2026.03.18	00:31:15.706	0.78437				2
2026.03.18	00:31:16.007	0.78441	0.78506			6
2026.03.18	00:31:17.056	0.78440	0.78507			6
2026.03.18	00:31:56.488	0.78451				2
2026.03.18	00:31:56.792	0.78440	0.78487			6
2026.03.18	00:31:57.103	0.78451	0.78507			6
2026.03.18	00:31:57.406	0.78440	0.78487			6
2026.03.18	00:31:57.716	0.78451	0.78507			6
2026.03.18	00:31:58.019	0.78440	0.78487			6
2026.03.18	00:31:58.336	0.78451	0.78507			6
2026.03.18	00:31:58.639	0.78440	0.78487			6
2026.03.18	00:31:58.939	0.78451	0.78507			6
2026.03.18	00:31:59.243	0.78440	0.78487			6
2026.03.18	00:31:59.543	0.78451	0.78507			6
2026.03.18	00:31:59.850	0.78440	0.78487			6
2026.03.18	00:32:00.151	0.78440	0.78507			6
2026.03.18	00:32:05.812	0.78438	0.78509			6
2026.03.18	00:32:15.345		0.78508			4
2026.03.18	00:32:16.005	0.78441	0.78505			6
2026.03.18	00:32:19.992		0.78506			4
2026.03.18	00:32:28.364	0.78440				2
2026.03.18	00:32:30.021	0.78441				2
2026.03.18	00:32:49.729	0.78440				2
2026.03.18	00:32:50.029		0.78507			4
2026.03.18	00:32:50.330	0.78441	0.78506			6
2026.03.18	00:32:54.856	0.78440				2
2026.03.18	00:32:59.955	0.78439	0.78507			6
2026.03.18	00:33:01.754	0.78439	0.78508			6
2026.03.18	00:33:25.455	0.78438				2
2026.03.18	00:33:33.311	0.78439				2
2026.03.18	00:33:43.396	0.78438	0.78509			6
2026.03.18	00:33:52.756	0.78437				2
2026.03.18	00:33:56.355		0.78510			4
2026.03.18	00:34:00.702	0.78437				2
2026.03.18	00:34:03.220	0.78421	0.78509			6
2026.03.18	00:34:09.985		0.78510			4
2026.03.18	00:34:17.569	0.78423				2
2026.03.18	00:34:23.000	0.78421				2
2026.03.18	00:34:34.879	0.78422	0.78509			6
2026.03.18	00:34:35.182	0.78423				2
2026.03.18	00:34:40.386	0.78426				2
2026.03.18	00:34:40.687		0.78506			4
2026.03.18	00:34:41.356	0.78427	0.78505			6
2026.03.18	00:34:45.076	0.78426				2
2026.03.18	00:34:51.555	0.78427				2
2026.03.18	00:35:00.151	0.78427				2
2026.03.18	00:35:01.455	0.78426	0.78506			6
2026.03.18	00:35:03.255		0.78505			4
2026.03.18	00:35:04.016	0.78428	0.78504			6
2026.03.18	00:35:09.470	0.78427				2
2026.03.18	00:35:14.992	0.78424				2
2026.03.18	00:35:17.356	0.78423				2
2026.03.18	00:35:29.696		0.78505			4
2026.03.18	00:35:30.163	0.78421	0.78507			6
2026.03.18	00:35:36.628		0.78508			4
2026.03.18	00:35:41.082		0.78509			4
2026.03.18	00:36:03.011	0.78421				2
2026.03.18	00:36:09.445		0.78510			4
2026.03.18	00:36:15.381		0.78511			4
2026.03.18	00:37:02.533	0.78421				2
2026.03.18	00:37:09.381	0.78424	0.78505			6
2026.03.18	00:37:09.681	0.78425	0.78504			6
2026.03.18	00:37:09.981	0.78424	0.78505			6
2026.03.18	00:37:26.529	0.78460	0.78509			6
2026.03.18	00:37:28.804		0.78510			4
2026.03.18	00:37:29.104		0.78511			4
2026.03.18	00:37:39.855		0.78512			4
2026.03.18	00:37:43.456		0.78511			4
2026.03.18	00:37:51.013		0.78510			4
2026.03.18	00:38:00.845	0.78460				2
2026.03.18	00:38:04.755		0.78509			4
2026.03.18	00:38:06.255		0.78510			4
2026.03.18	00:38:13.455		0.78509			4
2026.03.18	00:38:30.702	0.78461				2
2026.03.18	00:38:36.441		0.78508			4
2026.03.18	00:38:36.742		0.78509			4
2026.03.18	00:38:37.724		0.78510			4
2026.03.18	00:38:41.055		0.78509			4
2026.03.18	00:38:46.890		0.78510			4
2026.03.18	00:39:00.555	0.78461				2
2026.03.18	00:39:02.654		0.78509			4
2026.03.18	00:39:04.755		0.78510			4
2026.03.18	00:39:08.956		0.78509			4
2026.03.18	00:39:21.927	0.78462				2
2026.03.18	00:39:26.705		0.78508			4
2026.03.18	00:39:28.207		0.78507			4
2026.03.18	00:39:37.235		0.78508			4
2026.03.18	00:39:59.665		0.78507			4
2026.03.18	00:40:01.456	0.78462	0.78508			6
2026.03.18	00:40:04.154		0.78507			4
2026.03.18	00:40:16.376		0.78505			4
2026.03.18	00:41:02.355	0.78462				2
2026.03.18	00:41:20.701	0.78463	0.78505			6
2026.03.18	00:41:23.355		0.78506			4
2026.03.18	00:41:29.056		0.78505			4
2026.03.18	00:41:32.212	0.78421				2
2026.03.18	00:41:33.254		0.78506			4
2026.03.18	00:41:39.374		0.78505			4
2026.03.18	00:41:49.573		0.78504			4
2026.03.18	00:41:50.593		0.78505			4
2026.03.18	00:41:52.516	0.78430				2
2026.03.18	00:41:57.203	0.78421				2
2026.03.18	00:42:00.139	0.78421				2
2026.03.18	00:42:04.434	0.78424	0.78502			6
2026.03.18	00:42:19.510	0.78422				2
2026.03.18	00:42:22.508	0.78424				2
2026.03.18	00:42:30.613	0.78422				2
2026.03.18	00:42:39.940	0.78424	0.78500			6
2026.03.18	00:42:40.712	0.78426				2
2026.03.18	00:42:49.008	0.78424	0.78502			6
2026.03.18	00:42:53.055	0.78423				2
2026.03.18	00:43:00.079	0.78425	0.78501			6
2026.03.18	00:43:00.379	0.78427	0.78499			6
2026.03.18	00:43:13.992	0.78428	0.78498			6
2026.03.18	00:43:14.634	0.78427	0.78499			6
2026.03.18	00:43:18.555	0.78426				2
2026.03.18	00:43:18.855		0.78500			4
2026.03.18	00:43:23.927	0.78423				2
2026.03.18	00:43:29.452	0.78424	0.78499			6
2026.03.18	00:43:29.753	0.78423	0.78500			6
2026.03.18	00:43:30.227	0.78422				2
2026.03.18	00:43:30.528		0.78502			4
2026.03.18	00:43:33.555	0.78421				2
2026.03.18	00:43:39.247	0.78422				2
2026.03.18	00:43:39.802	0.78421				2
2026.03.18	00:43:44.017		0.78503			4
2026.03.18	00:43:49.177		0.78502			4
2026.03.18	00:43:50.453	0.78422	0.78501			6
2026.03.18	00:43:51.356	0.78424	0.78500			6
2026.03.18	00:43:51.662	0.78421	0.78502			6
2026.03.18	00:44:00.658	0.78421	0.78503			6
2026.03.18	00:44:37.557	0.78423				2
2026.03.18	00:44:55.454		0.78504			4
2026.03.18	00:45:03.088	0.78419	0.78510			6
2026.03.18	00:45:06.694	0.78423	0.78504			6
2026.03.18	00:45:08.705	0.78425	0.78502			6
2026.03.18	00:45:09.080	0.78423	0.78504			6
2026.03.18	00:45:09.381	0.78424	0.78502			6
2026.03.18	00:45:09.681	0.78425	0.78501			6
2026.03.18	00:45:20.008	0.78426	0.78500			6
2026.03.18	00:45:32.644	0.78425				2
2026.03.18	00:45:32.946		0.78502			4
2026.03.18	00:45:39.040	0.78424	0.78503			6
2026.03.18	00:46:03.010	0.78425	0.78502			6
2026.03.18	00:46:03.316	0.78429	0.78498			6
2026.03.18	00:46:16.855	0.78426				2
2026.03.18	00:46:23.614	0.78425	0.78499			6
2026.03.18	00:46:24.201	0.78424				2
2026.03.18	00:46:24.501		0.78500			4
2026.03.18	00:46:27.355	0.78423				2
2026.03.18	00:46:27.655		0.78501			4
2026.03.18	00:46:28.354		0.78502			4
2026.03.18	00:46:30.639		0.78503			4
2026.03.18	00:46:33.514		0.78504			4
2026.03.18	00:46:46.822		0.78503			4
2026.03.18	00:46:54.418		0.78504			4
2026.03.18	00:47:03.027	0.78423	0.78514			6
2026.03.18	00:47:03.328	0.78417	0.78510			6
2026.03.18	00:47:06.332	0.78423	0.78504			6
2026.03.18	00:47:06.992	0.78426				2
2026.03.18	00:47:12.076	0.78427	0.78503			6
2026.03.18	00:47:12.377	0.78429	0.78500			6
2026.03.18	00:47:13.319	0.78431	0.78499			6
2026.03.18	00:47:39.053	0.78430				2
2026.03.18	00:47:39.359	0.78429	0.78501			6
2026.03.18	00:47:40.555	0.78428	0.78502			6
2026.03.18	00:47:42.666	0.78426				2
2026.03.18	00:47:42.968		0.78503			4
2026.03.18	00:47:49.008	0.78425	0.78505			6
2026.03.18	00:47:53.276	0.78426	0.78504			6
2026.03.18	00:47:54.243	0.78427	0.78503			6
2026.03.18	00:47:55.255	0.78426	0.78504			6
2026.03.18	00:48:06.896	0.78426				2
2026.03.18	00:48:07.196		0.78503			4
2026.03.18	00:48:17.655		0.78504			4
2026.03.18	00:48:47.270	0.78423				2
2026.03.18	00:48:51.108	0.78429	0.78503			6
2026.03.18	00:49:04.165	0.78429				2
2026.03.18	00:49:04.466		0.78502			4
2026.03.18	00:49:05.964	0.78433	0.78503			6
2026.03.18	00:49:06.572		0.78501			4
2026.03.18	00:49:14.509	0.78432				2
2026.03.18	00:49:18.075		0.78502			4
2026.03.18	00:49:18.580		0.78500			4
2026.03.18	00:49:19.881		0.78501			4
2026.03.18	00:49:20.181		0.78498			4
2026.03.18	00:49:22.347	0.78429				2
2026.03.18	00:49:23.101		0.78497			4
2026.03.18	00:49:23.403		0.78498			4
2026.03.18	00:49:24.858		0.78499			4
2026.03.18	00:49:25.159		0.78500			4
2026.03.18	00:49:25.607		0.78501			4
2026.03.18	00:49:40.456		0.78502			4
2026.03.18	00:49:41.545		0.78501			4
2026.03.18	00:50:01.437	0.78429	0.78502			6
2026.03.18	00:50:15.571		0.78503			4
2026.03.18	00:50:33.555		0.78504			4
2026.03.18	00:50:48.857		0.78503			4
2026.03.18	00:50:50.689		0.78502			4
2026.03.18	00:51:00.702	0.78429				2
2026.03.18	00:51:02.078		0.78501			4
2026.03.18	00:51:02.380		0.78499			4
2026.03.18	00:51:02.680		0.78498			4
2026.03.18	00:51:04.076	0.78430				2
2026.03.18	00:51:06.415		0.78499			4
2026.03.18	00:51:08.861		0.78501			4
2026.03.18	00:51:44.098	0.78429				2
2026.03.18	00:52:01.755	0.78429				2
2026.03.18	00:52:02.480	0.78421				2
2026.03.18	00:52:02.845		0.78500			4
2026.03.18	00:52:03.481	0.78418	0.78501			6
2026.03.18	00:52:04.377		0.78500			4
2026.03.18	00:52:04.677		0.78499			4
2026.03.18	00:52:05.263		0.78500			4
2026.03.18	00:52:06.263		0.78501			4
2026.03.18	00:52:06.581		0.78502			4
2026.03.18	00:52:09.166		0.78500			4
2026.03.18	00:52:10.154		0.78502			4
2026.03.18	00:52:19.077	0.78419				2
2026.03.18	00:52:21.818		0.78501			4
2026.03.18	00:52:22.120		0.78500			4
2026.03.18	00:52:23.783	0.78417	0.78499			6
2026.03.18	00:52:24.790		0.78501			4
2026.03.18	00:52:25.090		0.78498			4
2026.03.18	00:52:25.691	0.78427	0.78499			6
2026.03.18	00:52:25.991	0.78417				2
2026.03.18	00:52:26.790	0.78430				2
2026.03.18	00:52:27.094	0.78417				2
2026.03.18	00:52:29.197	0.78429	0.78500			6
2026.03.18	00:52:29.496	0.78417				2
2026.03.18	00:52:32.833	0.78422				2
2026.03.18	00:52:33.874	0.78417				2
2026.03.18	00:52:37.673		0.78499			4
2026.03.18	00:52:38.273		0.78500			4
2026.03.18	00:52:44.366		0.78499			4
2026.03.18	00:52:45.395		0.78500			4
2026.03.18	00:52:46.075		0.78498			4
2026.03.18	00:52:46.376		0.78496			4
2026.03.18	00:52:47.473		0.78497			4
2026.03.18	00:52:49.465		0.78496			4
2026.03.18	00:52:49.766		0.78495			4
2026.03.18	00:52:50.592		0.78496			4
2026.03.18	00:52:51.637		0.78497			4
2026.03.18	00:52:52.674	0.78428				2
2026.03.18	00:52:52.975	0.78417				2
2026.03.18	00:52:55.193	0.78428				2
2026.03.18	00:52:55.494	0.78417				2
2026.03.18	00:53:00.214	0.78417				2
2026.03.18	00:53:04.176	0.78428				2
2026.03.18	00:53:04.476	0.78417	0.78498			6
2026.03.18	00:53:06.524	0.78412	0.78493			6
2026.03.18	00:53:06.824		0.78495			4
2026.03.18	00:53:07.537		0.78496			4
2026.03.18	00:53:09.836		0.78495			4
2026.03.18	00:53:19.017		0.78494			4
2026.03.18	00:53:21.053		0.78495			4
2026.03.18	00:53:23.490		0.78493			4
2026.03.18	00:53:26.194		0.78494			4
2026.03.18	00:53:29.254		0.78495			4
2026.03.18	00:53:32.318		0.78494			4
2026.03.18	00:53:37.319		0.78493			4
2026.03.18	00:53:38.145	0.78407	0.78487			6
2026.03.18	00:53:38.447		0.78489			4
2026.03.18	00:53:38.749		0.78486			4
2026.03.18	00:53:39.493	0.78408	0.78487			6
2026.03.18	00:53:39.794		0.78488			4
2026.03.18	00:53:40.094		0.78486			4
2026.03.18	00:53:40.394		0.78487			4
2026.03.18	00:53:41.534		0.78488			4
2026.03.18	00:53:41.846		0.78489			4
2026.03.18	00:53:42.552	0.78407	0.78488			6
2026.03.18	00:53:44.593	0.78408				2
2026.03.18	00:53:48.416	0.78407				2
2026.03.18	00:53:53.775	0.78408				2
2026.03.18	00:54:00.195	0.78408				2
2026.03.18	00:54:00.494		0.78487			4
2026.03.18	00:54:02.161	0.78409	0.78480			6
2026.03.18	00:54:02.457		0.78479			4
2026.03.18	00:54:02.763		0.78481			4
2026.03.18	00:54:03.358		0.78479			4
2026.03.18	00:54:03.975		0.78480			4
2026.03.18	00:54:04.276		0.78481			4
2026.03.18	00:54:04.996	0.78410				2
2026.03.18	00:54:06.018	0.78408				2
2026.03.18	00:54:07.033		0.78480			4
2026.03.18	00:54:07.903	0.78439	0.78487			6
2026.03.18	00:54:10.394	0.78456	0.78522			6
2026.03.18	00:54:10.694	0.78457	0.78541			6
2026.03.18	00:54:10.995	0.78456	0.78542			6
2026.03.18	00:54:12.018	0.78457	0.78531			6
2026.03.18	00:54:16.550	0.78456	0.78534			6
2026.03.18	00:54:17.152	0.78457	0.78531			6
2026.03.18	00:54:22.408		0.78530			4
2026.03.18	00:54:22.708		0.78532			4
2026.03.18	00:54:24.135	0.78456	0.78536			6
2026.03.18	00:54:24.435	0.78458	0.78534			6
2026.03.18	00:54:24.739		0.78533			4
2026.03.18	00:54:38.750	0.78456	0.78531			6
2026.03.18	00:54:44.791		0.78532			4
2026.03.18	00:54:46.080	0.78454				2
2026.03.18	00:54:46.380		0.78537			4
2026.03.18	00:54:46.680		0.78534			4
2026.03.18	00:54:56.876	0.78455	0.78529			6
2026.03.18	00:55:00.174	0.78455				2
2026.03.18	00:55:00.474	0.78456	0.78528			6
2026.03.18	00:55:09.229	0.78447	0.78537			6
2026.03.18	00:55:09.529	0.78456	0.78528			6
2026.03.18	00:55:14.931	0.78455	0.78529			6
2026.03.18	00:55:15.217	0.78452	0.78532			6
2026.03.18	00:55:19.419	0.78453	0.78531			6
2026.03.18	00:55:24.233	0.78455	0.78529			6
2026.03.18	00:55:24.533	0.78454	0.78535			6
2026.03.18	00:55:28.148	0.78452	0.78529			6
2026.03.18	00:55:32.663	0.78453	0.78528			6
2026.03.18	00:55:38.388	0.78456	0.78533			6
2026.03.18	00:55:39.588	0.78453	0.78531			6
2026.03.18	00:55:40.497	0.78454	0.78530			6
2026.03.18	00:55:40.799	0.78453	0.78531			6
2026.03.18	00:55:49.519	0.78456	0.78533			6
2026.03.18	00:55:49.819	0.78453	0.78528			6
2026.03.18	00:55:50.420	0.78454	0.78527			6
2026.03.18	00:55:57.048	0.78453	0.78528			6
2026.03.18	00:56:00.064	0.78456	0.78530			6
2026.03.18	00:56:00.665	0.78453	0.78533			6
2026.03.18	00:56:01.266		0.78534			4
2026.03.18	00:56:01.566		0.78533			4
2026.03.18	00:56:02.167	0.78454				2
2026.03.18	00:56:04.276	0.78453	0.78534			6
2026.03.18	00:56:08.486		0.78533			4
2026.03.18	00:56:12.396		0.78534			4
2026.03.18	00:56:12.696	0.78455	0.78531			6
2026.03.18	00:56:12.996	0.78456	0.78533			6
2026.03.18	00:56:13.297	0.78453	0.78529			6
2026.03.18	00:56:18.716		0.78528			4
2026.03.18	00:56:23.523	0.78451	0.78530			6
2026.03.18	00:56:28.953	0.78455	0.78538			6
2026.03.18	00:56:30.155	0.78452	0.78541			6
2026.03.18	00:56:38.278		0.78532			4
2026.03.18	00:56:39.783	0.78454	0.78528			6
2026.03.18	00:56:48.497	0.78451	0.78531			6
2026.03.18	00:56:53.917	0.78452	0.78530			6
2026.03.18	00:56:54.520	0.78450	0.78532			6
2026.03.18	00:56:54.818		0.78528			4
2026.03.18	00:56:58.723	0.78453	0.78525			6
2026.03.18	00:56:59.023		0.78528			4
2026.03.18	00:57:00.227	0.78453				2
2026.03.18	00:57:04.449	0.78454	0.78527			6
2026.03.18	00:57:10.165	0.78453				2
2026.03.18	00:57:17.086		0.78535			4
2026.03.18	00:57:17.386		0.78529			4
2026.03.18	00:57:18.592	0.78450	0.78530			6
2026.03.18	00:57:21.596	0.78451	0.78528			6
2026.03.18	00:57:28.814	0.78453	0.78527			6
2026.03.18	00:57:29.113	0.78450	0.78529			6
2026.03.18	00:57:39.334	0.78453	0.78533			6
2026.03.18	00:57:44.154		0.78526			4
2026.03.18	00:57:50.173	0.78450	0.78529			6
2026.03.18	00:57:51.679		0.78527			4
2026.03.18	00:57:54.083	0.78451	0.78534			6
2026.03.18	00:57:54.983	0.78449	0.78536			6
2026.03.18	00:57:58.896	0.78451	0.78533			6
2026.03.18	00:57:59.195		0.78528			4
2026.03.18	00:58:00.097	0.78451				2
2026.03.18	00:58:04.605		0.78527			4
2026.03.18	00:58:09.413	0.78450	0.78533			6
2026.03.18	00:58:09.713		0.78535			4
2026.03.18	00:58:10.617		0.78533			4
2026.03.18	00:58:11.522	0.78451	0.78532			6
2026.03.18	00:58:13.922		0.78528			4
2026.03.18	00:58:15.428	0.78454	0.78529			6
2026.03.18	00:58:16.333	0.78453	0.78526			6
2026.03.18	00:58:17.230	0.78451	0.78528			6
2026.03.18	00:58:21.450	0.78453	0.78526			6
2026.03.18	00:58:22.652	0.78451	0.78532			6
2026.03.18	00:58:22.953		0.78528			4
2026.03.18	00:58:24.161	0.78453	0.78531			6
2026.03.18	00:58:25.361	0.78449	0.78535			6
2026.03.18	00:58:28.974	0.78446	0.78537			6
2026.03.18	00:58:29.275		0.78533			4
2026.03.18	00:58:39.500	0.78449	0.78534			6
2026.03.18	00:58:40.403		0.78538			4
2026.03.18	00:58:41.605		0.78534			4
2026.03.18	00:58:44.016	0.78446	0.78538			6
2026.03.18	00:58:49.432		0.78533			4
2026.03.18	00:58:54.257	0.78449	0.78538			6
2026.03.18	00:58:55.155	0.78446	0.78541			6
2026.03.18	00:58:55.457		0.78531			4
2026.03.18	00:58:57.264	0.78439	0.78572			6
2026.03.18	00:58:57.864		0.78574			4
2026.03.18	00:58:58.466		0.78573			4
2026.03.18	00:59:00.271	0.78438	0.78569			6
2026.03.18	00:59:39.372	0.78442				2
2026.03.18	00:59:53.519		0.78568			4
2026.03.18	00:59:55.019	0.78441				2
2026.03.18	00:59:55.320		0.78567			4
2026.03.18	00:59:57.123	0.78440	0.78566			6
2026.03.18	00:59:57.423		0.78569			4
2026.03.18	00:59:58.324		0.78577			4
2026.03.18	00:59:58.923		0.78576			4
2026.03.18	00:59:59.229		0.78574			4
2026.03.18	00:59:59.528		0.78573			4
2026.03.18	01:00:00.133	0.78440	0.78583			6
2026.03.18	01:00:00.433		0.78563			4
2026.03.18	01:00:00.738		0.78564			4
2026.03.18	01:00:01.031	0.78443	0.78559			6
2026.03.18	01:00:01.332	0.78440	0.78564			6
2026.03.18	01:00:01.632	0.78436	0.78560			6
2026.03.18	01:00:01.937	0.78437	0.78559			6
2026.03.18	01:00:02.237		0.78556			4
2026.03.18	01:00:02.539	0.78436				2
2026.03.18	01:00:02.832		0.78557			4
2026.03.18	01:00:03.138	0.78437	0.78546			6
2026.03.18	01:00:03.440	0.78436	0.78547			6
2026.03.18	01:00:03.741	0.78423	0.78566			6
2026.03.18	01:00:04.039	0.78420	0.78561			6
2026.03.18	01:00:04.338		0.78567			4
2026.03.18	01:00:05.541	0.78416	0.78569			6
2026.03.18	01:00:05.843	0.78417	0.78563			6
2026.03.18	01:00:07.046	0.78416				2
2026.03.18	01:00:07.351	0.78433	0.78539			6
2026.03.18	01:00:07.652		0.78538			4
2026.03.18	01:00:08.252	0.78434				2
2026.03.18	01:00:10.357	0.78433	0.78539			6
2026.03.18	01:00:10.658	0.78432				2
2026.03.18	01:00:11.857	0.78433				2
2026.03.18	01:00:12.460	0.78432	0.78543			6
2026.03.18	01:00:16.065	0.78435	0.78540			6
2026.03.18	01:00:16.362	0.78436	0.78539			6
2026.03.18	01:00:16.666	0.78435	0.78540			6
2026.03.18	01:00:16.968	0.78433	0.78542			6
2026.03.18	01:00:20.571	0.78432	0.78543			6
2026.03.18	01:00:20.873	0.78433	0.78542			6
2026.03.18	01:00:21.775		0.78536			4
2026.03.18	01:00:22.977	0.78434				2
2026.03.18	01:00:24.480		0.78539			4
2026.03.18	01:00:25.984		0.78540			4
2026.03.18	01:00:28.091		0.78539			4
2026.03.18	01:00:29.288		0.78536			4
2026.03.18	01:00:30.188		0.78540			4
2026.03.18	01:00:32.892		0.78539			4
2026.03.18	01:00:39.202	0.78435				2
2026.03.18	01:00:41.910	0.78434				2
2026.03.18	01:00:42.809	0.78435				2
2026.03.18	01:00:43.112		0.78537			4
2026.03.18	01:00:44.314		0.78536			4
2026.03.18	01:00:53.328		0.78537			4
2026.03.18	01:01:00.238	0.78435				2
2026.03.18	01:01:00.536	0.78437	0.78535			6
2026.03.18	01:01:01.135	0.78438	0.78534			6
2026.03.18	01:01:01.433	0.78436	0.78535			6
2026.03.18	01:01:03.236	0.78438	0.78534			6
2026.03.18	01:01:04.141	0.78450	0.78523			6
2026.03.18	01:01:08.648	0.78455	0.78528			6
2026.03.18	01:01:08.948	0.78462	0.78529			6
2026.03.18	01:01:09.550	0.78459	0.78538			6
2026.03.18	01:01:09.851	0.78448				2
2026.03.18	01:01:14.371	0.78462	0.78529			6
2026.03.18	01:01:18.582	0.78460	0.78526			6
2026.03.18	01:01:28.796		0.78529			4
2026.03.18	01:01:33.603	0.78466	0.78523			6
2026.03.18	01:01:42.023		0.78522			4
2026.03.18	01:01:43.527	0.78463	0.78524			6
2026.03.18	01:01:48.337	0.78466	0.78522			6
2026.03.18	01:01:48.636	0.78470				2
2026.03.18	01:01:48.933	0.78466				2
2026.03.18	01:01:49.535	0.78469	0.78524			6
2026.03.18	01:01:50.137	0.78466	0.78522			6
2026.03.18	01:01:50.735	0.78469				2
2026.03.18	01:01:51.038	0.78467				2
2026.03.18	01:01:51.337	0.78469				2
2026.03.18	01:01:51.638		0.78521			4
2026.03.18	01:01:51.938	0.78467	0.78522			6
2026.03.18	01:01:52.239	0.78463	0.78518			6
2026.03.18	01:01:52.538	0.78467	0.78521			6
2026.03.18	01:01:53.143	0.78466				2
2026.03.18	01:01:53.440	0.78469				2
2026.03.18	01:01:53.744	0.78467				2
2026.03.18	01:01:54.042	0.78469	0.78520			6
2026.03.18	01:01:54.343	0.78467	0.78521			6
2026.03.18	01:01:54.642	0.78469	0.78519			6
2026.03.18	01:01:54.946	0.78467	0.78521			6
2026.03.18	01:01:55.247	0.78469	0.78519			6
2026.03.18	01:01:55.546	0.78460	0.78514			6
2026.03.18	01:01:56.154		0.78517			4
2026.03.18	01:01:56.452		0.78518			4
2026.03.18	01:01:56.756		0.78515			4
2026.03.18	01:01:59.454	0.78459				2
2026.03.18	01:02:00.056	0.78460				2
2026.03.18	01:02:00.358	0.78459				2
2026.03.18	01:02:00.656	0.78460	0.78516			6
2026.03.18	01:02:00.959	0.78461				2
2026.03.18	01:02:02.164	0.78460	0.78515			6
2026.03.18	01:02:03.661	0.78461				2
2026.03.18	01:02:04.260	0.78460				2
2026.03.18	01:02:04.861	0.78461				2
2026.03.18	01:02:05.462	0.78460				2
2026.03.18	01:02:07.866	0.78461	0.78516			6
2026.03.18	01:02:08.166	0.78460				2
2026.03.18	01:02:08.773	0.78461				2
2026.03.18	01:02:09.066	0.78460				2
2026.03.18	01:02:09.367	0.78461				2
2026.03.18	01:02:12.069	0.78462	0.78517			6
2026.03.18	01:02:12.369	0.78461				2
2026.03.18	01:02:12.670		0.78516			4
2026.03.18	01:02:12.970	0.78460				2
2026.03.18	01:02:13.270	0.78461	0.78519			6
2026.03.18	01:02:13.570	0.78460				2
2026.03.18	01:02:13.874		0.78525			4
2026.03.18	01:02:14.173	0.78461				2
2026.03.18	01:02:15.978	0.78460				2
2026.03.18	01:02:16.278	0.78461				2
2026.03.18	01:02:16.578		0.78526			4
2026.03.18	01:02:16.874	0.78460	0.78525			6
2026.03.18	01:02:17.175	0.78461	0.78526			6
2026.03.18	01:02:17.474		0.78525			4
2026.03.18	01:02:18.374	0.78467	0.78520			6
2026.03.18	01:02:18.674	0.78462	0.78523			6
2026.03.18	01:02:18.975	0.78466	0.78522			6
2026.03.18	01:02:19.580	0.78462	0.78523			6
2026.03.18	01:02:20.181	0.78467	0.78522			6
2026.03.18	01:02:20.480	0.78462	0.78523			6
2026.03.18	01:02:20.781	0.78466	0.78522			6
2026.03.18	01:02:21.083	0.78467	0.78521			6
2026.03.18	01:02:21.387	0.78462	0.78523			6
2026.03.18	01:02:21.684	0.78466	0.78521			6
2026.03.18	01:02:22.891	0.78463	0.78522			6
2026.03.18	01:02:23.187	0.78466	0.78521			6
2026.03.18	01:02:23.793	0.78468	0.78522			6
2026.03.18	01:02:24.090	0.78466				2
2026.03.18	01:02:24.396	0.78468				2
2026.03.18	01:02:24.692	0.78466				2
2026.03.18	01:02:24.994	0.78468				2
2026.03.18	01:02:25.295	0.78466				2
2026.03.18	01:02:25.898	0.78467	0.78521			6
2026.03.18	01:02:26.202		0.78522			4
2026.03.18	01:02:26.797	0.78464				2
2026.03.18	01:02:27.095	0.78467	0.78521			6
2026.03.18	01:02:27.398	0.78464	0.78522			6
2026.03.18	01:02:27.695	0.78467	0.78521			6
2026.03.18	01:02:27.994	0.78464	0.78522			6
2026.03.18	01:02:28.296	0.78467	0.78521			6
2026.03.18	01:02:28.894	0.78466	0.78523			6
2026.03.18	01:02:29.195	0.78464	0.78525			6
2026.03.18	01:02:30.396	0.78466	0.78523			6
2026.03.18	01:02:30.698	0.78464	0.78525			6
2026.03.18	01:02:30.996	0.78466	0.78523			6
2026.03.18	01:02:31.300	0.78462				2
2026.03.18	01:02:31.598	0.78465	0.78524			6
2026.03.18	01:02:32.798	0.78464	0.78526			6
2026.03.18	01:02:33.402	0.78465	0.78524			6
2026.03.18	01:02:33.699	0.78464	0.78526			6
2026.03.18	01:02:34.002	0.78465	0.78524			6
2026.03.18	01:02:34.301	0.78464	0.78526			6
2026.03.18	01:02:36.405	0.78462	0.78523			6
2026.03.18	01:02:36.706	0.78464	0.78525			6
2026.03.18	01:02:37.006	0.78466				2
2026.03.18	01:02:37.608	0.78464				2
2026.03.18	01:02:38.212	0.78466				2
2026.03.18	01:02:38.509		0.78523			4
2026.03.18	01:02:38.806	0.78463	0.78525			6
2026.03.18	01:02:39.111	0.78465	0.78528			6
2026.03.18	01:02:39.410	0.78463	0.78526			6
2026.03.18	01:02:42.709	0.78464	0.78527			6
2026.03.18	01:02:44.816		0.78526			4
2026.03.18	01:02:45.116	0.78461	0.78533			6
2026.03.18	01:02:45.411	0.78463	0.78526			6
2026.03.18	01:02:46.016	0.78461	0.78533			6
2026.03.18	01:02:46.614	0.78463	0.78526			6
2026.03.18	01:02:48.421	0.78460	0.78525			6
2026.03.18	01:02:49.925	0.78461				2
2026.03.18	01:02:58.636	0.78460				2
2026.03.18	01:03:00.145	0.78460				2
2026.03.18	01:03:03.441	0.78464				2
2026.03.18	01:03:04.343	0.78462				2
2026.03.18	01:03:09.155		0.78524			4
2026.03.18	01:03:13.656	0.78461				2
2026.03.18	01:03:16.063		0.78523			4
2026.03.18	01:03:29.294	0.78462	0.78517			6
2026.03.18	01:03:33.501	0.78464	0.78516			6
2026.03.18	01:03:39.504	0.78465	0.78523			6
2026.03.18	01:03:40.706		0.78522			4
2026.03.18	01:03:41.908	0.78464				2
2026.03.18	01:03:43.708	0.78462				2
2026.03.18	01:03:44.010	0.78463				2
2026.03.18	01:03:44.313	0.78462				2
2026.03.18	01:03:47.013		0.78519			4
2026.03.18	01:03:47.309		0.78518			4
2026.03.18	01:03:49.418	0.78463				2
2026.03.18	01:03:58.738	0.78462	0.78519			6
2026.03.18	01:04:00.239	0.78462				2
2026.03.18	01:04:02.644	0.78461				2
2026.03.18	01:04:03.548	0.78464	0.78517			6
2026.03.18	01:04:03.845	0.78463				2
2026.03.18	01:04:04.748	0.78464				2
2026.03.18	01:04:07.753		0.78514			4
2026.03.18	01:04:12.868	0.78466				2
2026.03.18	01:04:13.172	0.78463	0.78516			6
2026.03.18	01:04:13.470	0.78466	0.78515			6
2026.03.18	01:04:13.767	0.78464				2
2026.03.18	01:04:14.069	0.78461	0.78514			6
2026.03.18	01:04:14.372		0.78517			4
2026.03.18	01:04:14.670	0.78464	0.78514			6
2026.03.18	01:04:15.274	0.78462				2
2026.03.18	01:04:16.480	0.78464				2
2026.03.18	01:04:16.783		0.78512			4
2026.03.18	01:04:17.078	0.78462	0.78514			6
2026.03.18	01:04:17.388	0.78464	0.78512			6
2026.03.18	01:04:17.684	0.78462	0.78511			6
2026.03.18	01:04:17.986	0.78464	0.78512			6
2026.03.18	01:04:18.284	0.78462				2
2026.03.18	01:04:18.587	0.78464	0.78511			6
2026.03.18	01:04:19.188	0.78457	0.78510			6
2026.03.18	01:04:20.990	0.78458				2
2026.03.18	01:04:22.491	0.78456	0.78509			6
2026.03.18	01:04:29.104	0.78459	0.78517			6
2026.03.18	01:04:39.623	0.78462				2
2026.03.18	01:04:46.552	0.78459				2
2026.03.18	01:04:46.852	0.78464				2
2026.03.18	01:04:47.155	0.78462				2
2026.03.18	01:04:47.457		0.78516			4
2026.03.18	01:04:47.759	0.78465				2
2026.03.18	01:04:48.060	0.78462				2
2026.03.18	01:04:48.662	0.78465				2
2026.03.18	01:04:48.963	0.78462				2
2026.03.18	01:04:51.372	0.78458				2
2026.03.18	01:04:54.372		0.78515			4
2026.03.18	01:04:57.388	0.78457				2
2026.03.18	01:04:57.688	0.78456	0.78517			6
2026.03.18	01:05:00.096	0.78456	0.78514			6
2026.03.18	01:05:00.396		0.78517			4
2026.03.18	01:05:02.802	0.78460	0.78520			6
2026.03.18	01:05:03.101	0.78457	0.78517			6
2026.03.18	01:05:03.401	0.78461	0.78514			6
2026.03.18	01:05:03.697		0.78512			4
2026.03.18	01:05:04.299		0.78508			4
2026.03.18	01:05:10.616	0.78460	0.78510			6
2026.03.18	01:05:11.215		0.78508			4
2026.03.18	01:05:11.511	0.78455	0.78516			6
2026.03.18	01:05:11.809	0.78456				2
2026.03.18	01:05:13.614	0.78454	0.78517			6
2026.03.18	01:05:22.927		0.78513			4
2026.03.18	01:05:24.729		0.78504			4
2026.03.18	01:05:25.631		0.78506			4
2026.03.18	01:05:26.529		0.78509			4
2026.03.18	01:05:31.335	0.78455				2
2026.03.18	01:05:35.844		0.78507			4
2026.03.18	01:05:36.742		0.78509			4
2026.03.18	01:05:37.042		0.78510			4
2026.03.18	01:05:37.348	0.78454	0.78508			6
2026.03.18	01:05:37.645		0.78514			4
2026.03.18	01:05:37.944		0.78515			4
2026.03.18	01:05:44.860	0.78455	0.78514			6
2026.03.18	01:05:48.173		0.78515			4
2026.03.18	01:05:52.982	0.78456	0.78514			6
2026.03.18	01:06:00.207	0.78456				2
2026.03.18	01:06:03.501	0.78457				2
2026.03.18	01:06:03.806		0.78515			4
2026.03.18	01:06:06.810		0.78516			4
2026.03.18	01:06:07.412	0.78464				2
2026.03.18	01:06:07.709		0.78517			4
2026.03.18	01:06:11.313		0.78516			4
2026.03.18	01:06:11.614	0.78463				2
2026.03.18	01:06:15.824	0.78464				2
2026.03.18	01:06:21.832	0.78463				2
2026.03.18	01:06:26.933		0.78517			4
2026.03.18	01:06:38.062		0.78516			4
2026.03.18	01:06:40.465		0.78517			4
2026.03.18	01:06:40.766	0.78464	0.78513			6
2026.03.18	01:06:41.366	0.78470				2
2026.03.18	01:06:41.667		0.78512			4
2026.03.18	01:06:51.895	0.78467	0.78514			6
2026.03.18	01:06:56.702	0.78469	0.78511			6
2026.03.18	01:07:00.014	0.78469				2
2026.03.18	01:07:00.616	0.78476	0.78520			6
2026.03.18	01:07:00.920	0.78478	0.78523			6
2026.03.18	01:07:01.217		0.78519			4
2026.03.18	01:07:01.522	0.78476	0.78523			6
2026.03.18	01:07:01.817	0.78477	0.78519			6
2026.03.18	01:07:02.125	0.78476	0.78523			6
2026.03.18	01:07:02.419	0.78477	0.78519			6
2026.03.18	01:07:03.019	0.78474	0.78520			6
2026.03.18	01:07:03.319		0.78517			4
2026.03.18	01:07:03.622		0.78516			4
2026.03.18	01:07:03.921	0.78472	0.78518			6
2026.03.18	01:07:04.223	0.78475	0.78516			6
2026.03.18	01:07:04.527	0.78471	0.78518			6
2026.03.18	01:07:08.740		0.78509			4
2026.03.18	01:07:09.345	0.78473	0.78507			6
2026.03.18	01:07:12.655		0.78518			4
2026.03.18	01:07:12.956		0.78517			4
2026.03.18	01:07:13.258	0.78470	0.78513			6
2026.03.18	01:07:13.855		0.78512			4
2026.03.18	01:07:20.476	0.78473				2
2026.03.18	01:07:30.411		0.78513			4
2026.03.18	01:07:32.224		0.78512			4
2026.03.18	01:07:37.033	0.78471				2
2026.03.18	01:07:44.546		0.78511			4
2026.03.18	01:07:46.950		0.78509			4
2026.03.18	01:07:48.156		0.78510			4
2026.03.18	01:07:51.463	0.78472				2
2026.03.18	01:08:00.196	0.78472				2
2026.03.18	01:08:01.998		0.78509			4
2026.03.18	01:08:08.309	0.78473				2
2026.03.18	01:08:12.208		0.78510			4
2026.03.18	01:08:17.017		0.78509			4
2026.03.18	01:08:25.738	0.78474				2
2026.03.18	01:08:26.646		0.78508			4
2026.03.18	01:08:27.541	0.78473	0.78509			6
2026.03.18	01:08:40.767	0.78474				2
2026.03.18	01:08:52.193	0.78470	0.78511			6
2026.03.18	01:08:52.495	0.78460	0.78514			6
2026.03.18	01:08:52.790	0.78458	0.78513			6
2026.03.18	01:08:53.692	0.78467				2
2026.03.18	01:08:58.199	0.78466				2
2026.03.18	01:09:00.006	0.78468				2
2026.03.18	01:09:02.415	0.78469	0.78517			6
2026.03.18	01:09:02.716	0.78465	0.78504			6
2026.03.18	01:09:03.015		0.78508			4
2026.03.18	01:09:08.731	0.78467				2
2026.03.18	01:09:09.331		0.78507			4
2026.03.18	01:09:19.566		0.78506			4
2026.03.18	01:09:21.071	0.78474	0.78512			6
2026.03.18	01:09:22.272	0.78473	0.78513			6
2026.03.18	01:09:30.998	0.78472				2
2026.03.18	01:09:32.502		0.78512			4
2026.03.18	01:09:35.803	0.78474				2
2026.03.18	01:09:36.105	0.78468	0.78507			6
2026.03.18	01:09:39.418	0.78467				2
2026.03.18	01:09:40.316	0.78463	0.78509			6
2026.03.18	01:09:40.617	0.78460	0.78507			6
2026.03.18	01:09:43.629		0.78506			4
2026.03.18	01:09:49.349	0.78461				2
2026.03.18	01:09:54.467	0.78460	0.78507			6
2026.03.18	01:10:00.185	0.78461	0.78506			6
2026.03.18	01:10:01.981	0.78460	0.78507			6
2026.03.18	01:10:07.091		0.78506			4
2026.03.18	01:10:08.598	0.78461				2
2026.03.18	01:10:08.895		0.78505			4
2026.03.18	01:10:10.096	0.78463	0.78502			6
2026.03.18	01:10:18.809	0.78465				2
2026.03.18	01:10:47.069	0.78461	0.78496			6
2026.03.18	01:10:47.371	0.78460	0.78492			6
2026.03.18	01:10:47.670		0.78487			4
2026.03.18	01:11:00.299	0.78460				2
2026.03.18	01:11:21.932	0.78461				2
2026.03.18	01:11:47.801		0.78486			4
2026.03.18	01:12:00.119	0.78461				2
2026.03.18	01:12:23.880	0.78470				2
2026.03.18	01:12:44.604	0.78471				2
2026.03.18	01:12:47.912		0.78487			4
2026.03.18	01:12:53.026	0.78470				2
2026.03.18	01:12:53.927	0.78464				2
2026.03.18	01:13:00.247	0.78464				2
2026.03.18	01:13:29.094	0.78462	0.78485			6
2026.03.18	01:13:29.392	0.78461	0.78480			6
2026.03.18	01:13:30.896	0.78462				2
2026.03.18	01:13:32.094	0.78461	0.78476			6
2026.03.18	01:13:32.398	0.78460				2
2026.03.18	01:13:32.997	0.78462				2
2026.03.18	01:13:37.500	0.78463				2
2026.03.18	01:13:40.205	0.78462				2
2026.03.18	01:13:40.506		0.78479			4
2026.03.18	01:13:41.108	0.78464	0.78482			6
2026.03.18	01:13:46.820	0.78462				2
2026.03.18	01:13:47.115	0.78463				2
2026.03.18	01:13:47.718	0.78466				2
2026.03.18	01:13:48.920	0.78464	0.78487			6
2026.03.18	01:13:49.521	0.78465				2
2026.03.18	01:13:50.425		0.78489			4
2026.03.18	01:13:54.931		0.78488			4
2026.03.18	01:14:00.041	0.78465				2
2026.03.18	01:14:00.338		0.78486			4
2026.03.18	01:14:03.341		0.78488			4
2026.03.18	01:14:04.249		0.78487			4
2026.03.18	01:14:06.652		0.78488			4
2026.03.18	01:14:08.454	0.78463	0.78485			6
2026.03.18	01:14:08.755	0.78462	0.78487			6
2026.03.18	01:14:13.266		0.78488			4
2026.03.18	01:14:27.986		0.78487			4
2026.03.18	01:14:28.288		0.78488			4
2026.03.18	01:14:30.091		0.78485			4
2026.03.18	01:14:36.407	0.78463				2
2026.03.18	01:14:39.410	0.78461				2
2026.03.18	01:14:39.712	0.78463				2
2026.03.18	01:14:53.557	0.78462				2
2026.03.18	01:15:00.165	0.78462				2
2026.03.18	01:15:06.480	0.78467	0.78488			6
2026.03.18	01:15:07.980	0.78468				2
2026.03.18	01:15:14.284	0.78465				2
2026.03.18	01:15:18.499	0.78466				2
2026.03.18	01:15:27.205	0.78465				2
2026.03.18	01:15:37.426		0.78484			4
2026.03.18	01:16:00.269	0.78465				2
2026.03.18	01:16:00.573	0.78463	0.78491			6
2026.03.18	01:16:05.085	0.78465				2
2026.03.18	01:16:13.199	0.78464				2
2026.03.18	01:16:15.304	0.78469				2
2026.03.18	01:17:00.070	0.78469				2
2026.03.18	01:17:00.371	0.78465	0.78489			6
2026.03.18	01:17:00.675	0.78464	0.78488			6
2026.03.18	01:17:01.581		0.78485			4
2026.03.18	01:17:06.095	0.78463				2
2026.03.18	01:17:09.097	0.78461				2
2026.03.18	01:17:11.500		0.78482			4
2026.03.18	01:17:25.927		0.78484			4
2026.03.18	01:17:33.741	0.78460				2
2026.03.18	01:17:34.045		0.78483			4
2026.03.18	01:17:34.345	0.78462	0.78484			6
2026.03.18	01:17:46.077		0.78485			4
2026.03.18	01:17:46.380		0.78484			4
2026.03.18	01:17:56.602		0.78485			4
2026.03.18	01:17:56.906		0.78484			4
2026.03.18	01:18:00.211	0.78462				2
2026.03.18	01:18:06.821		0.78485			4
2026.03.18	01:18:11.932		0.78484			4
2026.03.18	01:18:13.733	0.78461	0.78483			6
2026.03.18	01:18:15.545	0.78462				2
2026.03.18	01:18:16.745		0.78482			4
2026.03.18	01:18:20.356		0.78483			4
2026.03.18	01:18:20.958		0.78482			4
2026.03.18	01:18:22.767	0.78461	0.78484			6
2026.03.18	01:18:23.069		0.78485			4
2026.03.18	01:18:23.368		0.78484			4
2026.03.18	01:18:24.572	0.78462				2
2026.03.18	01:18:25.774		0.78483			4
2026.03.18	01:18:31.183	0.78461				2
2026.03.18	01:18:31.485		0.78482			4
2026.03.18	01:18:37.497	0.78458				2
2026.03.18	01:18:37.793	0.78461				2
2026.03.18	01:18:41.697	0.78460				2
2026.03.18	01:18:43.511	0.78459				2
2026.03.18	01:18:52.826		0.78483			4
2026.03.18	01:19:00.043	0.78459				2
2026.03.18	01:19:00.337		0.78482			4
2026.03.18	01:19:11.472		0.78483			4
2026.03.18	01:19:12.974		0.78482			4
2026.03.18	01:19:15.683	0.78460				2
2026.03.18	01:19:19.000	0.78462	0.78483			6
2026.03.18	01:19:21.108		0.78485			4
2026.03.18	01:19:23.207	0.78461	0.78486			6
2026.03.18	01:19:23.511		0.78485			4
2026.03.18	01:19:25.314	0.78462				2
2026.03.18	01:19:30.726	0.78461				2
2026.03.18	01:19:31.627	0.78462	0.78489			6
2026.03.18	01:19:31.928	0.78461	0.78485			6
2026.03.18	01:19:33.733	0.78462				2
2026.03.18	01:19:34.638		0.78480			4
2026.03.18	01:19:34.942		0.78486			4
2026.03.18	01:19:36.446		0.78485			4
2026.03.18	01:19:38.252	0.78461				2
2026.03.18	01:19:40.059	0.78462				2
2026.03.18	01:19:41.262	0.78461				2
2026.03.18	01:19:49.688	0.78460	0.78483			6
2026.03.18	01:19:50.289	0.78461	0.78485			6
2026.03.18	01:19:50.588	0.78460	0.78483			6
2026.03.18	01:19:54.496	0.78461	0.78485			6
2026.03.18	01:20:00.205	0.78461				2
2026.03.18	01:20:12.831		0.78486			4
2026.03.18	01:20:19.141		0.78485			4
2026.03.18	01:20:24.555	0.78462				2
2026.03.18	01:20:31.771		0.78484			4
2026.03.18	01:20:32.068		0.78485			4
2026.03.18	01:20:32.974		0.78486			4
2026.03.18	01:20:41.080		0.78484			4
2026.03.18	01:20:54.007		0.78486			4
2026.03.18	01:20:57.006		0.78484			4
2026.03.18	01:20:57.309	0.78461				2
2026.03.18	01:21:00.021	0.78461				2
2026.03.18	01:21:05.136	0.78462				2
2026.03.18	01:21:07.845	0.78463				2
2026.03.18	01:21:19.587	0.78464				2
2026.03.18	01:21:33.410		0.78485			4
2026.03.18	01:21:59.559	0.78461	0.78482			6
2026.03.18	01:22:00.165	0.78461				2
2026.03.18	01:22:04.681	0.78466	0.78488			6
2026.03.18	01:22:04.981	0.78467	0.78495			6
2026.03.18	01:22:07.089		0.78496			4
2026.03.18	01:22:08.894		0.78494			4
2026.03.18	01:22:09.190		0.78493			4
2026.03.18	01:22:10.998	0.78468				2
2026.03.18	01:22:11.297	0.78467				2
2026.03.18	01:22:23.605	0.78471	0.78496			6
2026.03.18	01:22:23.902	0.78472				2
2026.03.18	01:22:28.410	0.78475	0.78497			6
2026.03.18	01:22:32.617		0.78496			4
2026.03.18	01:22:32.917		0.78497			4
2026.03.18	01:22:33.817	0.78476	0.78503			6
2026.03.18	01:22:34.116		0.78502			4
2026.03.18	01:22:36.522	0.78479	0.78504			6
2026.03.18	01:22:36.821		0.78505			4
2026.03.18	01:22:39.225	0.78477				2
2026.03.18	01:22:40.120		0.78504			4
2026.03.18	01:22:51.838	0.78478	0.78503			6
2026.03.18	01:22:54.845		0.78505			4
2026.03.18	01:23:00.266	0.78478				2
2026.03.18	01:23:09.286	0.78479	0.78504			6
2026.03.18	01:23:09.887	0.78480				2
2026.03.18	01:23:23.419		0.78502			4
2026.03.18	01:23:24.325	0.78475	0.78500			6
2026.03.18	01:23:27.023	0.78474	0.78499			6
2026.03.18	01:23:27.323		0.78498			4
2026.03.18	01:23:42.987	0.78473	0.78496			6
2026.03.18	01:23:45.086		0.78497			4
2026.03.18	01:23:51.398		0.78498			4
2026.03.18	01:23:52.601	0.78472	0.78496			6
2026.03.18	01:24:00.107	0.78472				2
2026.03.18	01:24:00.411		0.78497			4
2026.03.18	01:24:11.836	0.78474	0.78496			6
2026.03.18	01:24:22.066	0.78471				2
2026.03.18	01:24:35.900	0.78472				2
2026.03.18	01:24:36.800		0.78497			4
2026.03.18	01:24:46.415	0.78469	0.78496			6
2026.03.18	01:24:47.018		0.78495			4
2026.03.18	01:24:54.236	0.78468	0.78494			6
2026.03.18	01:24:57.545	0.78467	0.78495			6
2026.03.18	01:24:58.148	0.78468	0.78497			6
2026.03.18	01:25:00.257	0.78468				2
2026.03.18	01:25:03.874	0.78469				2
2026.03.18	01:25:35.723	0.78470	0.78496			6
2026.03.18	01:25:45.648		0.78495			4
2026.03.18	01:25:55.867	0.78471				2
2026.03.18	01:26:00.076	0.78471				2
2026.03.18	01:26:45.779		0.78495			4
2026.03.18	01:26:55.395	0.78470	0.78497			6
2026.03.18	01:27:00.199	0.78470				2
2026.03.18	01:27:09.516		0.78499			4
2026.03.18	01:27:14.335	0.78469	0.78498			6
2026.03.18	01:27:17.044		0.78499			4
2026.03.18	01:27:17.343	0.78468	0.78496			6
2026.03.18	01:27:19.455	0.78466	0.78495			6
2026.03.18	01:27:20.356		0.78493			4
2026.03.18	01:27:43.799	0.78467				2
2026.03.18	01:27:47.406		0.78495			4
2026.03.18	01:27:58.226		0.78493			4
2026.03.18	01:28:00.025	0.78467				2
2026.03.18	01:28:04.233		0.78495			4
2026.03.18	01:28:05.435		0.78493			4
2026.03.18	01:28:07.541	0.78464	0.78490			6
2026.03.18	01:28:07.848		0.78491			4
2026.03.18	01:28:09.052		0.78493			4
2026.03.18	01:28:12.965		0.78491			4
2026.03.18	01:28:13.268		0.78493			4
2026.03.18	01:28:16.276		0.78490			4
2026.03.18	01:28:16.573		0.78494			4
2026.03.18	01:28:18.682		0.78493			4
2026.03.18	01:28:34.300		0.78492			4
2026.03.18	01:28:37.905		0.78493			4
2026.03.18	01:28:41.212	0.78465	0.78492			6
2026.03.18	01:28:51.744		0.78494			4
2026.03.18	01:28:52.048	0.78466				2
2026.03.18	01:29:00.172	0.78464				2
2026.03.18	01:29:01.379		0.78492			4
2026.03.18	01:29:02.285	0.78466	0.78494			6
2026.03.18	01:29:03.484	0.78467	0.78492			6
2026.03.18	01:29:05.288	0.78466				2
2026.03.18	01:29:06.196	0.78467				2
2026.03.18	01:29:15.211		0.78493			4
2026.03.18	01:29:17.922		0.78489			4
2026.03.18	01:29:18.524		0.78493			4
2026.03.18	01:29:19.125	0.78468	0.78492			6
2026.03.18	01:29:19.426	0.78469				2
2026.03.18	01:29:20.026	0.78468	0.78490			6
2026.03.18	01:29:20.327	0.78469	0.78492			6
2026.03.18	01:29:20.930	0.78468	0.78490			6
2026.03.18	01:29:21.528		0.78492			4
2026.03.18	01:29:21.828	0.78466	0.78494			6
2026.03.18	01:29:23.034		0.78493			4
2026.03.18	01:29:25.446		0.78492			4
2026.03.18	01:29:32.070		0.78491			4
2026.03.18	01:29:40.490	0.78467				2
2026.03.18	01:29:41.993		0.78492			4
2026.03.18	01:29:44.092		0.78495			4
2026.03.18	01:29:48.596	0.78469	0.78497			6
2026.03.18	01:29:58.815		0.78496			4
2026.03.18	01:29:59.110	0.78467	0.78495			6
2026.03.18	01:30:00.017	0.78467				2
2026.03.18	01:30:03.323	0.78475	0.78478			6
2026.03.18	01:30:05.722	0.78463	0.78491			6
2026.03.18	01:30:06.923	0.78467	0.78496			6
2026.03.18	01:30:15.345	0.78468	0.78494			6
2026.03.18	01:30:45.113		0.78498			4
2026.03.18	01:30:45.712		0.78494			4
2026.03.18	01:30:46.610		0.78498			4
2026.03.18	01:30:47.211		0.78494			4
2026.03.18	01:30:48.712		0.78498			4
2026.03.18	01:30:49.312		0.78494			4
2026.03.18	01:30:50.509		0.78492			4
2026.03.18	01:30:50.810	0.78469				2
2026.03.18	01:30:58.323	0.78467	0.78491			6
2026.03.18	01:30:58.623	0.78466	0.78490			6
2026.03.18	01:31:00.128	0.78466	0.78491			6
2026.03.18	01:31:00.429	0.78468	0.78492			6
2026.03.18	01:31:00.731	0.78467				2
2026.03.18	01:31:10.941	0.78468				2
2026.03.18	01:31:15.452	0.78471	0.78494			6
2026.03.18	01:31:46.108	0.78469	0.78493			6
2026.03.18	01:31:46.406		0.78494			4
2026.03.18	01:31:47.910		0.78493			4
2026.03.18	01:31:56.632		0.78494			4
2026.03.18	01:32:00.234	0.78469				2
2026.03.18	01:32:00.540	0.78475	0.78497			6
2026.03.18	01:32:17.087		0.78498			4
2026.03.18	01:32:17.982	0.78476				2
2026.03.18	01:32:21.895		0.78497			4
2026.03.18	01:32:32.405		0.78498			4
2026.03.18	01:32:35.712		0.78499			4
2026.03.18	01:32:40.822	0.78475				2
2026.03.18	01:32:47.143		0.78500			4
2026.03.18	01:32:50.453		0.78499			4
2026.03.18	01:33:00.074	0.78475				2
2026.03.18	01:33:13.600		0.78497			4
2026.03.18	01:33:22.022		0.78499			4
2026.03.18	01:33:31.942	0.78474				2
2026.03.18	01:33:34.948		0.78497			4
2026.03.18	01:33:35.847		0.78499			4
2026.03.18	01:33:38.554		0.78497			4
2026.03.18	01:33:38.853		0.78499			4
2026.03.18	01:33:48.772	0.78476				2
2026.03.18	01:33:49.066	0.78475				2
2026.03.18	01:33:58.985	0.78476				2
2026.03.18	01:34:00.188	0.78476				2
2026.03.18	01:34:01.092		0.78505			4
2026.03.18	01:34:01.388		0.78504			4
2026.03.18	01:34:01.690		0.78505			4
2026.03.18	01:34:08.011		0.78504			4
2026.03.18	01:34:10.117	0.78475	0.78502			6
2026.03.18	01:34:11.017		0.78503			4
2026.03.18	01:34:31.173		0.78502			4
2026.03.18	01:34:32.074		0.78503			4
2026.03.18	01:34:36.583		0.78505			4
2026.03.18	01:34:36.887		0.78500			4
2026.03.18	01:34:37.492		0.78499			4
2026.03.18	01:34:44.700		0.78500			4
2026.03.18	01:35:00.028	0.78475				2
2026.03.18	01:35:18.677	0.78476	0.78503			6
2026.03.18	01:35:20.179	0.78474	0.78499			6
2026.03.18	01:35:20.479		0.78498			4
2026.03.18	01:35:24.085	0.78475	0.78500			6
2026.03.18	01:35:36.402		0.78498			4
2026.03.18	01:35:36.701	0.78473				2
2026.03.18	01:35:37.605	0.78474	0.78501			6
2026.03.18	01:35:37.906		0.78502			4
2026.03.18	01:35:51.430	0.78473	0.78500			6
2026.03.18	01:35:54.134	0.78472	0.78498			6
2026.03.18	01:36:00.154	0.78472				2
2026.03.18	01:36:04.067		0.78496			4
2026.03.18	01:36:13.388		0.78495			4
2026.03.18	01:36:16.094	0.78470	0.78492			6
2026.03.18	01:36:28.407	0.78469	0.78489			6
2026.03.18	01:37:00.004	0.78469				2
2026.03.18	01:37:00.600		0.78492			4
2026.03.18	01:37:13.823		0.78490			4
2026.03.18	01:37:18.030		0.78493			4
2026.03.18	01:37:27.052		0.78491			4
2026.03.18	01:37:27.654		0.78492			4
2026.03.18	01:37:30.660		0.78494			4
2026.03.18	01:37:35.766	0.78471				2
2026.03.18	01:37:56.199		0.78495			4
2026.03.18	01:37:56.799		0.78494			4
2026.03.18	01:37:57.104		0.78495			4
2026.03.18	01:37:58.906		0.78494			4
2026.03.18	01:38:00.114	0.78471				2
2026.03.18	01:38:01.909		0.78495			4
2026.03.18	01:38:05.819	0.78472	0.78496			6
2026.03.18	01:38:11.835	0.78473	0.78497			6
2026.03.18	01:38:13.033	0.78474	0.78498			6
2026.03.18	01:38:15.744		0.78499			4
2026.03.18	01:38:25.064		0.78498			4
2026.03.18	01:38:41.294		0.78499			4
2026.03.18	01:39:00.224	0.78474				2
2026.03.18	01:39:14.349		0.78498			4
2026.03.18	01:39:14.949		0.78499			4
2026.03.18	01:39:48.023		0.78498			4
2026.03.18	01:39:53.426	0.78472	0.78499			6
2026.03.18	01:40:00.037	0.78472				2
2026.03.18	01:40:02.748		0.78500			4
2026.03.18	01:40:04.552	0.78473				2
2026.03.18	01:40:25.897		0.78499			4
2026.03.18	01:40:26.801		0.78500			4
2026.03.18	01:40:27.699		0.78499			4
2026.03.18	01:40:27.999		0.78498			4
2026.03.18	01:40:28.301		0.78499			4
2026.03.18	01:40:30.096		0.78498			4
2026.03.18	01:40:30.700		0.78499			4
2026.03.18	01:40:46.023		0.78498			4
2026.03.18	01:40:46.321		0.78499			4
2026.03.18	01:40:55.330	0.78474				2
2026.03.18	01:40:56.231		0.78500			4
2026.03.18	01:40:57.735	0.78473				2
2026.03.18	01:41:00.145	0.78473				2
2026.03.18	01:41:01.653	0.78474				2
2026.03.18	01:41:01.952	0.78475	0.78501			6
2026.03.18	01:41:02.249		0.78500			4
2026.03.18	01:41:02.852		0.78501			4
2026.03.18	01:41:13.372	0.78474	0.78499			6
2026.03.18	01:41:16.983	0.78475				2
2026.03.18	01:41:17.879	0.78474				2
2026.03.18	01:41:33.500	0.78475				2
2026.03.18	01:41:47.322	0.78476				2
2026.03.18	01:41:48.224	0.78474				2
2026.03.18	01:41:48.821	0.78475	0.78498			6
2026.03.18	01:41:49.421	0.78474				2
2026.03.18	01:41:53.022		0.78497			4
2026.03.18	01:41:58.737	0.78473				2
2026.03.18	01:42:00.241	0.78473				2
2026.03.18	01:42:01.746	0.78474				2
2026.03.18	01:42:02.048		0.78498			4
2026.03.18	01:42:02.346		0.78499			4
2026.03.18	01:42:26.098	0.78475				2
2026.03.18	01:42:26.401	0.78474	0.78500			6
2026.03.18	01:42:28.199		0.78499			4
2026.03.18	01:42:30.305	0.78475				2
2026.03.18	01:42:31.515	0.78474				2
2026.03.18	01:42:47.134		0.78495			4
2026.03.18	01:42:47.734		0.78499			4
2026.03.18	01:42:58.263	0.78473				2
2026.03.18	01:42:58.561	0.78474	0.78498			6
2026.03.18	01:42:58.859	0.78472				2
2026.03.18	01:42:59.161	0.78473				2
2026.03.18	01:43:00.062	0.78474	0.78499			6
2026.03.18	01:43:21.403	0.78475				2
2026.03.18	01:43:22.898	0.78474				2
2026.03.18	01:43:23.198		0.78498			4
2026.03.18	01:43:28.006	0.78475				2
2026.03.18	01:43:30.707		0.78499			4
2026.03.18	01:43:39.426		0.78498			4
2026.03.18	01:43:40.929	0.78476	0.78500			6
2026.03.18	01:43:41.231		0.78499			4
2026.03.18	01:43:55.058		0.78498			4
2026.03.18	01:43:55.965		0.78499			4
2026.03.18	01:44:00.172	0.78476				2
2026.03.18	01:44:07.987		0.78498			4
2026.03.18	01:44:20.903		0.78499			4
2026.03.18	01:44:24.808		0.78501			4
2026.03.18	01:44:59.389	0.78474	0.78497			6
2026.03.18	01:45:00.289	0.78474				2
2026.03.18	01:45:35.510		0.78495			4
2026.03.18	01:45:56.817	0.78473	0.78498			6
2026.03.18	01:46:00.231	0.78473				2
2026.03.18	01:46:17.853		0.78496			4
2026.03.18	01:46:32.572	0.78471	0.78499			6
2026.03.18	01:46:33.175	0.78472	0.78500			6
2026.03.18	01:46:35.293	0.78471	0.78497			6
2026.03.18	01:46:38.874	0.78472				2
2026.03.18	01:46:40.272		0.78498			4
2026.03.18	01:46:40.573	0.78471				2
2026.03.18	01:46:41.174	0.78472				2
2026.03.18	01:46:46.838		0.78496			4
2026.03.18	01:47:00.851	0.78472				2
2026.03.18	01:47:06.584	0.78471				2
2026.03.18	01:47:08.655	0.78472				2
2026.03.18	01:47:10.269	0.78471				2
2026.03.18	01:47:12.159		0.78495			4
2026.03.18	01:47:30.305		0.78498			4
2026.03.18	01:47:34.976		0.78496			4
2026.03.18	01:47:37.455	0.78470				2
2026.03.18	01:47:38.613	0.78471				2
2026.03.18	01:47:40.417		0.78495			4
2026.03.18	01:47:41.537	0.78472	0.78498			6
2026.03.18	01:47:42.137		0.78496			4
2026.03.18	01:47:44.655	0.78471				2
2026.03.18	01:47:47.513		0.78495			4
2026.03.18	01:48:00.703	0.78471				2
2026.03.18	01:48:05.702	0.78467	0.78494			6
2026.03.18	01:48:06.303	0.78471	0.78495			6
2026.03.18	01:48:12.472	0.78468	0.78493			6
2026.03.18	01:48:14.276		0.78491			4
2026.03.18	01:48:14.576	0.78465	0.78490			6
2026.03.18	01:48:15.178	0.78467	0.78492			6
2026.03.18	01:48:21.248	0.78468	0.78491			6
2026.03.18	01:48:37.502	0.78467	0.78492			6
2026.03.18	01:48:39.303	0.78468				2
2026.03.18	01:48:41.759	0.78466	0.78491			6
2026.03.18	01:48:42.058		0.78490			4
2026.03.18	01:48:42.883	0.78469				2
2026.03.18	01:48:43.183	0.78466				2
2026.03.18	01:48:44.819	0.78468				2
2026.03.18	01:48:45.939		0.78491			4
2026.03.18	01:49:00.128	0.78469	0.78494			6
2026.03.18	01:49:30.373	0.78470	0.78492			6
2026.03.18	01:49:48.860		0.78493			4
2026.03.18	01:49:49.164		0.78492			4
2026.03.18	01:50:00.085	0.78470				2
2026.03.18	01:50:19.096	0.78473	0.78494			6
2026.03.18	01:50:19.696		0.78493			4
2026.03.18	01:50:24.555	0.78474				2
2026.03.18	01:50:26.365	0.78472				2
2026.03.18	01:50:26.665	0.78470				2
2026.03.18	01:50:42.423		0.78492			4
2026.03.18	01:50:45.280	0.78469	0.78490			6
2026.03.18	01:50:46.355		0.78491			4
2026.03.18	01:50:47.355	0.78470				2
2026.03.18	01:50:51.353		0.78490			4
2026.03.18	01:50:53.353		0.78491			4
2026.03.18	01:51:04.049	0.78470				2
2026.03.18	01:51:04.350	0.78473	0.78497			6
2026.03.18	01:51:06.096		0.78496			4
2026.03.18	01:51:07.000	0.78475				2
2026.03.18	01:51:07.300		0.78497			4
2026.03.18	01:51:25.568		0.78493			4
2026.03.18	01:51:30.532		0.78494			4
2026.03.18	01:51:53.355	0.78474				2
2026.03.18	01:52:03.056	0.78474				2
2026.03.18	01:52:04.947	0.78472				2
2026.03.18	01:52:07.613	0.78470	0.78497			6
2026.03.18	01:53:00.256	0.78470				2
2026.03.18	01:53:04.231	0.78472				2
2026.03.18	01:53:04.531		0.78498			4
2026.03.18	01:53:08.246		0.78497			4
2026.03.18	01:53:26.882	0.78469				2
2026.03.18	01:53:31.144	0.78470	0.78495			6
2026.03.18	01:53:33.164	0.78473				2
2026.03.18	01:53:44.007	0.78474				2
2026.03.18	01:53:44.306		0.78497			4
2026.03.18	01:53:45.558	0.78473				2
2026.03.18	01:53:52.456	0.78474	0.78496			6
2026.03.18	01:54:00.246	0.78474				2
2026.03.18	01:54:00.546	0.78475	0.78498			6
2026.03.18	01:54:00.846	0.78476	0.78499			6
2026.03.18	01:54:01.147	0.78475	0.78498			6
2026.03.18	01:54:11.956		0.78499			4
2026.03.18	01:54:20.237	0.78473	0.78498			6
2026.03.18	01:54:20.538	0.78472	0.78497			6
2026.03.18	01:54:24.437	0.78473	0.78498			6
2026.03.18	01:54:28.755		0.78499			4
2026.03.18	01:54:40.621	0.78477				2
2026.03.18	01:54:40.921	0.78473				2
2026.03.18	01:54:41.367	0.78477				2
2026.03.18	01:54:54.772	0.78473				2
2026.03.18	01:54:55.071	0.78477				2
2026.03.18	01:54:55.373	0.78473				2
2026.03.18	01:54:55.673		0.78500			4
2026.03.18	01:54:56.957		0.78501			4
2026.03.18	01:55:00.244	0.78473				2
2026.03.18	01:55:00.545	0.78476	0.78500			6
2026.03.18	01:55:01.450	0.78473				2
2026.03.18	01:55:09.030	0.78476				2
2026.03.18	01:55:09.330	0.78473				2
2026.03.18	01:55:15.176	0.78477				2
2026.03.18	01:55:15.476	0.78473				2
2026.03.18	01:55:37.170	0.78477				2
2026.03.18	01:55:37.470	0.78473				2
2026.03.18	01:55:53.445	0.78477				2
2026.03.18	01:55:53.744	0.78473				2
2026.03.18	01:55:55.581	0.78477				2
2026.03.18	01:55:55.882	0.78473				2
2026.03.18	01:56:00.246	0.78473				2
2026.03.18	01:56:01.315		0.78500			4
2026.03.18	01:56:11.338	0.78477				2
2026.03.18	01:56:11.637	0.78473				2
2026.03.18	01:56:11.938	0.78477				2
2026.03.18	01:56:12.238	0.78473				2
2026.03.18	01:56:12.538	0.78474				2
2026.03.18	01:56:12.839	0.78473				2
2026.03.18	01:56:13.440	0.78477				2
2026.03.18	01:56:13.742	0.78473				2
2026.03.18	01:56:16.303	0.78474				2
2026.03.18	01:56:16.603		0.78501			4
2026.03.18	01:56:16.904	0.78479	0.78503			6
2026.03.18	01:56:17.204	0.78476	0.78501			6
2026.03.18	01:56:20.655		0.78500			4
2026.03.18	01:56:22.096	0.78474				2
2026.03.18	01:56:22.396	0.78476				2
2026.03.18	01:56:27.926	0.78477				2
2026.03.18	01:56:44.655		0.78499			4
2026.03.18	01:56:51.555		0.78500			4
2026.03.18	01:56:53.117	0.78479				2
2026.03.18	01:56:54.036	0.78474				2
2026.03.18	01:56:54.337	0.78479				2
2026.03.18	01:56:59.476	0.78474				2
2026.03.18	01:57:00.082	0.78477				2
2026.03.18	01:57:00.382		0.78499			4
2026.03.18	01:57:08.704	0.78478				2
2026.03.18	01:57:09.004		0.78498			4
2026.03.18	01:57:11.551	0.78474	0.78500			6
2026.03.18	01:57:11.851	0.78476				2
2026.03.18	01:57:12.947	0.78475				2
2026.03.18	01:57:13.550	0.78474				2
2026.03.18	01:57:23.544		0.78499			4
2026.03.18	01:57:31.947		0.78500			4
2026.03.18	01:57:36.182		0.78499			4
2026.03.18	01:57:39.276		0.78500			4
2026.03.18	01:57:44.014	0.78479	0.78501			6
2026.03.18	01:57:44.315	0.78477	0.78500			6
2026.03.18	01:57:59.818		0.78499			4
2026.03.18	01:58:06.780	0.78478				2
2026.03.18	01:58:12.851	0.78477				2
2026.03.18	01:58:14.131	0.78478				2
2026.03.18	01:58:18.679	0.78480				2
2026.03.18	01:58:18.980		0.78497			4
2026.03.18	01:58:22.205		0.78496			4
2026.03.18	01:58:24.555		0.78497			4
2026.03.18	01:58:38.285	0.78479	0.78495			6
2026.03.18	01:58:45.895	0.78478				2
2026.03.18	01:58:49.014	0.78474	0.78496			6
2026.03.18	01:59:00.377	0.78474	0.78495			6
2026.03.18	01:59:05.400		0.78496			4
2026.03.18	01:59:06.002		0.78495			4
2026.03.18	01:59:06.511	0.78480	0.78500			6
2026.03.18	01:59:06.811	0.78474	0.78495			6
2026.03.18	01:59:12.254		0.78496			4
2026.03.18	01:59:14.636	0.78480	0.78500			6
2026.03.18	01:59:14.935	0.78474	0.78496			6
2026.03.18	01:59:49.041	0.78478				2
2026.03.18	01:59:49.341	0.78474				2
2026.03.18	01:59:49.943	0.78480	0.78500			6
2026.03.18	02:00:00.124	0.78482	0.78493			6
2026.03.18	02:00:01.634	0.78485	0.78496			6
2026.03.18	02:00:01.935	0.78484				2
2026.03.18	02:00:03.223	0.78483				2
2026.03.18	02:00:04.012	0.78485				2
2026.03.18	02:00:07.243	0.78483	0.78498			6
2026.03.18	02:00:07.542		0.78497			4
2026.03.18	02:00:07.843	0.78484	0.78496			6
2026.03.18	02:00:08.744	0.78483				2
2026.03.18	02:00:11.725	0.78485				2
2026.03.18	02:00:12.814		0.78497			4
2026.03.18	02:00:15.114	0.78484	0.78498			6
2026.03.18	02:00:16.575	0.78485	0.78496			6
2026.03.18	02:00:26.939	0.78483	0.78497			6
2026.03.18	02:00:28.539	0.78485	0.78495			6
2026.03.18	02:00:30.119	0.78484	0.78497			6
2026.03.18	02:00:30.419		0.78496			4
2026.03.18	02:00:30.743		0.78497			4
2026.03.18	02:00:32.471	0.78485	0.78495			6
2026.03.18	02:00:33.071	0.78483				2
2026.03.18	02:00:35.346		0.78496			4
2026.03.18	02:00:35.647		0.78495			4
2026.03.18	02:00:38.369	0.78482	0.78496			6
2026.03.18	02:00:39.329	0.78484	0.78495			6
2026.03.18	02:00:39.629	0.78483				2
2026.03.18	02:00:46.574	0.78482				2
2026.03.18	02:00:49.814	0.78483	0.78494			6
2026.03.18	02:00:56.967		0.78496			4
2026.03.18	02:00:59.241	0.78486				2
2026.03.18	02:00:59.541		0.78497			4
2026.03.18	02:00:59.842	0.78485				2
2026.03.18	02:01:00.143	0.78485				2
2026.03.18	02:01:01.686	0.78484				2
2026.03.18	02:01:07.256	0.78485	0.78496			6
2026.03.18	02:01:10.018	0.78483	0.78497			6
2026.03.18	02:01:10.318		0.78496			4
2026.03.18	02:01:10.918	0.78484				2
2026.03.18	02:01:12.945	0.78482				2
2026.03.18	02:01:15.712	0.78484	0.78495			6
2026.03.18	02:01:16.652	0.78483				2
2026.03.18	02:01:17.798	0.78482	0.78496			6
2026.03.18	02:01:20.074	0.78483	0.78494			6
2026.03.18	02:01:21.144	0.78482	0.78495			6
2026.03.18	02:01:22.424	0.78481				2
2026.03.18	02:01:22.727	0.78483	0.78494			6
2026.03.18	02:01:30.444	0.78482	0.78495			6
2026.03.18	02:01:31.044		0.78494			4
2026.03.18	02:01:33.192	0.78483				2
2026.03.18	02:01:34.465	0.78484				2
2026.03.18	02:01:36.254		0.78495			4
2026.03.18	02:01:40.384		0.78494			4
2026.03.18	02:01:40.684	0.78482	0.78495			6
2026.03.18	02:01:41.675	0.78484				2
2026.03.18	02:01:50.132	0.78482				2
2026.03.18	02:01:50.433	0.78483				2
2026.03.18	02:01:50.734	0.78484	0.78496			6
2026.03.18	02:01:52.857	0.78485	0.78495			6
2026.03.18	02:01:55.572	0.78484				2
2026.03.18	02:01:59.883	0.78483	0.78496			6
2026.03.18	02:02:00.184	0.78483	0.78495			6
2026.03.18	02:02:02.986	0.78484	0.78494			6
2026.03.18	02:02:05.827		0.78495			4
2026.03.18	02:02:07.160	0.78483	0.78496			6
2026.03.18	02:02:09.077	0.78484	0.78495			6
2026.03.18	02:02:10.573	0.78482	0.78496			6
2026.03.18	02:02:11.981	0.78484	0.78494			6
2026.03.18	02:02:12.282	0.78483	0.78495			6
2026.03.18	02:02:16.761	0.78482	0.78496			6
2026.03.18	02:02:22.642	0.78484	0.78495			6
2026.03.18	02:02:23.496		0.78496			4
2026.03.18	02:02:25.702	0.78485	0.78495			6
2026.03.18	02:02:26.003	0.78484	0.78496			6
2026.03.18	02:02:26.604	0.78485				2
2026.03.18	02:02:26.904		0.78495			4
2026.03.18	02:02:27.504	0.78486	0.78496			6
2026.03.18	02:02:28.404		0.78495			4
2026.03.18	02:02:31.701		0.78494			4
2026.03.18	02:02:32.002		0.78497			4
2026.03.18	02:02:33.804	0.78485	0.78498			6
2026.03.18	02:02:34.847	0.78486	0.78497			6
2026.03.18	02:02:37.979	0.78485	0.78498			6
2026.03.18	02:02:40.861	0.78488	0.78500			6
2026.03.18	02:02:41.161		0.78498			4
2026.03.18	02:02:42.531		0.78500			4
2026.03.18	02:02:43.381		0.78499			4
2026.03.18	02:02:43.682	0.78487				2
2026.03.18	02:02:43.982	0.78489	0.78498			6
2026.03.18	02:02:47.863	0.78490	0.78502			6
2026.03.18	02:02:48.163	0.78491	0.78501			6
2026.03.18	02:02:48.462		0.78502			4
2026.03.18	02:02:48.763	0.78492	0.78503			6
2026.03.18	02:02:49.363	0.78491	0.78502			6
2026.03.18	02:02:50.022		0.78501			4
2026.03.18	02:02:52.071		0.78502			4
2026.03.18	02:02:52.374	0.78492				2
2026.03.18	02:02:52.934	0.78491				2
2026.03.18	02:02:53.234	0.78492	0.78503			6
2026.03.18	02:02:58.674	0.78493				2
2026.03.18	02:03:00.254	0.78493				2
2026.03.18	02:03:03.483	0.78490	0.78501			6
2026.03.18	02:03:03.783	0.78491				2
2026.03.18	02:03:04.083	0.78492	0.78502			6
2026.03.18	02:03:13.394	0.78490	0.78500			6
2026.03.18	02:03:13.694	0.78491	0.78501			6
2026.03.18	02:03:14.032		0.78500			4
2026.03.18	02:03:14.332	0.78490				2
2026.03.18	02:03:20.550	0.78489				2
2026.03.18	02:03:23.881	0.78490				2
2026.03.18	02:03:32.380	0.78488	0.78499			6
2026.03.18	02:03:32.680	0.78489				2
2026.03.18	02:03:32.980	0.78488	0.78498			6
2026.03.18	02:03:37.574		0.78499			4
2026.03.18	02:03:40.688		0.78498			4
2026.03.18	02:03:55.956	0.78487	0.78499			6
2026.03.18	02:03:56.256	0.78493	0.78494			6
2026.03.18	02:03:59.861	0.78488	0.78498			6
2026.03.18	02:04:01.369	0.78488				2
2026.03.18	02:04:07.801		0.78497			4
2026.03.18	02:04:12.067	0.78490	0.78493			6
2026.03.18	02:04:15.674	0.78488	0.78497			6
2026.03.18	02:04:15.975		0.78498			4
2026.03.18	02:04:16.577	0.78487	0.78497			6
2026.03.18	02:04:18.192		0.78496			4
2026.03.18	02:04:21.605	0.78486				2
2026.03.18	02:04:21.904	0.78490	0.78500			6
2026.03.18	02:04:31.632	0.78489	0.78498			6
2026.03.18	02:04:32.531	0.78487	0.78496			6
2026.03.18	02:04:32.831	0.78488	0.78497			6
2026.03.18	02:04:35.604	0.78489	0.78498			6
2026.03.18	02:04:36.889	0.78488	0.78497			6
2026.03.18	02:04:42.377		0.78498			4
2026.03.18	02:04:51.427	0.78487	0.78497			6
2026.03.18	02:05:00.259	0.78487	0.78496			6
2026.03.18	02:05:01.030	0.78486				2
2026.03.18	02:05:12.891	0.78483	0.78494			6
2026.03.18	02:05:13.191	0.78482	0.78493			6
2026.03.18	02:05:13.492		0.78494			4
2026.03.18	02:05:13.792		0.78493			4
2026.03.18	02:05:14.093		0.78492			4
2026.03.18	02:05:16.219		0.78493			4
2026.03.18	02:05:17.355		0.78492			4
2026.03.18	02:05:18.284		0.78493			4
2026.03.18	02:05:21.334	0.78481	0.78491			6
2026.03.18	02:05:24.911	0.78480				2
2026.03.18	02:05:30.091	0.78481				2
2026.03.18	02:05:35.094	0.78480	0.78490			6
2026.03.18	02:05:36.591	0.78479				2
2026.03.18	02:05:36.891	0.78478	0.78489			6
2026.03.18	02:05:40.155		0.78488			4
2026.03.18	02:05:42.166		0.78489			4
2026.03.18	02:05:42.468		0.78488			4
2026.03.18	02:06:02.441	0.78478	0.78489			6
2026.03.18	02:06:12.534		0.78488			4
2026.03.18	02:06:15.761	0.78479	0.78489			6
2026.03.18	02:06:25.450		0.78490			4
2026.03.18	02:06:28.523		0.78489			4
2026.03.18	02:06:56.879	0.78478				2
2026.03.18	02:07:01.926	0.78478				2
2026.03.18	02:07:12.546	0.78480	0.78491			6
2026.03.18	02:07:28.525		0.78490			4
2026.03.18	02:07:36.926	0.78481	0.78489			6
2026.03.18	02:07:39.868		0.78490			4
2026.03.18	02:07:40.167	0.78480	0.78489			6
2026.03.18	02:08:00.637	0.78480				2
2026.03.18	02:08:42.058		0.78489			4
2026.03.18	02:08:47.908	0.78479	0.78488			6
2026.03.18	02:08:52.753	0.78480				2
2026.03.18	02:08:53.053		0.78489			4
2026.03.18	02:09:01.266	0.78480				2
2026.03.18	02:09:48.942	0.78479	0.78490			6
2026.03.18	02:09:54.568	0.78478	0.78492			6
2026.03.18	02:10:00.024	0.78478				2
2026.03.18	02:10:01.927		0.78491			4
2026.03.18	02:10:04.781	0.78477				2
2026.03.18	02:10:09.937	0.78481	0.78494			6
2026.03.18	02:10:25.185	0.78483	0.78492			6
2026.03.18	02:10:40.438	0.78484	0.78493			6
2026.03.18	02:10:43.174	0.78485	0.78494			6
2026.03.18	02:10:43.474	0.78480	0.78493			6
2026.03.18	02:10:44.111	0.78479				2
2026.03.18	02:10:50.963	0.78480				2
2026.03.18	02:11:03.799	0.78480				2
2026.03.18	02:11:20.186	0.78482				2
2026.03.18	02:11:25.141		0.78492			4
2026.03.18	02:11:25.884	0.78481				2
2026.03.18	02:11:26.186	0.78480				2
2026.03.18	02:11:31.155	0.78481				2
2026.03.18	02:11:32.574	0.78478				2
2026.03.18	02:11:50.096	0.78477	0.78493			6
2026.03.18	02:11:53.674		0.78495			4
2026.03.18	02:12:01.839	0.78477	0.78494			6
2026.03.18	02:12:11.791	0.78476				2
2026.03.18	02:12:24.347	0.78475				2
2026.03.18	02:12:24.648	0.78478	0.78491			6
2026.03.18	02:12:25.888	0.78474	0.78492			6
2026.03.18	02:12:26.848	0.78471	0.78494			6
2026.03.18	02:12:27.149	0.78477				2
2026.03.18	02:12:27.450	0.78473				2
2026.03.18	02:12:38.279	0.78478	0.78491			6
2026.03.18	02:12:51.229	0.78477				2
2026.03.18	02:12:56.365	0.78472	0.78494			6
2026.03.18	02:12:57.148	0.78473				2
2026.03.18	02:12:58.163	0.78474	0.78492			6
2026.03.18	02:12:59.370	0.78478	0.78491			6
2026.03.18	02:13:01.079	0.78478				2
2026.03.18	02:13:11.922	0.78479	0.78492			6
2026.03.18	02:13:13.105	0.78476	0.78493			6
2026.03.18	02:13:20.834	0.78472	0.78495			6
2026.03.18	02:13:27.671		0.78494			4
2026.03.18	02:13:32.919		0.78496			4
2026.03.18	02:13:43.261	0.78469				2
2026.03.18	02:13:50.435	0.78477				2
2026.03.18	02:13:50.735	0.78478				2
2026.03.18	02:13:51.213		0.78495			4
2026.03.18	02:13:55.615	0.78481	0.78492			6
2026.03.18	02:14:00.120	0.78481				2
2026.03.18	02:14:08.044	0.78479	0.78491			6
2026.03.18	02:14:08.345	0.78475				2
2026.03.18	02:14:13.641	0.78479				2
2026.03.18	02:14:13.941	0.78475				2
2026.03.18	02:14:17.474	0.78476				2
2026.03.18	02:14:18.771	0.78475				2
2026.03.18	02:14:19.674	0.78477	0.78493			6
2026.03.18	02:14:20.575	0.78478	0.78494			6
2026.03.18	02:14:23.755		0.78493			4
2026.03.18	02:14:25.141		0.78494			4
2026.03.18	02:14:35.572	0.78483	0.78496			6
2026.03.18	02:14:36.072	0.78478	0.78494			6
2026.03.18	02:14:38.274	0.78483	0.78496			6
2026.03.18	02:14:38.574	0.78475	0.78491			6
2026.03.18	02:14:39.372		0.78492			4
2026.03.18	02:14:39.672	0.78479	0.78494			6
2026.03.18	02:14:44.259	0.78478				2
2026.03.18	02:15:00.346	0.78478				2
2026.03.18	02:15:02.437	0.78474				2
2026.03.18	02:15:03.567	0.78473				2
2026.03.18	02:15:14.965	0.78474				2
2026.03.18	02:15:15.266	0.78473				2
2026.03.18	02:15:18.959	0.78474				2
2026.03.18	02:15:21.420	0.78467				2
2026.03.18	02:15:32.380	0.78468				2
2026.03.18	02:15:32.679	0.78470	0.78496			6
2026.03.18	02:15:33.923		0.78495			4
2026.03.18	02:15:34.224	0.78468	0.78494			6
2026.03.18	02:15:40.865	0.78470	0.78496			6
2026.03.18	02:15:41.447		0.78495			4
2026.03.18	02:15:41.748	0.78471				2
2026.03.18	02:15:43.732	0.78472				2
2026.03.18	02:15:44.036		0.78494			4
2026.03.18	02:15:53.079		0.78493			4
2026.03.18	02:15:55.078		0.78494			4
2026.03.18	02:16:00.026	0.78472				2
2026.03.18	02:16:02.382		0.78493			4
2026.03.18	02:16:02.687	0.78473				2
2026.03.18	02:16:02.987	0.78479				2
2026.03.18	02:16:07.139		0.78492			4
2026.03.18	02:16:07.586	0.78480				2
2026.03.18	02:16:08.720		0.78493			4
2026.03.18	02:16:10.877	0.78479	0.78494			6
2026.03.18	02:16:12.036	0.78481				2
2026.03.18	02:16:12.336	0.78475	0.78492			6
2026.03.18	02:16:15.166	0.78481				2
2026.03.18	02:16:27.372		0.78494			4
2026.03.18	02:16:27.672	0.78475				2
2026.03.18	02:16:27.972	0.78481				2
2026.03.18	02:16:28.272	0.78478				2
2026.03.18	02:16:29.575	0.78475				2
2026.03.18	02:16:32.939		0.78493			4
2026.03.18	02:16:33.238	0.78476				2
2026.03.18	02:16:37.417		0.78494			4
2026.03.18	02:16:40.737		0.78492			4
2026.03.18	02:16:42.069	0.78477				2
2026.03.18	02:16:45.203	0.78478				2
2026.03.18	02:16:46.080		0.78491			4
2026.03.18	02:16:48.080		0.78492			4
2026.03.18	02:16:48.379	0.78468				2
2026.03.18	02:16:48.681	0.78477				2
2026.03.18	02:16:49.319	0.78478				2
2026.03.18	02:16:54.379		0.78491			4
2026.03.18	02:16:54.680	0.78477	0.78492			6
2026.03.18	02:16:55.067		0.78493			4
2026.03.18	02:16:55.368		0.78492			4
2026.03.18	02:17:00.314	0.78477				2
2026.03.18	02:17:03.935	0.78476				2
2026.03.18	02:17:07.158	0.78477				2
2026.03.18	02:17:14.081	0.78476				2
2026.03.18	02:17:14.381		0.78493			4
2026.03.18	02:17:15.386	0.78477				2
2026.03.18	02:17:16.213		0.78492			4
2026.03.18	02:17:19.783	0.78478				2
2026.03.18	02:17:22.471	0.78476				2
2026.03.18	02:17:34.272	0.78477				2
2026.03.18	02:17:35.362	0.78478				2
2026.03.18	02:17:35.661	0.78477				2
2026.03.18	02:17:48.596	0.78478				2
2026.03.18	02:17:49.197		0.78490			4
2026.03.18	02:17:49.497	0.78477				2
2026.03.18	02:17:54.991		0.78488			4
2026.03.18	02:17:55.292		0.78489			4
2026.03.18	02:17:56.084		0.78490			4
2026.03.18	02:17:57.435		0.78491			4
2026.03.18	02:18:00.020	0.78477				2
2026.03.18	02:18:10.536		0.78490			4
2026.03.18	02:18:15.718	0.78476				2
2026.03.18	02:18:20.331	0.78477				2
2026.03.18	02:18:21.387		0.78492			4
2026.03.18	02:18:22.173		0.78491			4
2026.03.18	02:18:26.086		0.78492			4
2026.03.18	02:18:26.387		0.78493			4
2026.03.18	02:18:28.041	0.78476				2
2026.03.18	02:18:30.785		0.78492			4
2026.03.18	02:18:35.176		0.78493			4
2026.03.18	02:18:39.382	0.78478				2
2026.03.18	02:18:45.882		0.78492			4
2026.03.18	02:18:57.433		0.78493			4
2026.03.18	02:18:57.733	0.78477				2
2026.03.18	02:19:00.792	0.78477				2
2026.03.18	02:19:01.555		0.78492			4
2026.03.18	02:19:01.856	0.78478	0.78490			6
2026.03.18	02:19:06.175	0.78476				2
2026.03.18	02:19:06.775		0.78492			4
2026.03.18	02:19:07.505	0.78474	0.78490			6
2026.03.18	02:19:09.690	0.78473	0.78489			6
2026.03.18	02:19:12.119		0.78488			4
2026.03.18	02:19:12.419		0.78490			4
2026.03.18	02:19:13.282	0.78474				2
2026.03.18	02:19:29.080	0.78472	0.78489			6
2026.03.18	02:19:30.098		0.78490			4
2026.03.18	02:19:35.384		0.78489			4
2026.03.18	02:19:35.684	0.78473				2
2026.03.18	02:19:38.744		0.78490			4
2026.03.18	02:19:53.356	0.78472	0.78489			6
2026.03.18	02:19:53.656	0.78473	0.78490			6
2026.03.18	02:19:57.735	0.78472				2
2026.03.18	02:19:58.035		0.78489			4
2026.03.18	02:20:00.024	0.78473				2
2026.03.18	02:20:02.782	0.78471	0.78487			6
2026.03.18	02:20:04.602	0.78472				2
2026.03.18	02:20:08.123		0.78488			4
2026.03.18	02:20:23.692	0.78473				2
2026.03.18	02:20:23.992	0.78472				2
2026.03.18	02:20:30.166	0.78471	0.78490			6
2026.03.18	02:20:30.466		0.78489			4
2026.03.18	02:20:31.068	0.78470				2
2026.03.18	02:20:31.369	0.78471				2
2026.03.18	02:20:32.246		0.78487			4
2026.03.18	02:20:49.067	0.78472				2
2026.03.18	02:20:58.756	0.78471				2
2026.03.18	02:21:00.702	0.78471				2
2026.03.18	02:21:02.648		0.78489			4
2026.03.18	02:21:03.254	0.78472				2
2026.03.18	02:21:16.082	0.78471				2
2026.03.18	02:21:16.382	0.78470				2
2026.03.18	02:21:26.478		0.78488			4
2026.03.18	02:21:26.781		0.78487			4
2026.03.18	02:21:53.297		0.78486			4
2026.03.18	02:22:00.012	0.78470				2
2026.03.18	02:22:07.511	0.78467	0.78483			6
2026.03.18	02:22:07.812	0.78466	0.78484			6
2026.03.18	02:22:09.669		0.78485			4
2026.03.18	02:22:15.080	0.78467				2
2026.03.18	02:22:15.382		0.78484			4
2026.03.18	02:22:15.681		0.78485			4
2026.03.18	02:22:23.885		0.78486			4
2026.03.18	02:22:31.338		0.78485			4
2026.03.18	02:22:32.051		0.78486			4
2026.03.18	02:22:32.352	0.78468				2
2026.03.18	02:22:42.228		0.78485			4
2026.03.18	02:22:47.052		0.78486			4
2026.03.18	02:22:48.043		0.78488			4
2026.03.18	02:22:49.615		0.78486			4
2026.03.18	02:22:50.218		0.78488			4
2026.03.18	02:23:04.127	0.78468				2
2026.03.18	02:23:05.441		0.78486			4
2026.03.18	02:23:05.742	0.78469				2
2026.03.18	02:23:07.463		0.78487			4
2026.03.18	02:23:10.724	0.78470				2
2026.03.18	02:23:15.305		0.78488			4
2026.03.18	02:23:18.454		0.78489			4
2026.03.18	02:23:18.756		0.78487			4
2026.03.18	02:23:20.313	0.78469				2
2026.03.18	02:23:33.342	0.78470				2
2026.03.18	02:23:36.619	0.78469				2
2026.03.18	02:23:36.920		0.78486			4
2026.03.18	02:23:38.146	0.78468	0.78485			6
2026.03.18	02:23:38.445		0.78484			4
2026.03.18	02:23:38.746		0.78483			4
2026.03.18	02:23:39.047	0.78469				2
2026.03.18	02:23:42.552	0.78468				2
2026.03.18	02:23:42.854	0.78469				2
2026.03.18	02:23:43.159		0.78484			4
2026.03.18	02:23:43.463	0.78468				2
2026.03.18	02:23:47.541		0.78485			4
2026.03.18	02:23:56.829		0.78486			4
2026.03.18	02:23:57.129		0.78487			4
2026.03.18	02:23:57.429		0.78488			4
2026.03.18	02:23:57.730		0.78489			4
2026.03.18	02:24:02.405	0.78468				2
2026.03.18	02:24:02.705		0.78485			4
2026.03.18	02:24:03.305		0.78486			4
2026.03.18	02:24:03.606		0.78485			4
2026.03.18	02:24:04.208		0.78483			4
2026.03.18	02:24:05.113		0.78484			4
2026.03.18	02:24:07.983		0.78485			4
2026.03.18	02:24:13.406	0.78467	0.78483			6
2026.03.18	02:24:13.705	0.78468				2
2026.03.18	02:24:17.686		0.78484			4
2026.03.18	02:24:23.181	0.78469	0.78487			6
2026.03.18	02:24:26.991		0.78486			4
2026.03.18	02:24:28.819	0.78470				2
2026.03.18	02:24:29.316	0.78469				2
2026.03.18	02:24:29.917	0.78470				2
2026.03.18	02:24:30.254	0.78469				2
2026.03.18	02:24:32.099	0.78470				2
2026.03.18	02:24:32.399	0.78469				2
2026.03.18	02:24:33.048		0.78487			4
2026.03.18	02:24:35.948	0.78470				2
2026.03.18	02:24:36.551	0.78469	0.78485			6
2026.03.18	02:24:36.851		0.78486			4
2026.03.18	02:24:40.455	0.78470				2
2026.03.18	02:24:46.660		0.78484			4
2026.03.18	02:24:46.959		0.78485			4
2026.03.18	02:24:51.383		0.78484			4
2026.03.18	02:24:51.682	0.78472	0.78492			6
2026.03.18	02:24:51.983	0.78473				2
2026.03.18	02:24:52.283		0.78489			4
2026.03.18	02:24:52.583	0.78472	0.78490			6
2026.03.18	02:24:52.883	0.78473				2
2026.03.18	02:24:55.731	0.78474				2
2026.03.18	02:24:56.031	0.78473	0.78489			6
2026.03.18	02:24:56.633		0.78488			4
2026.03.18	02:24:56.931		0.78490			4
2026.03.18	02:24:58.741	0.78472				2
2026.03.18	02:24:59.343	0.78473				2
2026.03.18	02:24:59.643	0.78474				2
2026.03.18	02:25:00.244	0.78474				2
2026.03.18	02:25:00.843	0.78473				2
2026.03.18	02:25:06.564	0.78474				2
2026.03.18	02:25:06.864		0.78491			4
2026.03.18	02:25:08.720		0.78489			4
2026.03.18	02:25:09.020		0.78490			4
2026.03.18	02:25:12.849	0.78475				2
2026.03.18	02:25:14.411	0.78474				2
2026.03.18	02:25:17.763	0.78475	0.78491			6
2026.03.18	02:25:19.834	0.78476				2
2026.03.18	02:25:20.135	0.78475				2
2026.03.18	02:25:21.046	0.78474				2
2026.03.18	02:25:21.346	0.78475				2
2026.03.18	02:25:22.536	0.78474				2
2026.03.18	02:25:22.836	0.78475				2
2026.03.18	02:25:23.136	0.78474				2
2026.03.18	02:25:24.037	0.78475				2
2026.03.18	02:25:24.337	0.78474				2
2026.03.18	02:25:24.637	0.78475				2
2026.03.18	02:25:25.279	0.78476				2
2026.03.18	02:25:25.579	0.78475				2
2026.03.18	02:25:26.180	0.78476				2
2026.03.18	02:25:27.082	0.78475				2
2026.03.18	02:25:27.382	0.78474				2
2026.03.18	02:25:27.682	0.78475				2
2026.03.18	02:25:27.981	0.78474				2
2026.03.18	02:25:28.433	0.78473				2
2026.03.18	02:25:28.733	0.78475				2
2026.03.18	02:25:29.419	0.78476				2
2026.03.18	02:25:29.720	0.78475				2
2026.03.18	02:25:30.033	0.78474				2
2026.03.18	02:25:30.979	0.78475				2
2026.03.18	02:25:31.581	0.78474				2
2026.03.18	02:25:36.676	0.78475				2
2026.03.18	02:25:36.975	0.78476				2
2026.03.18	02:25:37.276	0.78475				2
2026.03.18	02:25:37.576	0.78476				2
2026.03.18	02:25:38.176	0.78474				2
2026.03.18	02:25:38.477	0.78476	0.78492			6
2026.03.18	02:25:39.113		0.78493			4
2026.03.18	02:25:39.625		0.78492			4
2026.03.18	02:25:40.227		0.78493			4
2026.03.18	02:25:41.112		0.78492			4
2026.03.18	02:25:42.113		0.78493			4
2026.03.18	02:25:44.765		0.78492			4
2026.03.18	02:25:45.066	0.78475	0.78493			6
2026.03.18	02:25:46.908	0.78474				2
2026.03.18	02:25:47.208	0.78473	0.78491			6
2026.03.18	02:26:01.366	0.78474				2
2026.03.18	02:26:02.284	0.78473				2
2026.03.18	02:26:02.896	0.78474				2
2026.03.18	02:26:03.497	0.78473				2
2026.03.18	02:26:03.797	0.78474				2
2026.03.18	02:26:11.002		0.78490			4
2026.03.18	02:26:12.332		0.78491			4
2026.03.18	02:26:17.845	0.78473				2
2026.03.18	02:26:18.146	0.78474				2
2026.03.18	02:26:19.277	0.78473				2
2026.03.18	02:26:19.578	0.78474				2
2026.03.18	02:26:21.698		0.78490			4
2026.03.18	02:26:28.086	0.78473				2
2026.03.18	02:26:28.387	0.78474				2
2026.03.18	02:26:43.295	0.78472	0.78489			6
2026.03.18	02:26:43.595	0.78473				2
2026.03.18	02:26:44.195	0.78474				2
2026.03.18	02:26:44.496		0.78490			4
2026.03.18	02:26:54.369		0.78491			4
2026.03.18	02:26:59.226		0.78490			4
2026.03.18	02:27:03.413	0.78474				2
2026.03.18	02:27:04.312		0.78489			4
2026.03.18	02:27:05.718	0.78475				2
2026.03.18	02:27:10.780	0.78474				2
2026.03.18	02:27:12.119		0.78488			4
2026.03.18	02:27:14.932	0.78473				2
2026.03.18	02:27:15.233	0.78475	0.78490			6
2026.03.18	02:27:15.532	0.78476				2
2026.03.18	02:27:19.454	0.78475				2
2026.03.18	02:27:23.285	0.78476				2
2026.03.18	02:27:23.585	0.78475				2
2026.03.18	02:27:27.193		0.78491			4
2026.03.18	02:27:27.910	0.78477				2
2026.03.18	02:27:31.115		0.78492			4
2026.03.18	02:27:42.038	0.78476	0.78491			6
2026.03.18	02:28:01.927	0.78476				2
2026.03.18	02:28:09.954	0.78477	0.78492			6
2026.03.18	02:28:10.256		0.78493			4
2026.03.18	02:28:10.959	0.78478				2
2026.03.18	02:28:12.413	0.78477				2
2026.03.18	02:28:12.713	0.78476				2
2026.03.18	02:28:15.051	0.78475				2
2026.03.18	02:28:17.635	0.78476				2
2026.03.18	02:28:18.570		0.78492			4
2026.03.18	02:28:18.872	0.78475				2
2026.03.18	02:28:20.303	0.78476				2
2026.03.18	02:28:23.697	0.78475				2
2026.03.18	02:28:24.912	0.78479				2
2026.03.18	02:28:25.515		0.78493			4
2026.03.18	02:28:26.226	0.78473	0.78492			6
2026.03.18	02:28:26.828		0.78494			4
2026.03.18	02:28:27.682	0.78480				2
2026.03.18	02:28:28.907	0.78479	0.78493			6
2026.03.18	02:28:29.809		0.78494			4
2026.03.18	02:28:54.158	0.78480				2
2026.03.18	02:28:54.759	0.78479				2
2026.03.18	02:28:55.062	0.78478	0.78493			6
2026.03.18	02:28:56.296	0.78479				2
2026.03.18	02:29:00.328	0.78479	0.78494			6
2026.03.18	02:29:00.628	0.78478				2
2026.03.18	02:29:14.582	0.78477				2
2026.03.18	02:29:14.882	0.78478				2
2026.03.18	02:29:15.182	0.78476				2
2026.03.18	02:29:16.465		0.78493			4
2026.03.18	02:29:17.491	0.78477				2
2026.03.18	02:29:19.874	0.78475	0.78491			6
2026.03.18	02:29:20.174		0.78489			4
2026.03.18	02:29:21.125	0.78474				2
2026.03.18	02:29:29.215	0.78475				2
2026.03.18	02:29:29.517	0.78474				2
2026.03.18	02:29:35.127		0.78491			4
2026.03.18	02:29:35.427		0.78489			4
2026.03.18	02:29:36.710	0.78475				2
2026.03.18	02:29:39.127		0.78488			4
2026.03.18	02:29:46.919		0.78489			4
2026.03.18	02:29:48.255	0.78474				2
2026.03.18	02:29:54.073	0.78475				2
2026.03.18	02:29:54.374		0.78490			4
2026.03.18	02:29:55.688	0.78474				2
2026.03.18	02:29:55.988		0.78489			4
2026.03.18	02:30:00.284	0.78474	0.78490			6
2026.03.18	02:30:00.583	0.78478	0.78491			6
2026.03.18	02:30:01.184		0.78493			4
2026.03.18	02:30:05.021	0.78479				2
2026.03.18	02:30:09.247		0.78494			4
2026.03.18	02:30:11.442		0.78493			4
2026.03.18	02:30:13.501	0.78478				2
2026.03.18	02:30:13.800	0.78477	0.78494			6
2026.03.18	02:30:14.101	0.78478				2
2026.03.18	02:30:19.349		0.78495			4
2026.03.18	02:30:24.249		0.78493			4
2026.03.18	02:30:29.867	0.78479				2
2026.03.18	02:30:31.110	0.78478				2
2026.03.18	02:30:32.783	0.78477				2
2026.03.18	02:30:33.314	0.78479				2
2026.03.18	02:30:33.614	0.78478				2
2026.03.18	02:30:40.530	0.78477				2
2026.03.18	02:30:40.830	0.78478				2
2026.03.18	02:30:44.131		0.78492			4
2026.03.18	02:30:49.242	0.78477				2
2026.03.18	02:30:52.454	0.78478				2
2026.03.18	02:30:54.073		0.78493			4
2026.03.18	02:30:54.373	0.78477				2
2026.03.18	02:30:55.108		0.78492			4
2026.03.18	02:30:55.709		0.78493			4
2026.03.18	02:30:57.132		0.78494			4
2026.03.18	02:31:00.161	0.78478				2
2026.03.18	02:31:00.462	0.78475	0.78493			6
2026.03.18	02:31:02.398		0.78491			4
2026.03.18	02:31:26.006	0.78474				2
2026.03.18	02:31:26.688	0.78475				2
2026.03.18	02:31:35.781		0.78490			4
2026.03.18	02:31:36.281		0.78491			4
2026.03.18	02:31:37.050	0.78473	0.78488			6
2026.03.18	02:31:37.350		0.78491			4
2026.03.18	02:31:56.104	0.78474				2
2026.03.18	02:31:56.405	0.78473	0.78489			6
2026.03.18	02:31:56.806	0.78474				2
2026.03.18	02:31:57.106	0.78473				2
2026.03.18	02:31:57.406	0.78474				2
2026.03.18	02:31:58.326		0.78491			4
2026.03.18	02:31:58.628	0.78473				2
2026.03.18	02:32:07.216	0.78473	0.78490			6
2026.03.18	02:32:12.598	0.78472	0.78491			6
2026.03.18	02:32:15.505	0.78473				2
2026.03.18	02:32:19.138		0.78489			4
2026.03.18	02:32:19.740	0.78470	0.78486			6
2026.03.18	02:32:20.398	0.78471				2
2026.03.18	02:32:21.110	0.78472				2
2026.03.18	02:32:21.410	0.78471				2
2026.03.18	02:32:23.848		0.78484			4
2026.03.18	02:32:26.438		0.78486			4
2026.03.18	02:32:27.791	0.78470				2
2026.03.18	02:32:28.092		0.78484			4
2026.03.18	02:32:28.392	0.78468	0.78482			6
2026.03.18	02:32:31.818		0.78481			4
2026.03.18	02:32:33.820	0.78467				2
2026.03.18	02:32:34.669	0.78468				2
2026.03.18	02:32:36.431	0.78467				2
2026.03.18	02:32:37.419	0.78468				2
2026.03.18	02:32:38.182	0.78467				2
2026.03.18	02:32:38.677		0.78480			4
2026.03.18	02:32:38.977	0.78468				2
2026.03.18	02:32:39.277	0.78467				2
2026.03.18	02:32:41.179	0.78468				2
2026.03.18	02:32:43.390		0.78481			4
2026.03.18	02:32:47.709	0.78467				2
2026.03.18	02:32:49.360	0.78468				2
2026.03.18	02:32:50.528	0.78467				2
2026.03.18	02:32:50.828	0.78468				2
2026.03.18	02:32:51.128	0.78467				2
2026.03.18	02:32:52.396		0.78482			4
2026.03.18	02:32:53.126	0.78468				2
2026.03.18	02:32:53.726	0.78467				2
2026.03.18	02:32:57.066	0.78468				2
2026.03.18	02:32:57.366	0.78469	0.78483			6
2026.03.18	02:32:57.666	0.78468	0.78482			6
2026.03.18	02:32:58.951	0.78467				2
2026.03.18	02:32:59.553	0.78468				2
2026.03.18	02:33:00.269	0.78467				2
2026.03.18	02:33:00.570	0.78468				2
2026.03.18	02:33:01.719	0.78469				2
2026.03.18	02:33:02.423	0.78467				2
2026.03.18	02:33:02.723	0.78469				2
2026.03.18	02:33:04.140		0.78481			4
2026.03.18	02:33:04.676		0.78482			4
2026.03.18	02:33:05.140		0.78483			4
2026.03.18	02:33:06.140		0.78482			4
2026.03.18	02:33:07.140		0.78485			4
2026.03.18	02:33:07.441		0.78484			4
2026.03.18	02:33:11.442		0.78485			4
2026.03.18	02:33:17.196		0.78487			4
2026.03.18	02:33:17.495		0.78486			4
2026.03.18	02:33:17.798	0.78468	0.78485			6
2026.03.18	02:33:18.399		0.78486			4
2026.03.18	02:33:18.698	0.78469				2
2026.03.18	02:33:19.365		0.78484			4
2026.03.18	02:33:20.366		0.78485			4
2026.03.18	02:33:22.715		0.78486			4
2026.03.18	02:33:27.576	0.78471				2
2026.03.18	02:33:28.415	0.78470				2
2026.03.18	02:33:30.027	0.78471				2
2026.03.18	02:33:30.630		0.78487			4
2026.03.18	02:33:33.336	0.78469				2
2026.03.18	02:33:33.636	0.78471				2
2026.03.18	02:33:33.935	0.78470				2
2026.03.18	02:33:34.236	0.78471				2
2026.03.18	02:33:34.537	0.78470				2
2026.03.18	02:33:38.734	0.78469				2
2026.03.18	02:33:39.034	0.78471				2
2026.03.18	02:33:39.335	0.78470				2
2026.03.18	02:33:39.936	0.78469	0.78483			6
2026.03.18	02:33:40.237	0.78468				2
2026.03.18	02:33:40.947	0.78469				2
2026.03.18	02:33:41.249	0.78468				2
2026.03.18	02:33:41.550	0.78469				2
2026.03.18	02:33:43.142	0.78470	0.78486			6
2026.03.18	02:33:44.141		0.78487			4
2026.03.18	02:33:44.442		0.78486			4
2026.03.18	02:33:45.143		0.78487			4
2026.03.18	02:33:49.939		0.78488			4
2026.03.18	02:33:50.968		0.78486			4
2026.03.18	02:33:51.269		0.78487			4
2026.03.18	02:33:52.727	0.78469				2
2026.03.18	02:33:53.327	0.78470	0.78485			6
2026.03.18	02:33:53.627		0.78484			4
2026.03.18	02:33:53.927	0.78469				2
2026.03.18	02:33:54.228	0.78470	0.78483			6
2026.03.18	02:33:54.893		0.78482			4
2026.03.18	02:33:55.193		0.78485			4
2026.03.18	02:33:58.455	0.78469				2
2026.03.18	02:34:00.144	0.78470	0.78486			6
2026.03.18	02:34:02.727	0.78469	0.78485			6
2026.03.18	02:34:05.128	0.78471	0.78486			6
2026.03.18	02:34:05.428		0.78487			4
2026.03.18	02:34:17.326		0.78486			4
2026.03.18	02:34:17.626		0.78487			4
2026.03.18	02:34:20.014		0.78486			4
2026.03.18	02:34:27.578	0.78470	0.78485			6
2026.03.18	02:34:34.251	0.78469	0.78486			6
2026.03.18	02:34:36.539		0.78487			4
2026.03.18	02:34:40.013		0.78488			4
2026.03.18	02:34:40.446	0.78470				2
2026.03.18	02:34:40.746	0.78472	0.78491			6
2026.03.18	02:34:44.236	0.78473				2
2026.03.18	02:34:45.251		0.78489			4
2026.03.18	02:34:46.009		0.78490			4
2026.03.18	02:34:50.312		0.78489			4
2026.03.18	02:34:51.245		0.78491			4
2026.03.18	02:34:55.572		0.78492			4
2026.03.18	02:34:55.873	0.78474	0.78490			6
2026.03.18	02:34:59.748		0.78489			4
2026.03.18	02:35:00.048	0.78474				2
2026.03.18	02:35:00.953		0.78490			4
2026.03.18	02:35:05.606		0.78492			4
2026.03.18	02:35:10.565		0.78490			4
2026.03.18	02:35:17.896		0.78491			4
2026.03.18	02:35:18.195		0.78490			4
2026.03.18	02:35:19.148		0.78489			4
2026.03.18	02:35:24.119		0.78491			4
2026.03.18	02:35:26.734	0.78475				2
2026.03.18	02:35:27.035	0.78476	0.78489			6
2026.03.18	02:35:27.334	0.78475				2
2026.03.18	02:35:28.175		0.78490			4
2026.03.18	02:35:31.456	0.78476				2
2026.03.18	02:35:35.894		0.78491			4
2026.03.18	02:35:40.277		0.78490			4
2026.03.18	02:35:41.181		0.78489			4
2026.03.18	02:35:42.609		0.78490			4
2026.03.18	02:35:45.542	0.78475	0.78494			6
2026.03.18	02:35:51.372		0.78492			4
2026.03.18	02:35:51.672	0.78476				2
2026.03.18	02:35:52.471		0.78494			4
2026.03.18	02:35:55.411	0.78477				2
2026.03.18	02:36:00.278	0.78477				2
2026.03.18	02:36:01.290	0.78476				2
2026.03.18	02:36:01.973		0.78493			4
2026.03.18	02:36:15.308		0.78494			4
2026.03.18	02:36:16.695	0.78479	0.78495			6
2026.03.18	02:36:16.994	0.78478				2
2026.03.18	02:36:26.285		0.78496			4
2026.03.18	02:36:26.586	0.78479	0.78495			6
2026.03.18	02:36:49.572	0.78478				2
2026.03.18	02:36:58.245	0.78479				2
2026.03.18	02:37:01.590	0.78479				2
2026.03.18	02:37:08.656	0.78478				2
2026.03.18	02:37:13.174	0.78479				2
2026.03.18	02:37:18.923	0.78480				2
2026.03.18	02:37:19.223	0.78479				2
2026.03.18	02:37:19.574	0.78480				2
2026.03.18	02:37:19.875	0.78479				2
2026.03.18	02:37:20.248		0.78493			4
2026.03.18	02:37:20.549	0.78478	0.78494			6
2026.03.18	02:37:23.700		0.78496			4
2026.03.18	02:37:24.000		0.78495			4
2026.03.18	02:37:26.690		0.78493			4
2026.03.18	02:37:26.990	0.78475	0.78492			6
2026.03.18	02:37:29.895	0.78476				2
2026.03.18	02:37:31.313		0.78491			4
2026.03.18	02:37:31.613	0.78477				2
2026.03.18	02:37:33.228	0.78476	0.78489			6
2026.03.18	02:37:33.526		0.78490			4
2026.03.18	02:37:34.689	0.78475				2
2026.03.18	02:37:35.454	0.78476				2
2026.03.18	02:37:35.754	0.78475				2
2026.03.18	02:37:37.524	0.78476				2
2026.03.18	02:37:37.824	0.78475				2
2026.03.18	02:37:42.976		0.78487			4
2026.03.18	02:37:43.476		0.78490			4
2026.03.18	02:37:43.976		0.78495			4
2026.03.18	02:37:44.580		0.78490			4
2026.03.18	02:37:46.767	0.78476				2
2026.03.18	02:37:48.224		0.78491			4
2026.03.18	02:37:49.526	0.78475				2
2026.03.18	02:37:53.931		0.78489			4
2026.03.18	02:37:54.231	0.78476				2
2026.03.18	02:37:55.625	0.78477	0.78491			6
2026.03.18	02:37:55.925	0.78476				2
2026.03.18	02:37:56.236	0.78477				2
2026.03.18	02:37:56.536	0.78476				2
2026.03.18	02:37:58.158		0.78490			4
2026.03.18	02:38:00.158	0.78476				2
2026.03.18	02:38:02.172		0.78491			4
2026.03.18	02:38:26.404		0.78492			4
2026.03.18	02:38:27.513		0.78490			4
2026.03.18	02:38:30.522	0.78477				2
2026.03.18	02:38:35.310	0.78479				2
2026.03.18	02:38:38.373		0.78492			4
2026.03.18	02:38:38.672	0.78477	0.78489			6
2026.03.18	02:38:39.884		0.78492			4
2026.03.18	02:38:40.186	0.78481	0.78493			6
2026.03.18	02:38:41.563		0.78494			4
2026.03.18	02:38:53.724	0.78480				2
2026.03.18	02:39:01.395	0.78480	0.78495			6
2026.03.18	02:39:14.804	0.78479				2
2026.03.18	02:39:33.747	0.78480				2
2026.03.18	02:39:36.020	0.78479				2
2026.03.18	02:40:01.883	0.78479	0.78495			6
2026.03.18	02:40:09.614		0.78494			4
2026.03.18	02:40:09.915	0.78480				2
2026.03.18	02:40:12.355		0.78495			4
2026.03.18	02:40:12.655	0.78482				2
2026.03.18	02:40:12.956	0.78478				2
2026.03.18	02:40:13.256	0.78479	0.78496			6
2026.03.18	02:40:13.557		0.78497			4
2026.03.18	02:40:17.055		0.78496			4
2026.03.18	02:40:18.436	0.78481				2
2026.03.18	02:40:20.023	0.78478	0.78495			6
2026.03.18	02:40:26.411		0.78494			4
2026.03.18	02:40:27.372		0.78495			4
2026.03.18	02:40:27.674		0.78496			4
2026.03.18	02:40:29.181	0.78480				2
2026.03.18	02:40:29.481	0.78478				2
2026.03.18	02:40:33.914	0.78479				2
2026.03.18	02:40:34.443	0.78478				2
2026.03.18	02:40:34.744	0.78479				2
2026.03.18	02:40:35.444	0.78478				2
2026.03.18	02:40:38.236	0.78481				2
2026.03.18	02:40:43.339		0.78497			4
2026.03.18	02:40:43.640	0.78484	0.78498			6
2026.03.18	02:40:43.939		0.78497			4
2026.03.18	02:40:44.241		0.78498			4
2026.03.18	02:40:50.372	0.78483				2
2026.03.18	02:40:51.355	0.78484				2
2026.03.18	02:40:52.560	0.78486	0.78500			6
2026.03.18	02:40:53.161	0.78484	0.78498			6
2026.03.18	02:40:53.669		0.78499			4
2026.03.18	02:40:58.068	0.78482				2
2026.03.18	02:40:58.367	0.78484				2
2026.03.18	02:40:58.668	0.78483				2
2026.03.18	02:40:59.268	0.78482				2
2026.03.18	02:41:02.120	0.78482				2
2026.03.18	02:41:04.443	0.78483				2
2026.03.18	02:41:04.744	0.78484	0.78500			6
2026.03.18	02:41:05.043	0.78483				2
2026.03.18	02:41:05.715	0.78485				2
2026.03.18	02:41:07.443	0.78484				2
2026.03.18	02:41:07.744		0.78499			4
2026.03.18	02:41:08.045	0.78485				2
2026.03.18	02:41:08.443	0.78484				2
2026.03.18	02:41:13.140		0.78498			4
2026.03.18	02:41:14.316		0.78499			4
2026.03.18	02:41:16.289		0.78498			4
2026.03.18	02:41:17.908	0.78485	0.78497			6
2026.03.18	02:41:18.886		0.78498			4
2026.03.18	02:41:19.475		0.78499			4
2026.03.18	02:41:23.154	0.78484	0.78500			6
2026.03.18	02:41:23.623	0.78485				2
2026.03.18	02:41:27.615		0.78498			4
2026.03.18	02:41:29.596	0.78486				2
2026.03.18	02:41:29.897		0.78499			4
2026.03.18	02:41:31.138		0.78498			4
2026.03.18	02:41:31.474		0.78499			4
2026.03.18	02:41:34.493		0.78498			4
2026.03.18	02:41:40.329	0.78485				2
2026.03.18	02:41:40.631		0.78499			4
2026.03.18	02:41:45.751		0.78498			4
2026.03.18	02:41:46.324		0.78499			4
2026.03.18	02:41:46.623	0.78487				2
2026.03.18	02:41:46.924		0.78500			4
2026.03.18	02:41:47.224	0.78488				2
2026.03.18	02:41:48.014	0.78487				2
2026.03.18	02:41:48.617		0.78499			4
2026.03.18	02:41:48.917	0.78488				2
2026.03.18	02:41:53.185	0.78485				2
2026.03.18	02:41:55.377		0.78500			4
2026.03.18	02:41:58.818	0.78487				2
2026.03.18	02:41:59.420		0.78499			4
2026.03.18	02:42:00.021	0.78487				2
2026.03.18	02:42:02.121		0.78498			4
2026.03.18	02:42:03.696		0.78499			4
2026.03.18	02:42:04.228		0.78498			4
2026.03.18	02:42:05.478		0.78499			4
2026.03.18	02:42:09.706		0.78498			4
2026.03.18	02:42:10.206		0.78499			4
2026.03.18	02:42:28.296		0.78498			4
2026.03.18	02:42:28.717		0.78499			4
2026.03.18	02:42:32.449		0.78498			4
2026.03.18	02:42:34.274		0.78499			4
2026.03.18	02:42:50.327	0.78486				2
2026.03.18	02:42:51.995	0.78487				2
2026.03.18	02:42:54.254		0.78498			4
2026.03.18	02:43:01.410	0.78486				2
2026.03.18	02:43:10.081		0.78497			4
2026.03.18	02:43:11.501		0.78498			4
2026.03.18	02:43:16.706	0.78487				2
2026.03.18	02:43:19.181		0.78499			4
2026.03.18	02:43:24.647		0.78497			4
2026.03.18	02:43:31.165		0.78498			4
2026.03.18	02:43:32.730		0.78497			4
2026.03.18	02:43:34.230		0.78498			4
2026.03.18	02:43:35.141		0.78497			4
2026.03.18	02:43:35.641		0.78498			4
2026.03.18	02:43:36.404		0.78497			4
2026.03.18	02:43:36.993		0.78498			4
2026.03.18	02:43:37.293		0.78499			4
2026.03.18	02:43:37.775		0.78498			4
2026.03.18	02:43:38.075		0.78499			4
2026.03.18	02:43:39.250		0.78498			4
2026.03.18	02:43:54.306		0.78499			4
2026.03.18	02:43:54.806		0.78498			4
2026.03.18	02:43:55.307		0.78499			4
2026.03.18	02:43:55.807		0.78498			4
2026.03.18	02:43:58.164		0.78499			4
2026.03.18	02:43:58.465		0.78498			4
2026.03.18	02:43:58.806		0.78499			4
2026.03.18	02:44:00.806	0.78487				2
2026.03.18	02:44:01.306		0.78498			4
2026.03.18	02:44:02.168		0.78499			4
2026.03.18	02:44:02.916		0.78498			4
2026.03.18	02:44:04.673		0.78499			4
2026.03.18	02:44:05.168		0.78498			4
2026.03.18	02:44:06.768		0.78499			4
2026.03.18	02:44:10.184	0.78489	0.78498			6
2026.03.18	02:44:11.085		0.78497			4
2026.03.18	02:44:11.410		0.78498			4
2026.03.18	02:44:30.014		0.78499			4
2026.03.18	02:44:30.633		0.78498			4
2026.03.18	02:44:47.846		0.78499			4
2026.03.18	02:44:48.671		0.78498			4
2026.03.18	02:44:57.098		0.78497			4
2026.03.18	02:44:57.509		0.78498			4
2026.03.18	02:44:58.510		0.78497			4
2026.03.18	02:44:59.365	0.78486	0.78495			6
2026.03.18	02:45:00.009	0.78486				2
2026.03.18	02:45:00.611	0.78485				2
2026.03.18	02:45:01.838	0.78484				2
2026.03.18	02:45:02.139		0.78496			4
2026.03.18	02:45:02.439	0.78485				2
2026.03.18	02:45:08.724		0.78497			4
2026.03.18	02:45:09.561		0.78498			4
2026.03.18	02:45:09.887		0.78497			4
2026.03.18	02:45:10.787		0.78498			4
2026.03.18	02:45:11.089		0.78497			4
2026.03.18	02:45:13.356	0.78483				2
2026.03.18	02:45:15.785	0.78481	0.78496			6
2026.03.18	02:45:16.474	0.78484	0.78498			6
2026.03.18	02:45:23.768		0.78499			4
2026.03.18	02:45:24.068		0.78498			4
2026.03.18	02:45:27.577		0.78499			4
2026.03.18	02:45:28.301	0.78482	0.78498			6
2026.03.18	02:45:28.602	0.78484				2
2026.03.18	02:45:28.902	0.78483				2
2026.03.18	02:45:38.466		0.78499			4
2026.03.18	02:45:38.764		0.78497			4
2026.03.18	02:45:39.145		0.78496			4
2026.03.18	02:45:45.834		0.78497			4
2026.03.18	02:45:46.135		0.78495			4
2026.03.18	02:45:46.435		0.78494			4
2026.03.18	02:45:47.336		0.78495			4
2026.03.18	02:45:47.636	0.78484	0.78497			6
2026.03.18	02:45:47.935	0.78482	0.78495			6
2026.03.18	02:45:48.236		0.78494			4
2026.03.18	02:45:49.749		0.78495			4
2026.03.18	02:45:50.351		0.78494			4
2026.03.18	02:45:50.654	0.78483				2
2026.03.18	02:46:00.173	0.78483				2
2026.03.18	02:46:01.309	0.78480				2
2026.03.18	02:46:02.840		0.78493			4
2026.03.18	02:46:03.855		0.78494			4
2026.03.18	02:46:05.491	0.78481				2
2026.03.18	02:46:11.191		0.78493			4
2026.03.18	02:46:11.491		0.78494			4
2026.03.18	02:46:12.793	0.78480				2
2026.03.18	02:46:18.035		0.78495			4
2026.03.18	02:46:20.249	0.78481				2
2026.03.18	02:46:22.069		0.78494			4
2026.03.18	02:46:24.687		0.78493			4
2026.03.18	02:46:24.987		0.78494			4
2026.03.18	02:46:25.287	0.78478	0.78491			6
2026.03.18	02:46:31.253	0.78479				2
2026.03.18	02:46:32.643		0.78490			4
2026.03.18	02:46:44.143		0.78495			4
2026.03.18	02:46:44.444	0.78483				2
2026.03.18	02:46:46.059		0.78496			4
2026.03.18	02:46:51.515	0.78482	0.78493			6
2026.03.18	02:46:51.918		0.78494			4
2026.03.18	02:46:52.218	0.78479	0.78491			6
2026.03.18	02:46:53.170		0.78493			4
2026.03.18	02:46:53.470	0.78480				2
2026.03.18	02:46:53.985		0.78494			4
2026.03.18	02:46:57.441	0.78478				2
2026.03.18	02:46:58.292		0.78495			4
2026.03.18	02:46:58.593	0.78482	0.78494			6
2026.03.18	02:46:58.894		0.78495			4
2026.03.18	02:47:00.170	0.78482	0.78496			6
2026.03.18	02:47:00.469		0.78498			4
2026.03.18	02:47:01.071		0.78497			4
2026.03.18	02:47:01.672		0.78498			4
2026.03.18	02:47:02.272		0.78497			4
2026.03.18	02:47:04.898		0.78496			4
2026.03.18	02:47:05.897		0.78497			4
2026.03.18	02:47:08.196	0.78481	0.78496			6
2026.03.18	02:47:08.495	0.78483				2
2026.03.18	02:47:10.612	0.78482				2
2026.03.18	02:47:10.912	0.78485	0.78498			6
2026.03.18	02:47:11.514	0.78484				2
2026.03.18	02:47:12.115	0.78487	0.78500			6
