<DATE>	<TIME>	<BID>	<ASK>	<LAST>	<VOLUME>	<FLAGS>
2026.05.05	00:03:30.632	0.78285	0.78411			6
2026.05.05	00:03:53.014		0.78407			4
2026.05.05	00:04:00.147	0.78285				2
2026.05.05	00:04:16.316	0.78296	0.78411			6
2026.05.05	00:04:27.471	0.78285	0.78390			6
2026.05.05	00:04:36.947	0.78281				2
2026.05.05	00:04:37.248	0.78284				2
2026.05.05	00:04:40.950		0.78388			4
2026.05.05	00:04:41.254		0.78384			4
2026.05.05	00:04:47.894		0.78387			4
2026.05.05	00:04:56.959	0.78331				2
2026.05.05	00:04:57.280	0.78284				2
2026.05.05	00:04:57.582	0.78331				2
2026.05.05	00:04:57.880	0.78283	0.78377			6
2026.05.05	00:04:58.181	0.78291	0.78379			6
2026.05.05	00:04:58.786	0.78332	0.78387			6
2026.05.05	00:04:59.086	0.78291	0.78379			6
2026.05.05	00:04:59.389	0.78332	0.78387			6
2026.05.05	00:04:59.691	0.78291	0.78379			6
2026.05.05	00:04:59.990	0.78332	0.78387			6
2026.05.05	00:05:00.293	0.78324	0.78379			6
2026.05.05	00:05:00.591	0.78288				2
2026.05.05	00:05:04.236	0.78314	0.78416			6
2026.05.05	00:05:21.915	0.78316	0.78426			6
2026.05.05	00:05:26.973		0.78419			4
2026.05.05	00:05:27.755	0.78303	0.78498			6
2026.05.05	00:05:49.364		0.78488			4
2026.05.05	00:06:00.146	0.78303				2
2026.05.05	00:06:01.746	0.78328	0.78489			6
2026.05.05	00:06:45.561	0.78326				2
2026.05.05	00:06:47.833	0.78318				2
2026.05.05	00:06:49.912	0.78322				2
2026.05.05	00:07:00.944	0.78322				2
2026.05.05	00:07:03.911		0.78489			4
2026.05.05	00:07:15.912	0.78326				2
2026.05.05	00:07:17.106	0.78322				2
2026.05.05	00:07:17.812	0.78342				2
2026.05.05	00:07:18.114	0.78346				2
2026.05.05	00:07:20.912	0.78342				2
2026.05.05	00:07:32.912	0.78346				2
2026.05.05	00:08:00.912	0.78346				2
2026.05.05	00:08:01.449	0.78341				2
2026.05.05	00:08:08.527		0.78489			4
2026.05.05	00:08:10.425	0.78362				2
2026.05.05	00:08:15.546	0.78358				2
2026.05.05	00:08:17.262	0.78362				2
2026.05.05	00:09:01.451	0.78361				2
2026.05.05	00:09:10.231		0.78489			4
2026.05.05	00:09:34.206		0.78492			4
2026.05.05	00:09:34.509	0.78367	0.78455			6
2026.05.05	00:09:37.224	0.78361	0.78489			6
2026.05.05	00:09:53.916	0.78383				2
2026.05.05	00:10:00.073	0.78383	0.78503			6
2026.05.05	00:10:01.026		0.78502			4
2026.05.05	00:10:04.277	0.78382				2
2026.05.05	00:10:06.813		0.78501			4
2026.05.05	00:10:08.314	0.78383				2
2026.05.05	00:10:08.724		0.78500			4
2026.05.05	00:10:09.027	0.78382				2
2026.05.05	00:10:20.035	0.78374	0.78455			6
2026.05.05	00:10:55.588	0.78379				2
2026.05.05	00:11:00.103	0.78379				2
2026.05.05	00:11:02.205	0.78376				2
2026.05.05	00:11:13.933	0.78383	0.78485			6
2026.05.05	00:11:15.024		0.78491			4
2026.05.05	00:12:01.372	0.78383				2
2026.05.05	00:12:02.888	0.78379				2
2026.05.05	00:12:09.593	0.78383				2
2026.05.05	00:12:16.713		0.78491			4
2026.05.05	00:12:25.745	0.78391				2
2026.05.05	00:12:26.141	0.78390				2
2026.05.05	00:12:36.123	0.78388				2
2026.05.05	00:12:37.402	0.78389				2
2026.05.05	00:12:40.716	0.78387				2
2026.05.05	00:12:41.823	0.78386				2
2026.05.05	00:12:43.602	0.78387				2
2026.05.05	00:12:44.822	0.78386				2
2026.05.05	00:12:54.823	0.78387				2
2026.05.05	00:12:55.143	0.78389				2
2026.05.05	00:12:59.823	0.78386				2
2026.05.05	00:13:00.513	0.78386				2
2026.05.05	00:13:16.716		0.78491			4
2026.05.05	00:14:02.014	0.78386				2
2026.05.05	00:14:19.113		0.78491			4
2026.05.05	00:14:31.734	0.78396	0.78494			6
2026.05.05	00:15:00.214	0.78396				2
2026.05.05	00:15:23.451	0.78386	0.78458			6
2026.05.05	00:15:23.752		0.78469			4
2026.05.05	00:15:26.614		0.78468			4
2026.05.05	00:15:27.299	0.78372	0.78452			6
2026.05.05	00:15:30.391	0.78371				2
2026.05.05	00:15:40.468	0.78370	0.78454			6
2026.05.05	00:15:45.239		0.78453			4
2026.05.05	00:16:01.373	0.78370				2
2026.05.05	00:16:03.082	0.78371				2
2026.05.05	00:16:03.814		0.78452			4
2026.05.05	00:16:18.514		0.78453			4
2026.05.05	00:16:27.988	0.78361	0.78445			6
2026.05.05	00:16:29.523	0.78345				2
2026.05.05	00:16:29.823	0.78344	0.78446			6
2026.05.05	00:16:34.780	0.78347	0.78443			6
2026.05.05	00:16:40.020	0.78348	0.78442			6
2026.05.05	00:16:40.321	0.78349	0.78441			6
2026.05.05	00:16:41.377	0.78344	0.78446			6
2026.05.05	00:16:42.965	0.78343				2
2026.05.05	00:16:43.265		0.78447			4
2026.05.05	00:16:47.810	0.78341	0.78449			6
2026.05.05	00:16:49.719	0.78343	0.78447			6
2026.05.05	00:16:57.965	0.78342	0.78448			6
2026.05.05	00:17:02.081	0.78342				2
2026.05.05	00:17:08.313	0.78341				2
2026.05.05	00:17:08.614		0.78449			4
2026.05.05	00:17:17.466	0.78343				2
2026.05.05	00:17:17.766		0.78447			4
2026.05.05	00:17:18.068	0.78344	0.78446			6
2026.05.05	00:17:19.713	0.78343	0.78447			6
2026.05.05	00:17:31.673	0.78342	0.78448			6
2026.05.05	00:17:34.117	0.78341	0.78449			6
2026.05.05	00:17:35.013	0.78340				2
2026.05.05	00:17:35.315		0.78450			4
2026.05.05	00:17:51.813	0.78339				2
2026.05.05	00:17:52.115		0.78451			4
2026.05.05	00:17:57.516	0.78338	0.78452			6
2026.05.05	00:18:00.330	0.78338				2
2026.05.05	00:18:10.714	0.78337				2
2026.05.05	00:18:11.015		0.78453			4
2026.05.05	00:18:17.518	0.78338	0.78452			6
2026.05.05	00:18:33.216	0.78337				2
2026.05.05	00:18:33.518		0.78453			4
2026.05.05	00:18:56.913	0.78336				2
2026.05.05	00:18:57.214		0.78454			4
2026.05.05	00:19:00.215	0.78336				2
2026.05.05	00:19:16.887	0.78334	0.78456			6
2026.05.05	00:19:27.515	0.78333	0.78457			6
2026.05.05	00:19:37.113	0.78332	0.78458			6
2026.05.05	00:19:47.622	0.78334	0.78456			6
2026.05.05	00:19:50.669	0.78333	0.78457			6
2026.05.05	00:19:53.913	0.78332	0.78458			6
2026.05.05	00:19:57.459	0.78331	0.78459			6
2026.05.05	00:20:01.412	0.78331				2
2026.05.05	00:20:33.813	0.78330	0.78460			6
2026.05.05	00:20:35.717	0.78331	0.78459			6
2026.05.05	00:20:36.219	0.78330				2
2026.05.05	00:20:36.519		0.78460			4
2026.05.05	00:20:47.693	0.78331	0.78459			6
2026.05.05	00:20:48.773	0.78334	0.78456			6
2026.05.05	00:20:49.516	0.78335	0.78455			6
2026.05.05	00:20:49.818	0.78333	0.78457			6
2026.05.05	00:20:50.122	0.78331	0.78459			6
2026.05.05	00:20:53.911	0.78332	0.78458			6
2026.05.05	00:20:54.813	0.78333				2
2026.05.05	00:20:55.112		0.78457			4
2026.05.05	00:21:00.212	0.78333				2
2026.05.05	00:21:03.864	0.78336	0.78454			6
2026.05.05	00:21:05.870	0.78337				2
2026.05.05	00:21:06.172		0.78453			4
2026.05.05	00:21:06.479	0.78333	0.78457			6
2026.05.05	00:21:07.451	0.78332	0.78458			6
2026.05.05	00:21:12.459	0.78331	0.78459			6
2026.05.05	00:21:26.311	0.78332				2
2026.05.05	00:21:26.612		0.78458			4
2026.05.05	00:21:27.513	0.78333				2
2026.05.05	00:21:27.814		0.78457			4
2026.05.05	00:21:29.012	0.78332				2
2026.05.05	00:21:29.313		0.78458			4
2026.05.05	00:21:32.613	0.78333	0.78457			6
2026.05.05	00:21:41.913	0.78332	0.78458			6
2026.05.05	00:21:47.916	0.78333	0.78457			6
2026.05.05	00:21:49.079	0.78334	0.78456			6
2026.05.05	00:21:51.813	0.78333				2
2026.05.05	00:21:52.114		0.78457			4
2026.05.05	00:21:56.913	0.78334	0.78456			6
2026.05.05	00:22:01.373	0.78334				2
2026.05.05	00:22:02.623	0.78336	0.78454			6
2026.05.05	00:22:04.415	0.78337	0.78453			6
2026.05.05	00:22:10.480	0.78338	0.78452			6
2026.05.05	00:22:14.052	0.78337	0.78453			6
2026.05.05	00:22:26.214	0.78336	0.78454			6
2026.05.05	00:22:31.819	0.78337				2
2026.05.05	00:22:32.121		0.78453			4
2026.05.05	00:22:40.369	0.78338	0.78452			6
2026.05.05	00:22:48.816	0.78336	0.78454			6
2026.05.05	00:22:49.117	0.78337	0.78453			6
2026.05.05	00:23:00.382	0.78337				2
2026.05.05	00:23:00.682	0.78340	0.78450			6
2026.05.05	00:23:12.815	0.78339				2
2026.05.05	00:23:13.115		0.78451			4
2026.05.05	00:24:00.212	0.78339				2
2026.05.05	00:24:12.213	0.78338	0.78452			6
2026.05.05	00:24:22.112	0.78339				2
2026.05.05	00:24:22.413		0.78451			4
2026.05.05	00:24:25.112	0.78338				2
2026.05.05	00:24:25.416		0.78452			4
2026.05.05	00:25:00.214	0.78338				2
2026.05.05	00:25:04.810	0.78339	0.78451			6
2026.05.05	00:25:06.212	0.78338				2
2026.05.05	00:25:06.517		0.78452			4
2026.05.05	00:25:45.043	0.78316				2
2026.05.05	00:25:45.344		0.78453			4
2026.05.05	00:26:00.407	0.78316				2
2026.05.05	00:26:21.213		0.78454			4
2026.05.05	00:26:27.010	0.78315				2
2026.05.05	00:26:42.513		0.78455			4
2026.05.05	00:27:00.418	0.78315				2
2026.05.05	00:27:11.614		0.78456			4
2026.05.05	00:27:20.642		0.78455			4
2026.05.05	00:27:40.726		0.78456			4
2026.05.05	00:27:50.727		0.78455			4
2026.05.05	00:28:00.426	0.78315				2
2026.05.05	00:28:50.736		0.78456			4
2026.05.05	00:29:00.436	0.78315				2
2026.05.05	00:29:10.737		0.78455			4
2026.05.05	00:29:20.738		0.78456			4
2026.05.05	00:29:40.747		0.78457			4
2026.05.05	00:29:50.750		0.78455			4
2026.05.05	00:30:00.083	0.78315				2
2026.05.05	00:30:00.382		0.78456			4
2026.05.05	00:30:12.513		0.78455			4
2026.05.05	00:30:19.866		0.78454			4
2026.05.05	00:30:20.747		0.78455			4
2026.05.05	00:30:22.715		0.78454			4
2026.05.05	00:30:34.113		0.78455			4
2026.05.05	00:30:35.913		0.78454			4
2026.05.05	00:30:40.563		0.78455			4
2026.05.05	00:31:00.147	0.78315				2
2026.05.05	00:31:02.016	0.78312				2
2026.05.05	00:31:07.852		0.78453			4
2026.05.05	00:31:08.154		0.78449			4
2026.05.05	00:31:08.924		0.78454			4
2026.05.05	00:31:36.288		0.78453			4
2026.05.05	00:32:02.189	0.78312				2
2026.05.05	00:32:06.111		0.78451			4
2026.05.05	00:32:08.613		0.78450			4
2026.05.05	00:32:10.114		0.78451			4
2026.05.05	00:32:33.513		0.78450			4
2026.05.05	00:32:59.915		0.78449			4
2026.05.05	00:33:01.116	0.78312				2
2026.05.05	00:33:04.415	0.78329	0.78453			6
2026.05.05	00:33:05.318		0.78452			4
2026.05.05	00:33:08.410		0.78447			4
2026.05.05	00:33:08.710		0.78446			4
2026.05.05	00:33:20.764		0.78447			4
2026.05.05	00:33:21.513		0.78448			4
2026.05.05	00:33:25.113		0.78447			4
2026.05.05	00:33:37.480	0.78335				2
2026.05.05	00:33:50.766		0.78445			4
2026.05.05	00:33:53.963		0.78446			4
2026.05.05	00:34:00.607	0.78335				2
2026.05.05	00:34:00.907		0.78447			4
2026.05.05	00:34:18.367		0.78448			4
2026.05.05	00:34:20.176		0.78447			4
2026.05.05	00:34:22.115		0.78448			4
2026.05.05	00:34:23.146		0.78447			4
2026.05.05	00:34:32.482	0.78330				2
2026.05.05	00:34:54.515		0.78448			4
2026.05.05	00:35:01.113	0.78330				2
2026.05.05	00:35:27.483	0.78335				2
2026.05.05	00:35:44.450		0.78447			4
2026.05.05	00:35:46.103		0.78446			4
2026.05.05	00:35:55.093		0.78448			4
2026.05.05	00:35:55.713		0.78447			4
2026.05.05	00:36:00.513	0.78335				2
2026.05.05	00:36:02.944		0.78446			4
2026.05.05	00:36:04.992		0.78447			4
2026.05.05	00:36:18.047		0.78446			4
2026.05.05	00:36:19.413		0.78445			4
2026.05.05	00:36:22.484	0.78334				2
2026.05.05	00:36:28.243		0.78446			4
2026.05.05	00:36:33.047		0.78445			4
2026.05.05	00:36:40.977		0.78446			4
2026.05.05	00:36:48.045		0.78445			4
2026.05.05	00:36:56.016		0.78444			4
2026.05.05	00:36:58.274		0.78446			4
2026.05.05	00:36:58.574		0.78445			4
2026.05.05	00:37:02.314	0.78334				2
2026.05.05	00:37:03.049		0.78446			4
2026.05.05	00:37:09.866		0.78445			4
2026.05.05	00:37:17.315		0.78444			4
2026.05.05	00:37:17.615	0.78336	0.78441			6
2026.05.05	00:37:29.015		0.78440			4
2026.05.05	00:37:37.031	0.78367				2
2026.05.05	00:37:37.359	0.78336				2
2026.05.05	00:37:37.684	0.78367				2
2026.05.05	00:37:38.023	0.78336				2
2026.05.05	00:37:38.348	0.78367				2
2026.05.05	00:37:38.651	0.78336				2
2026.05.05	00:37:38.984	0.78367				2
2026.05.05	00:37:39.586	0.78336				2
2026.05.05	00:37:39.886	0.78367				2
2026.05.05	00:37:40.186	0.78336				2
2026.05.05	00:37:40.486	0.78367				2
2026.05.05	00:37:40.787	0.78336				2
2026.05.05	00:37:44.313		0.78439			4
2026.05.05	00:37:48.598		0.78443			4
2026.05.05	00:37:52.926		0.78441			4
2026.05.05	00:37:56.614		0.78440			4
2026.05.05	00:38:02.831	0.78336				2
2026.05.05	00:38:05.014		0.78439			4
2026.05.05	00:38:12.486	0.78331				2
2026.05.05	00:38:15.213		0.78438			4
2026.05.05	00:38:25.115		0.78437			4
2026.05.05	00:38:43.324		0.78436			4
2026.05.05	00:38:49.379		0.78437			4
2026.05.05	00:39:07.288	0.78331				2
2026.05.05	00:39:07.589	0.78335				2
2026.05.05	00:39:29.013		0.78436			4
2026.05.05	00:40:01.063	0.78335				2
2026.05.05	00:40:02.488	0.78334				2
2026.05.05	00:40:24.362		0.78435			4
2026.05.05	00:40:27.076	0.78337				2
2026.05.05	00:40:27.377	0.78334				2
2026.05.05	00:40:45.891	0.78336				2
2026.05.05	00:40:52.481	0.78334				2
2026.05.05	00:40:56.313		0.78434			4
2026.05.05	00:40:57.365	0.78339				2
2026.05.05	00:40:57.665		0.78433			4
2026.05.05	00:40:58.263	0.78335				2
2026.05.05	00:41:00.813	0.78335				2
2026.05.05	00:41:02.262	0.78339				2
2026.05.05	00:41:02.563	0.78334				2
2026.05.05	00:41:17.803		0.78429			4
2026.05.05	00:41:21.335		0.78431			4
2026.05.05	00:41:22.348		0.78430			4
2026.05.05	00:41:27.815		0.78429			4
2026.05.05	00:41:37.113		0.78428			4
2026.05.05	00:41:40.521	0.78319	0.78427			6
2026.05.05	00:41:41.254	0.78321	0.78426			6
2026.05.05	00:41:42.256	0.78320	0.78427			6
2026.05.05	00:41:42.557	0.78322	0.78425			6
2026.05.05	00:41:43.247	0.78321				2
2026.05.05	00:41:43.551	0.78320	0.78427			6
2026.05.05	00:41:44.669	0.78321				2
2026.05.05	00:41:44.969	0.78324				2
2026.05.05	00:41:45.269	0.78328				2
2026.05.05	00:41:47.914		0.78426			4
2026.05.05	00:41:52.116		0.78425			4
2026.05.05	00:41:55.333	0.78322				2
2026.05.05	00:41:58.113		0.78424			4
2026.05.05	00:42:00.232	0.78330	0.78425			6
2026.05.05	00:42:01.821		0.78426			4
2026.05.05	00:42:03.818		0.78425			4
2026.05.05	00:42:06.252	0.78327				2
2026.05.05	00:42:10.246	0.78322				2
2026.05.05	00:42:14.313		0.78424			4
2026.05.05	00:42:14.927	0.78329				2
2026.05.05	00:42:15.231	0.78326				2
2026.05.05	00:42:16.113		0.78425			4
2026.05.05	00:42:20.615		0.78424			4
2026.05.05	00:42:25.058	0.78322				2
2026.05.05	00:42:26.013	0.78323				2
2026.05.05	00:42:30.231	0.78328				2
2026.05.05	00:42:37.075	0.78326				2
2026.05.05	00:42:44.312		0.78423			4
2026.05.05	00:42:45.232	0.78330				2
2026.05.05	00:42:47.660	0.78329				2
2026.05.05	00:42:55.082	0.78326				2
2026.05.05	00:43:00.233	0.78331				2
2026.05.05	00:43:04.608	0.78326				2
2026.05.05	00:43:11.195		0.78422			4
2026.05.05	00:43:26.014		0.78421			4
2026.05.05	00:43:32.133		0.78422			4
2026.05.05	00:43:38.497		0.78421			4
2026.05.05	00:43:55.712		0.78420			4
2026.05.05	00:43:56.073	0.78327	0.78419			6
2026.05.05	00:44:01.373	0.78327				2
2026.05.05	00:44:04.815		0.78420			4
2026.05.05	00:44:05.391	0.78326	0.78421			6
2026.05.05	00:44:07.413		0.78420			4
2026.05.05	00:44:15.796	0.78328	0.78419			6
2026.05.05	00:44:16.097	0.78326	0.78420			6
2026.05.05	00:44:17.313		0.78421			4
2026.05.05	00:44:20.374	0.78330				2
2026.05.05	00:44:21.239	0.78326				2
2026.05.05	00:44:22.775	0.78329	0.78420			6
2026.05.05	00:44:33.064	0.78327				2
2026.05.05	00:44:37.718	0.78331				2
2026.05.05	00:44:42.483		0.78421			4
2026.05.05	00:44:43.414		0.78420			4
2026.05.05	00:44:47.876	0.78327	0.78421			6
2026.05.05	00:44:48.176	0.78328	0.78418			6
2026.05.05	00:44:49.413	0.78329				2
2026.05.05	00:44:49.814	0.78327	0.78421			6
2026.05.05	00:44:51.468		0.78420			4
2026.05.05	00:44:52.777	0.78333				2
2026.05.05	00:45:00.236	0.78333	0.78421			6
2026.05.05	00:45:00.537	0.78335	0.78412			6
2026.05.05	00:45:00.837	0.78333	0.78421			6
2026.05.05	00:45:01.137		0.78418			4
2026.05.05	00:45:02.621	0.78351	0.78432			6
2026.05.05	00:45:02.922		0.78431			4
2026.05.05	00:45:03.223	0.78357				2
2026.05.05	00:45:04.124		0.78432			4
2026.05.05	00:45:05.325	0.78333	0.78430			6
2026.05.05	00:45:05.625	0.78327	0.78422			6
2026.05.05	00:45:07.777	0.78335	0.78421			6
2026.05.05	00:45:08.113		0.78422			4
2026.05.05	00:45:10.845		0.78421			4
2026.05.05	00:45:11.145		0.78423			4
2026.05.05	00:45:17.600	0.78327				2
2026.05.05	00:45:21.007		0.78422			4
2026.05.05	00:45:22.776	0.78336				2
2026.05.05	00:45:29.348		0.78421			4
2026.05.05	00:45:33.114	0.78327	0.78422			6
2026.05.05	00:45:37.774	0.78336				2
2026.05.05	00:45:41.812	0.78327				2
2026.05.05	00:45:49.008		0.78421			4
2026.05.05	00:45:51.518	0.78328	0.78423			6
2026.05.05	00:45:53.841	0.78327				2
2026.05.05	00:45:54.149		0.78422			4
2026.05.05	00:46:01.639	0.78327				2
2026.05.05	00:46:02.243		0.78423			4
2026.05.05	00:46:06.213		0.78422			4
2026.05.05	00:46:06.514	0.78331				2
2026.05.05	00:46:07.713		0.78423			4
2026.05.05	00:46:13.713		0.78422			4
2026.05.05	00:46:16.851	0.78326				2
2026.05.05	00:46:21.514	0.78333				2
2026.05.05	00:46:25.444		0.78421			4
2026.05.05	00:46:31.662	0.78326				2
2026.05.05	00:46:36.771	0.78335				2
2026.05.05	00:46:46.475	0.78326				2
2026.05.05	00:46:51.774	0.78339				2
2026.05.05	00:47:01.686	0.78339				2
2026.05.05	00:47:02.608	0.78317	0.78430			6
2026.05.05	00:47:02.910	0.78358				2
2026.05.05	00:47:05.010		0.78431			4
2026.05.05	00:47:05.310	0.78339	0.78421			6
2026.05.05	00:47:06.215		0.78420			4
2026.05.05	00:47:08.017		0.78421			4
2026.05.05	00:47:25.715		0.78420			4
2026.05.05	00:47:46.793		0.78421			4
2026.05.05	00:47:53.613		0.78420			4
2026.05.05	00:48:05.012	0.78339				2
2026.05.05	00:48:41.491	0.78336				2
2026.05.05	00:48:57.192		0.78420			4
2026.05.05	00:49:02.489	0.78336				2
2026.05.05	00:49:06.773	0.78337	0.78419			6
2026.05.05	00:49:10.607	0.78336				2
2026.05.05	00:49:21.773	0.78339				2
2026.05.05	00:49:30.614	0.78337				2
2026.05.05	00:49:31.818	0.78336				2
2026.05.05	00:49:36.493	0.78340				2
2026.05.05	00:50:01.269	0.78340				2
2026.05.05	00:50:08.914		0.78419			4
2026.05.05	00:50:11.613		0.78420			4
2026.05.05	00:50:14.012		0.78419			4
2026.05.05	00:50:17.013		0.78420			4
2026.05.05	00:50:21.773		0.78419			4
2026.05.05	00:51:01.373	0.78340				2
2026.05.05	00:51:21.776		0.78419			4
2026.05.05	00:51:24.214		0.78420			4
2026.05.05	00:51:26.014		0.78419			4
2026.05.05	00:51:32.912		0.78420			4
2026.05.05	00:51:35.913		0.78419			4
2026.05.05	00:51:36.774	0.78341	0.78420			6
2026.05.05	00:51:47.042	0.78340	0.78419			6
2026.05.05	00:52:01.555	0.78340				2
2026.05.05	00:52:06.771	0.78342				2
2026.05.05	00:52:08.853	0.78363				2
2026.05.05	00:52:25.950	0.78364				2
2026.05.05	00:52:29.482	0.78363				2
2026.05.05	00:52:31.413	0.78364				2
2026.05.05	00:52:45.712	0.78358				2
2026.05.05	00:52:46.014	0.78338				2
2026.05.05	00:52:47.123		0.78419			4
2026.05.05	00:52:47.711	0.78344				2
2026.05.05	00:52:48.013	0.78348				2
2026.05.05	00:53:05.913	0.78348	0.78418			6
2026.05.05	00:53:08.013		0.78419			4
2026.05.05	00:53:14.912		0.78418			4
2026.05.05	00:53:20.614		0.78419			4
2026.05.05	00:53:34.413		0.78418			4
2026.05.05	00:53:48.356	0.78344				2
2026.05.05	00:53:49.541	0.78343				2
2026.05.05	00:53:49.843		0.78419			4
2026.05.05	00:53:50.953	0.78344				2
2026.05.05	00:53:59.333	0.78343				2
2026.05.05	00:54:03.057	0.78343				2
2026.05.05	00:54:18.361	0.78344				2
2026.05.05	00:54:24.781	0.78343				2
2026.05.05	00:54:31.114		0.78420			4
2026.05.05	00:54:46.113	0.78342				2
2026.05.05	00:54:51.813	0.78343				2
2026.05.05	00:55:02.013	0.78343				2
2026.05.05	00:55:05.129	0.78340	0.78422			6
2026.05.05	00:55:05.432	0.78339	0.78424			6
2026.05.05	00:55:07.713		0.78425			4
2026.05.05	00:55:09.029	0.78330	0.78433			6
2026.05.05	00:55:09.328	0.78339	0.78425			6
2026.05.05	00:55:14.468	0.78341	0.78422			6
2026.05.05	00:55:20.177	0.78340				2
2026.05.05	00:55:34.905	0.78339	0.78423			6
2026.05.05	00:55:44.551	0.78340				2
2026.05.05	00:55:53.576		0.78422			4
2026.05.05	00:56:00.202	0.78340				2
2026.05.05	00:56:01.402	0.78332	0.78419			6
2026.05.05	00:56:02.606		0.78467			4
2026.05.05	00:56:03.205		0.78468			4
2026.05.05	00:56:04.411		0.78465			4
2026.05.05	00:56:05.312		0.78456			4
2026.05.05	00:56:06.512		0.78455			4
2026.05.05	00:56:07.417		0.78454			4
2026.05.05	00:56:07.716	0.78339	0.78450			6
2026.05.05	00:56:09.225	0.78340	0.78449			6
2026.05.05	00:56:10.430	0.78341	0.78448			6
2026.05.05	00:56:11.651	0.78344	0.78445			6
2026.05.05	00:56:14.957	0.78345	0.78444			6
2026.05.05	00:56:17.061	0.78346	0.78443			6
2026.05.05	00:56:17.970	0.78343	0.78446			6
2026.05.05	00:56:21.891	0.78344	0.78445			6
2026.05.05	00:56:22.792	0.78348	0.78441			6
2026.05.05	00:56:35.712	0.78347	0.78442			6
2026.05.05	00:56:37.519	0.78348	0.78441			6
2026.05.05	00:56:42.346	0.78349	0.78440			6
2026.05.05	00:56:42.647	0.78348	0.78441			6
2026.05.05	00:56:44.454	0.78347	0.78442			6
2026.05.05	00:56:48.072	0.78345	0.78444			6
2026.05.05	00:56:49.578	0.78344	0.78445			6
2026.05.05	00:56:52.583	0.78348	0.78441			6
2026.05.05	00:57:00.105	0.78348				2
2026.05.05	00:57:02.812	0.78347	0.78442			6
2026.05.05	00:57:10.351	0.78348	0.78441			6
2026.05.05	00:57:12.762	0.78356	0.78433			6
2026.05.05	00:57:16.076	0.78355	0.78434			6
2026.05.05	00:57:20.289	0.78364	0.78435			6
2026.05.05	00:57:20.589	0.78343	0.78433			6
2026.05.05	00:57:22.696		0.78432			4
2026.05.05	00:57:26.908	0.78347	0.78429			6
2026.05.05	00:57:32.913	0.78366	0.78438			6
2026.05.05	00:57:33.817	0.78365	0.78439			6
2026.05.05	00:57:35.024		0.78448			4
2026.05.05	00:57:35.626		0.78456			4
2026.05.05	00:57:37.733		0.78448			4
2026.05.05	00:57:38.036		0.78456			4
2026.05.05	00:57:41.049	0.78364	0.78450			6
2026.05.05	00:57:41.352		0.78446			4
2026.05.05	00:57:41.651		0.78450			4
2026.05.05	00:57:42.553	0.78365				2
2026.05.05	00:57:45.270		0.78446			4
2026.05.05	00:57:45.572		0.78450			4
2026.05.05	00:57:49.185	0.78364				2
2026.05.05	00:57:51.287	0.78365	0.78482			6
2026.05.05	00:57:55.196	0.78364	0.78450			6
2026.05.05	00:58:00.002	0.78364				2
2026.05.05	00:58:03.912		0.78452			4
2026.05.05	00:58:04.513		0.78446			4
2026.05.05	00:58:04.815		0.78452			4
2026.05.05	00:58:05.422		0.78451			4
2026.05.05	00:58:15.659	0.78365	0.78446			6
2026.05.05	00:58:15.959		0.78484			4
2026.05.05	00:58:17.774		0.78459			4
2026.05.05	00:58:18.074		0.78446			4
2026.05.05	00:58:18.376		0.78454			4
2026.05.05	00:58:20.482	0.78364				2
2026.05.05	00:58:28.000	0.78365	0.78482			6
2026.05.05	00:58:28.600		0.78465			4
2026.05.05	00:58:28.899		0.78484			4
2026.05.05	00:58:31.605	0.78372	0.78445			6
2026.05.05	00:58:31.907	0.78370	0.78465			6
2026.05.05	00:58:32.207		0.78459			4
2026.05.05	00:58:32.507		0.78453			4
2026.05.05	00:58:32.809		0.78459			4
2026.05.05	00:58:33.108		0.78447			4
2026.05.05	00:58:33.408	0.78347	0.78437			6
2026.05.05	00:58:33.708	0.78356				2
2026.05.05	00:58:34.009	0.78353				2
2026.05.05	00:58:34.309	0.78363				2
2026.05.05	00:58:34.612	0.78346	0.78436			6
2026.05.05	00:58:34.913	0.78364				2
2026.05.05	00:58:35.214	0.78346				2
2026.05.05	00:58:35.512	0.78363	0.78437			6
2026.05.05	00:58:35.814	0.78346				2
2026.05.05	00:58:36.111	0.78360	0.78436			6
2026.05.05	00:58:36.415	0.78346				2
2026.05.05	00:58:36.712	0.78357				2
2026.05.05	00:58:38.517		0.78437			4
2026.05.05	00:58:40.621	0.78356				2
2026.05.05	00:58:41.831	0.78357				2
2026.05.05	00:58:42.726	0.78356				2
2026.05.05	00:58:43.627	0.78346				2
2026.05.05	00:58:43.928	0.78363				2
2026.05.05	00:58:50.852	0.78362	0.78438			6
2026.05.05	00:58:52.658	0.78363	0.78437			6
2026.05.05	00:58:52.959	0.78364	0.78436			6
2026.05.05	00:58:54.774	0.78346				2
2026.05.05	00:58:55.077	0.78357				2
2026.05.05	00:59:00.189	0.78357				2
2026.05.05	00:59:01.089	0.78358				2
2026.05.05	00:59:01.387	0.78357	0.78437			6
2026.05.05	00:59:04.396	0.78356				2
2026.05.05	00:59:05.898		0.78438			4
2026.05.05	00:59:12.208	0.78355				2
2026.05.05	00:59:14.917	0.78354	0.78440			6
2026.05.05	00:59:15.523	0.78346				2
2026.05.05	00:59:15.824	0.78360				2
2026.05.05	00:59:19.731	0.78362	0.78438			6
2026.05.05	00:59:20.635	0.78361	0.78439			6
2026.05.05	00:59:22.142	0.78348				2
2026.05.05	00:59:22.441	0.78354				2
2026.05.05	00:59:30.577	0.78344	0.78441			6
2026.05.05	00:59:30.878	0.78352				2
2026.05.05	00:59:31.177	0.78344				2
2026.05.05	00:59:31.779	0.78363	0.78449			6
2026.05.05	00:59:32.080	0.78344	0.78441			6
2026.05.05	00:59:35.394		0.78440			4
2026.05.05	00:59:35.995		0.78439			4
2026.05.05	00:59:36.597	0.78360	0.78444			6
2026.05.05	00:59:38.100	0.78359				2
2026.05.05	00:59:39.902	0.78358	0.78445			6
2026.05.05	00:59:42.007	0.78359	0.78448			6
2026.05.05	00:59:42.306	0.78357	0.78443			6
2026.05.05	00:59:42.607		0.78448			4
2026.05.05	00:59:42.908	0.78344	0.78436			6
2026.05.05	00:59:57.058		0.78437			4
2026.05.05	01:00:00.064	0.78344				2
2026.05.05	01:00:00.367		0.78431			4
2026.05.05	01:00:00.668		0.78430			4
2026.05.05	01:00:01.271	0.78342				2
2026.05.05	01:00:01.572	0.78340	0.78432			6
2026.05.05	01:00:01.872	0.78341	0.78468			6
2026.05.05	01:00:02.171	0.78325	0.78419			6
2026.05.05	01:00:02.477	0.78340	0.78440			6
2026.05.05	01:00:02.777	0.78338	0.78439			6
2026.05.05	01:00:03.077	0.78321	0.78440			6
2026.05.05	01:00:03.373	0.78357	0.78438			6
2026.05.05	01:00:03.671	0.78356	0.78433			6
2026.05.05	01:00:04.574	0.78361	0.78436			6
2026.05.05	01:00:06.078	0.78333	0.78413			6
2026.05.05	01:00:06.379	0.78334				2
2026.05.05	01:00:07.881	0.78333				2
2026.05.05	01:00:08.181	0.78334				2
2026.05.05	01:00:08.481	0.78331	0.78416			6
2026.05.05	01:00:09.084	0.78330	0.78417			6
2026.05.05	01:00:10.283	0.78338	0.78436			6
2026.05.05	01:00:10.588	0.78339	0.78418			6
2026.05.05	01:00:10.884	0.78330	0.78416			6
2026.05.05	01:00:11.484	0.78331				2
2026.05.05	01:00:12.991	0.78332	0.78415			6
2026.05.05	01:00:15.095	0.78331	0.78416			6
2026.05.05	01:00:16.895	0.78330				2
2026.05.05	01:00:17.193	0.78334	0.78412			6
2026.05.05	01:00:18.394		0.78413			4
2026.05.05	01:00:21.402	0.78333				2
2026.05.05	01:00:23.203	0.78334				2
2026.05.05	01:00:23.507	0.78333	0.78414			6
2026.05.05	01:00:23.806	0.78338	0.78413			6
2026.05.05	01:00:27.404	0.78334				2
2026.05.05	01:00:27.703		0.78414			4
2026.05.05	01:00:28.906	0.78333				2
2026.05.05	01:00:29.205		0.78413			4
2026.05.05	01:00:31.606	0.78334	0.78412			6
2026.05.05	01:00:32.207	0.78348	0.78411			6
2026.05.05	01:00:32.809		0.78410			4
2026.05.05	01:00:35.215		0.78413			4
2026.05.05	01:00:47.252	0.78350	0.78414			6
2026.05.05	01:01:00.166	0.78351				2
2026.05.05	01:01:03.177	0.78360	0.78405			6
2026.05.05	01:01:03.781	0.78361				2
2026.05.05	01:01:04.379		0.78403			4
2026.05.05	01:01:53.945	0.78363				2
2026.05.05	01:02:00.254	0.78363				2
2026.05.05	01:02:03.558		0.78406			4
2026.05.05	01:02:09.277	0.78364	0.78407			6
2026.05.05	01:02:40.219	0.78365				2
2026.05.05	01:02:55.856	0.78388	0.78411			6
2026.05.05	01:02:56.145	0.78396	0.78427			6
2026.05.05	01:02:56.746	0.78395				2
2026.05.05	01:02:57.353	0.78397	0.78423			6
2026.05.05	01:03:00.053	0.78397				2
2026.05.05	01:03:03.961	0.78399	0.78429			6
2026.05.05	01:03:04.258	0.78402				2
2026.05.05	01:03:04.557		0.78431			4
2026.05.05	01:03:06.062		0.78429			4
2026.05.05	01:03:06.665	0.78405	0.78430			6
2026.05.05	01:03:10.261	0.78406				2
2026.05.05	01:03:12.069	0.78407	0.78432			6
2026.05.05	01:03:16.877	0.78406	0.78431			6
2026.05.05	01:03:21.689		0.78428			4
2026.05.05	01:03:21.986	0.78407	0.78435			6
2026.05.05	01:03:23.791	0.78409	0.78434			6
2026.05.05	01:03:24.993	0.78410	0.78433			6
2026.05.05	01:03:35.507	0.78411	0.78434			6
2026.05.05	01:03:35.808	0.78410	0.78435			6
2026.05.05	01:03:37.910	0.78411	0.78434			6
2026.05.05	01:03:50.223	0.78410				2
2026.05.05	01:03:51.424		0.78433			4
2026.05.05	01:03:53.830	0.78409	0.78430			6
2026.05.05	01:03:57.734	0.78408				2
2026.05.05	01:04:00.147	0.78408				2
2026.05.05	01:04:00.445		0.78428			4
2026.05.05	01:04:01.944	0.78405	0.78429			6
2026.05.05	01:04:04.953		0.78427			4
2026.05.05	01:04:06.755		0.78424			4
2026.05.05	01:04:07.051	0.78407	0.78428			6
2026.05.05	01:04:07.956	0.78406	0.78425			6
2026.05.05	01:04:08.854		0.78424			4
2026.05.05	01:04:20.281		0.78425			4
2026.05.05	01:04:29.589	0.78409	0.78430			6
2026.05.05	01:04:38.602		0.78431			4
2026.05.05	01:04:47.010	0.78410	0.78430			6
2026.05.05	01:04:51.811	0.78408				2
2026.05.05	01:05:00.234	0.78408				2
2026.05.05	01:05:13.153		0.78429			4
2026.05.05	01:05:23.368	0.78409	0.78428			6
2026.05.05	01:05:24.271	0.78408	0.78426			6
2026.05.05	01:05:24.872	0.78409				2
2026.05.05	01:05:27.283	0.78410				2
2026.05.05	01:05:35.700	0.78409				2
2026.05.05	01:05:37.801	0.78410	0.78427			6
2026.05.05	01:05:38.402		0.78426			4
2026.05.05	01:05:42.611	0.78412	0.78429			6
2026.05.05	01:06:00.036	0.78412				2
2026.05.05	01:06:20.487	0.78411	0.78427			6
2026.05.05	01:06:30.406	0.78410	0.78426			6
2026.05.05	01:07:00.179	0.78410				2
2026.05.05	01:07:02.276	0.78409	0.78425			6
2026.05.05	01:07:15.803		0.78427			4
2026.05.05	01:07:23.920		0.78425			4
2026.05.05	01:07:26.626	0.78408	0.78424			6
2026.05.05	01:08:00.013	0.78408				2
2026.05.05	01:08:04.824	0.78409	0.78425			6
2026.05.05	01:08:06.322	0.78407	0.78423			6
2026.05.05	01:08:07.530	0.78408	0.78424			6
2026.05.05	01:08:08.726	0.78407	0.78423			6
2026.05.05	01:08:11.730	0.78404	0.78420			6
2026.05.05	01:08:13.233	0.78403	0.78419			6
2026.05.05	01:08:24.366		0.78418			4
2026.05.05	01:08:24.968	0.78410	0.78425			6
2026.05.05	01:08:30.082	0.78407	0.78422			6
2026.05.05	01:08:39.703	0.78408	0.78423			6
2026.05.05	01:09:00.132	0.78408				2
2026.05.05	01:09:00.731	0.78407	0.78422			6
2026.05.05	01:09:07.350	0.78406	0.78421			6
2026.05.05	01:09:07.651	0.78405	0.78420			6
2026.05.05	01:09:09.151	0.78404	0.78419			6
2026.05.05	01:09:11.557		0.78418			4
2026.05.05	01:09:14.561	0.78405	0.78420			6
2026.05.05	01:09:16.064	0.78404	0.78419			6
2026.05.05	01:09:18.169	0.78405	0.78420			6
2026.05.05	01:09:28.685	0.78404	0.78419			6
2026.05.05	01:09:44.319	0.78405	0.78420			6
2026.05.05	01:09:48.229	0.78407	0.78422			6
2026.05.05	01:09:51.240	0.78406	0.78420			6
2026.05.05	01:10:00.259	0.78406				2
2026.05.05	01:10:05.666	0.78404	0.78419			6
2026.05.05	01:10:08.078	0.78403	0.78418			6
2026.05.05	01:10:12.589	0.78404	0.78419			6
2026.05.05	01:10:30.011	0.78403	0.78418			6
2026.05.05	01:10:55.273	0.78404	0.78419			6
2026.05.05	01:11:00.092	0.78404				2
2026.05.05	01:11:01.887		0.78418			4
2026.05.05	01:11:13.307	0.78403				2
2026.05.05	01:11:39.771	0.78402				2
2026.05.05	01:11:43.071		0.78417			4
2026.05.05	01:11:45.178	0.78403	0.78419			6
2026.05.05	01:11:46.679	0.78402	0.78417			6
2026.05.05	01:11:51.185		0.78418			4
2026.05.05	01:11:54.789	0.78419	0.78420			6
2026.05.05	01:11:55.088	0.78402	0.78418			6
2026.05.05	01:11:55.390	0.78419	0.78420			6
2026.05.05	01:11:55.688	0.78402	0.78418			6
2026.05.05	01:11:56.287	0.78419	0.78420			6
2026.05.05	01:11:56.590	0.78402	0.78418			6
2026.05.05	01:11:56.888	0.78419	0.78420			6
2026.05.05	01:11:57.188	0.78402	0.78418			6
2026.05.05	01:11:57.489	0.78419	0.78420			6
2026.05.05	01:11:57.797	0.78402	0.78418			6
2026.05.05	01:11:58.399	0.78419	0.78420			6
2026.05.05	01:11:58.691	0.78402	0.78418			6
2026.05.05	01:12:00.195	0.78402				2
2026.05.05	01:12:01.395	0.78403				2
2026.05.05	01:12:08.010	0.78402				2
2026.05.05	01:12:38.978	0.78400	0.78417			6
2026.05.05	01:12:42.887	0.78401				2
2026.05.05	01:12:50.401	0.78399	0.78415			6
2026.05.05	01:13:00.019	0.78399				2
2026.05.05	01:13:11.458	0.78400				2
2026.05.05	01:13:27.110	0.78399	0.78416			6
2026.05.05	01:13:37.631	0.78401	0.78417			6
2026.05.05	01:13:38.234	0.78402				2
2026.05.05	01:13:41.543	0.78401				2
2026.05.05	01:13:44.249	0.78402				2
2026.05.05	01:13:49.068	0.78401				2
2026.05.05	01:13:51.468	0.78400	0.78414			6
2026.05.05	01:13:51.767	0.78399				2
2026.05.05	01:13:53.873	0.78400				2
2026.05.05	01:13:55.676	0.78399				2
2026.05.05	01:13:56.574		0.78413			4
2026.05.05	01:13:58.079	0.78400				2
2026.05.05	01:14:00.186	0.78400				2
2026.05.05	01:14:00.485	0.78399				2
2026.05.05	01:14:01.389	0.78398				2
2026.05.05	01:14:06.491		0.78414			4
2026.05.05	01:14:13.703		0.78413			4
2026.05.05	01:14:14.002		0.78414			4
2026.05.05	01:14:16.712	0.78401	0.78416			6
2026.05.05	01:14:25.113	0.78402				2
2026.05.05	01:14:27.220		0.78417			4
2026.05.05	01:14:31.441	0.78401	0.78416			6
2026.05.05	01:14:36.852		0.78415			4
2026.05.05	01:14:37.755		0.78416			4
2026.05.05	01:14:51.887	0.78400				2
2026.05.05	01:14:53.387	0.78401				2
2026.05.05	01:14:56.095	0.78404	0.78417			6
2026.05.05	01:15:00.005	0.78404				2
2026.05.05	01:15:07.809		0.78416			4
2026.05.05	01:15:09.310	0.78403				2
2026.05.05	01:15:09.612	0.78404				2
2026.05.05	01:15:12.913	0.78403				2
2026.05.05	01:15:28.859	0.78404				2
2026.05.05	01:15:30.961	0.78406	0.78418			6
2026.05.05	01:15:33.675	0.78407				2
2026.05.05	01:15:34.877		0.78419			4
2026.05.05	01:15:36.381	0.78406	0.78418			6
2026.05.05	01:15:37.587	0.78408	0.78420			6
2026.05.05	01:15:37.883		0.78421			4
2026.05.05	01:15:38.484	0.78407	0.78420			6
2026.05.05	01:15:38.787	0.78408	0.78421			6
2026.05.05	01:15:44.800		0.78420			4
2026.05.05	01:15:45.096		0.78419			4
2026.05.05	01:15:45.399		0.78420			4
2026.05.05	01:15:47.501		0.78419			4
2026.05.05	01:15:48.702		0.78420			4
2026.05.05	01:15:49.003		0.78419			4
2026.05.05	01:15:49.603		0.78420			4
2026.05.05	01:15:50.203		0.78419			4
2026.05.05	01:15:51.401	0.78407	0.78418			6
2026.05.05	01:15:51.710		0.78419			4
2026.05.05	01:15:57.411		0.78420			4
2026.05.05	01:15:57.712		0.78418			4
2026.05.05	01:15:58.612	0.78406	0.78419			6
2026.05.05	01:16:00.114	0.78406				2
2026.05.05	01:16:04.324		0.78418			4
2026.05.05	01:16:06.129		0.78417			4
2026.05.05	01:16:19.051		0.78419			4
2026.05.05	01:16:24.158		0.78418			4
2026.05.05	01:16:26.561		0.78417			4
2026.05.05	01:16:27.763		0.78418			4
2026.05.05	01:16:30.172		0.78419			4
2026.05.05	01:16:32.282	0.78407	0.78418			6
2026.05.05	01:16:35.888	0.78406				2
2026.05.05	01:16:37.391	0.78407				2
2026.05.05	01:16:39.496	0.78406				2
2026.05.05	01:16:40.396	0.78407				2
2026.05.05	01:16:42.802	0.78406				2
2026.05.05	01:16:43.108	0.78407				2
2026.05.05	01:16:43.406	0.78406				2
2026.05.05	01:16:44.904	0.78407				2
2026.05.05	01:16:48.207	0.78406				2
2026.05.05	01:16:50.313	0.78407				2
2026.05.05	01:16:51.217	0.78405	0.78417			6
2026.05.05	01:16:51.518	0.78404				2
2026.05.05	01:16:56.024	0.78405				2
2026.05.05	01:16:58.433		0.78416			4
2026.05.05	01:17:00.237	0.78405				2
2026.05.05	01:17:25.795	0.78412	0.78424			6
2026.05.05	01:17:26.094		0.78423			4
2026.05.05	01:17:27.595	0.78413				2
2026.05.05	01:17:28.498	0.78412				2
2026.05.05	01:17:31.204	0.78413				2
2026.05.05	01:17:37.819	0.78412				2
2026.05.05	01:17:39.318	0.78413				2
2026.05.05	01:17:39.618	0.78412				2
2026.05.05	01:17:39.922	0.78413				2
2026.05.05	01:17:40.828	0.78412				2
2026.05.05	01:17:42.027	0.78413				2
2026.05.05	01:17:49.235	0.78412				2
2026.05.05	01:17:51.041	0.78413	0.78422			6
2026.05.05	01:17:59.765	0.78412	0.78423			6
2026.05.05	01:18:00.065	0.78412				2
2026.05.05	01:18:01.867	0.78413				2
2026.05.05	01:18:04.877	0.78412				2
2026.05.05	01:18:06.083	0.78413				2
2026.05.05	01:18:07.887	0.78412				2
2026.05.05	01:18:14.199	0.78413				2
2026.05.05	01:18:26.216	0.78408	0.78419			6
2026.05.05	01:18:37.338	0.78405	0.78418			6
2026.05.05	01:18:37.942	0.78404	0.78417			6
2026.05.05	01:18:41.850	0.78405				2
2026.05.05	01:18:56.893	0.78407	0.78418			6
2026.05.05	01:18:57.189	0.78406				2
2026.05.05	01:18:57.792		0.78417			4
2026.05.05	01:18:58.997	0.78407	0.78418			6
2026.05.05	01:19:00.200	0.78407				2
2026.05.05	01:19:01.999		0.78417			4
2026.05.05	01:19:05.302	0.78405				2
2026.05.05	01:19:07.405	0.78406				2
2026.05.05	01:19:08.609	0.78407				2
2026.05.05	01:19:14.616	0.78406				2
2026.05.05	01:19:14.916	0.78407				2
2026.05.05	01:19:15.820	0.78406				2
2026.05.05	01:19:17.625	0.78407				2
2026.05.05	01:19:19.431	0.78406				2
2026.05.05	01:19:23.654	0.78407				2
2026.05.05	01:19:31.183	0.78406				2
2026.05.05	01:19:31.484	0.78407				2
2026.05.05	01:19:32.987	0.78408	0.78418			6
2026.05.05	01:19:37.200		0.78419			4
2026.05.05	01:19:37.499		0.78418			4
2026.05.05	01:19:39.303		0.78419			4
2026.05.05	01:19:48.012		0.78418			4
2026.05.05	01:19:49.512		0.78419			4
2026.05.05	01:19:51.312		0.78418			4
2026.05.05	01:19:52.816		0.78419			4
2026.05.05	01:19:57.939		0.78418			4
2026.05.05	01:20:00.051	0.78408	0.78419			6
2026.05.05	01:20:00.350		0.78418			4
2026.05.05	01:20:00.951	0.78406	0.78416			6
2026.05.05	01:20:03.055	0.78408	0.78417			6
2026.05.05	01:20:04.259	0.78407	0.78416			6
2026.05.05	01:20:04.559	0.78408	0.78418			6
2026.05.05	01:20:09.373	0.78407	0.78415			6
2026.05.05	01:20:11.171	0.78406				2
2026.05.05	01:20:13.571	0.78405	0.78414			6
2026.05.05	01:20:18.385	0.78404	0.78413			6
2026.05.05	01:21:00.196	0.78404				2
2026.05.05	01:21:12.206		0.78415			4
2026.05.05	01:21:12.508		0.78413			4
2026.05.05	01:21:17.920	0.78405	0.78415			6
2026.05.05	01:21:21.526		0.78416			4
2026.05.05	01:21:23.029		0.78415			4
2026.05.05	01:21:23.931		0.78416			4
2026.05.05	01:21:38.973		0.78414			4
2026.05.05	01:22:00.010	0.78405				2
2026.05.05	01:22:05.716		0.78416			4
2026.05.05	01:22:09.027		0.78415			4
2026.05.05	01:22:11.131	0.78404	0.78414			6
2026.05.05	01:22:15.344	0.78405				2
2026.05.05	01:22:31.893		0.78413			4
2026.05.05	01:22:34.302		0.78414			4
2026.05.05	01:22:36.702		0.78413			4
2026.05.05	01:22:38.203		0.78416			4
2026.05.05	01:22:42.414		0.78414			4
2026.05.05	01:22:43.617	0.78404	0.78413			6
2026.05.05	01:22:45.415		0.78412			4
2026.05.05	01:22:50.530		0.78413			4
2026.05.05	01:22:52.633		0.78412			4
2026.05.05	01:22:53.832		0.78413			4
2026.05.05	01:23:00.156	0.78404				2
2026.05.05	01:23:06.470	0.78405	0.78412			6
2026.05.05	01:23:09.782	0.78404	0.78413			6
2026.05.05	01:23:27.819		0.78412			4
2026.05.05	01:23:29.614		0.78413			4
2026.05.05	01:23:37.453		0.78412			4
2026.05.05	01:23:38.952	0.78402				2
2026.05.05	01:23:40.153		0.78411			4
2026.05.05	01:23:44.061		0.78410			4
2026.05.05	01:23:44.961	0.78401	0.78409			6
2026.05.05	01:23:47.366	0.78402				2
2026.05.05	01:23:50.674		0.78410			4
2026.05.05	01:23:53.989		0.78411			4
2026.05.05	01:23:54.288		0.78410			4
2026.05.05	01:23:58.798		0.78411			4
2026.05.05	01:23:59.402		0.78410			4
2026.05.05	01:23:59.699		0.78411			4
2026.05.05	01:24:00.004	0.78402				2
2026.05.05	01:24:54.127		0.78410			4
2026.05.05	01:24:55.328		0.78409			4
2026.05.05	01:24:57.137		0.78410			4
2026.05.05	01:24:58.636		0.78411			4
2026.05.05	01:25:00.144	0.78402				2
2026.05.05	01:25:04.349		0.78410			4
2026.05.05	01:25:06.752		0.78409			4
2026.05.05	01:25:22.092	0.78399	0.78407			6
2026.05.05	01:25:22.396		0.78406			4
2026.05.05	01:25:34.714	0.78400	0.78409			6
2026.05.05	01:25:42.239	0.78399	0.78407			6
2026.05.05	01:25:42.540	0.78400	0.78409			6
2026.05.05	01:25:46.151		0.78408			4
2026.05.05	01:25:58.178		0.78409			4
2026.05.05	01:26:00.289	0.78400	0.78408			6
2026.05.05	01:26:03.288		0.78409			4
2026.05.05	01:26:15.011		0.78408			4
2026.05.05	01:26:26.437	0.78401				2
2026.05.05	01:26:35.770	0.78400				2
2026.05.05	01:26:40.284		0.78409			4
2026.05.05	01:26:52.905		0.78408			4
2026.05.05	01:27:00.120	0.78400				2
2026.05.05	01:27:12.144		0.78409			4
2026.05.05	01:27:12.446		0.78406			4
2026.05.05	01:27:12.745	0.78399	0.78407			6
2026.05.05	01:27:19.963	0.78398	0.78404			6
2026.05.05	01:27:20.259	0.78397	0.78403			6
2026.05.05	01:27:37.104	0.78398	0.78404			6
2026.05.05	01:27:41.006	0.78397	0.78403			6
2026.05.05	01:27:42.508	0.78398	0.78404			6
2026.05.05	01:27:44.615	0.78397	0.78403			6
2026.05.05	01:27:46.420	0.78398	0.78404			6
2026.05.05	01:27:48.223	0.78397	0.78403			6
2026.05.05	01:27:49.128	0.78398	0.78404			6
2026.05.05	01:28:00.253	0.78398				2
2026.05.05	01:28:01.756	0.78397				2
2026.05.05	01:28:05.661	0.78398				2
2026.05.05	01:28:07.471	0.78397				2
2026.05.05	01:28:08.972	0.78398				2
2026.05.05	01:28:10.480	0.78397				2
2026.05.05	01:28:10.780	0.78398				2
2026.05.05	01:28:12.282	0.78397				2
2026.05.05	01:28:13.788	0.78398				2
2026.05.05	01:28:14.391	0.78397				2
2026.05.05	01:28:15.288	0.78398				2
2026.05.05	01:28:16.190	0.78397				2
2026.05.05	01:28:17.698	0.78398				2
2026.05.05	01:28:20.402		0.78403			4
2026.05.05	01:28:20.699	0.78396				2
2026.05.05	01:28:22.501		0.78402			4
2026.05.05	01:28:23.101	0.78395				2
2026.05.05	01:28:30.011	0.78394				2
2026.05.05	01:28:30.312	0.78391	0.78399			6
2026.05.05	01:28:30.612	0.78390	0.78398			6
2026.05.05	01:28:30.909		0.78399			4
2026.05.05	01:28:33.013	0.78389				2
2026.05.05	01:28:33.318	0.78388				2
2026.05.05	01:28:33.912	0.78389				2
2026.05.05	01:28:35.419	0.78390				2
2026.05.05	01:28:45.655	0.78389				2
2026.05.05	01:28:47.164		0.78400			4
2026.05.05	01:28:58.902	0.78393	0.78401			6
2026.05.05	01:29:00.105	0.78393				2
2026.05.05	01:29:04.309	0.78394				2
2026.05.05	01:29:04.608	0.78393				2
2026.05.05	01:29:13.642	0.78394				2
2026.05.05	01:29:15.750	0.78393				2
2026.05.05	01:29:16.953	0.78391				2
2026.05.05	01:29:17.253	0.78390				2
2026.05.05	01:29:17.553	0.78391				2
2026.05.05	01:29:17.853	0.78390				2
2026.05.05	01:29:18.153	0.78392				2
2026.05.05	01:29:20.569	0.78391				2
2026.05.05	01:29:22.083	0.78390				2
2026.05.05	01:29:22.681		0.78400			4
2026.05.05	01:29:29.899	0.78391				2
2026.05.05	01:29:30.501	0.78389	0.78399			6
2026.05.05	01:29:30.803	0.78391				2
2026.05.05	01:29:31.399		0.78400			4
2026.05.05	01:29:35.607	0.78389	0.78399			6
2026.05.05	01:29:38.009	0.78388	0.78398			6
2026.05.05	01:29:38.310	0.78387				2
2026.05.05	01:29:42.513	0.78388				2
2026.05.05	01:29:42.812	0.78387				2
2026.05.05	01:29:43.714	0.78388				2
2026.05.05	01:29:45.518	0.78387				2
2026.05.05	01:29:46.723	0.78388				2
2026.05.05	01:29:59.651	0.78389				2
2026.05.05	01:30:00.252	0.78389				2
2026.05.05	01:30:00.856	0.78387				2
2026.05.05	01:30:01.454	0.78388				2
2026.05.05	01:30:02.657	0.78393	0.78394			6
2026.05.05	01:30:04.459	0.78392	0.78393			6
2026.05.05	01:30:05.359		0.78394			4
2026.05.05	01:30:05.959	0.78388	0.78398			6
2026.05.05	01:30:08.065		0.78399			4
2026.05.05	01:30:08.966	0.78386	0.78397			6
2026.05.05	01:30:09.869	0.78387				2
2026.05.05	01:30:10.772	0.78386	0.78398			6
2026.05.05	01:30:14.684		0.78397			4
2026.05.05	01:30:15.282	0.78387	0.78398			6
2026.05.05	01:30:19.187	0.78386	0.78397			6
2026.05.05	01:30:21.298	0.78387	0.78398			6
2026.05.05	01:30:28.509		0.78399			4
2026.05.05	01:30:30.312	0.78388	0.78400			6
2026.05.05	01:30:30.911	0.78387	0.78398			6
2026.05.05	01:30:33.316	0.78386	0.78397			6
2026.05.05	01:30:34.826	0.78388				2
2026.05.05	01:31:00.095	0.78388				2
2026.05.05	01:31:19.021		0.78398			4
2026.05.05	01:31:22.628	0.78385	0.78395			6
2026.05.05	01:31:23.832	0.78384				2
2026.05.05	01:31:32.553	0.78385				2
2026.05.05	01:31:40.380	0.78384				2
2026.05.05	01:31:43.388	0.78385				2
2026.05.05	01:31:47.601	0.78386				2
2026.05.05	01:32:00.218	0.78386				2
2026.05.05	01:32:03.223	0.78388	0.78396			6
2026.05.05	01:32:03.527	0.78384				2
2026.05.05	01:32:03.826	0.78383				2
2026.05.05	01:32:04.126	0.78385				2
2026.05.05	01:32:07.436	0.78384				2
2026.05.05	01:32:09.537	0.78385				2
2026.05.05	01:32:11.638	0.78384				2
2026.05.05	01:32:13.745	0.78385				2
2026.05.05	01:32:14.948	0.78384				2
2026.05.05	01:32:17.352	0.78385				2
2026.05.05	01:32:17.954	0.78384				2
2026.05.05	01:32:22.767	0.78385				2
2026.05.05	01:32:25.179	0.78384				2
2026.05.05	01:32:25.482	0.78385				2
2026.05.05	01:32:25.786	0.78384				2
2026.05.05	01:32:26.387	0.78385				2
2026.05.05	01:32:26.688	0.78384				2
2026.05.05	01:32:28.189	0.78385				2
2026.05.05	01:32:29.995	0.78384				2
2026.05.05	01:32:34.809	0.78383	0.78394			6
2026.05.05	01:32:36.607	0.78382	0.78393			6
2026.05.05	01:32:36.906	0.78381				2
2026.05.05	01:32:39.910	0.78382	0.78392			6
2026.05.05	01:32:45.025	0.78381				2
2026.05.05	01:32:50.131		0.78393			4
2026.05.05	01:32:53.138		0.78392			4
2026.05.05	01:33:00.052	0.78381				2
2026.05.05	01:33:08.774	0.78380				2
2026.05.05	01:33:09.678	0.78381				2
2026.05.05	01:33:16.297	0.78382				2
2026.05.05	01:33:16.597	0.78381				2
2026.05.05	01:33:19.004		0.78393			4
2026.05.05	01:33:24.717	0.78380				2
2026.05.05	01:33:32.839	0.78381				2
2026.05.05	01:33:46.082	0.78380				2
2026.05.05	01:33:50.890	0.78381	0.78392			6
2026.05.05	01:33:53.595	0.78382	0.78393			6
2026.05.05	01:33:55.696	0.78381				2
2026.05.05	01:33:57.501	0.78382				2
2026.05.05	01:33:59.004	0.78381				2
2026.05.05	01:34:00.209	0.78381				2
2026.05.05	01:34:13.433	0.78382				2
2026.05.05	01:34:13.734	0.78380				2
2026.05.05	01:34:18.249	0.78381				2
2026.05.05	01:34:21.863	0.78380				2
2026.05.05	01:34:28.781	0.78381				2
2026.05.05	01:34:40.809	0.78383				2
2026.05.05	01:34:41.102	0.78388	0.78395			6
2026.05.05	01:34:41.410		0.78397			4
2026.05.05	01:34:42.609	0.78389				2
2026.05.05	01:34:43.812	0.78392	0.78398			6
2026.05.05	01:34:44.111		0.78399			4
2026.05.05	01:34:54.628	0.78394	0.78401			6
2026.05.05	01:34:54.932	0.78393				2
2026.05.05	01:34:59.131	0.78394				2
2026.05.05	01:35:00.037	0.78393				2
2026.05.05	01:35:00.331	0.78394				2
2026.05.05	01:35:00.932	0.78393				2
2026.05.05	01:35:03.640		0.78400			4
2026.05.05	01:35:09.658	0.78392				2
2026.05.05	01:35:52.667	0.78391	0.78399			6
2026.05.05	01:35:59.889	0.78394	0.78400			6
2026.05.05	01:36:00.190	0.78394				2
2026.05.05	01:36:00.489		0.78402			4
2026.05.05	01:36:20.929	0.78393	0.78400			6
2026.05.05	01:36:21.230	0.78392				2
2026.05.05	01:36:23.943	0.78391				2
2026.05.05	01:36:26.656	0.78392	0.78399			6
2026.05.05	01:36:34.780	0.78390	0.78397			6
2026.05.05	01:36:40.790	0.78389				2
2026.05.05	01:36:47.400	0.78390				2
2026.05.05	01:36:55.806	0.78389				2
2026.05.05	01:36:57.610	0.78390				2
2026.05.05	01:36:59.712	0.78391				2
2026.05.05	01:37:00.020	0.78391				2
2026.05.05	01:37:06.028	0.78390				2
2026.05.05	01:37:33.989	0.78389				2
2026.05.05	01:37:34.289	0.78390				2
2026.05.05	01:37:34.891		0.78397			4
2026.05.05	01:37:41.804	0.78389				2
2026.05.05	01:37:53.225	0.78390				2
2026.05.05	01:37:53.824	0.78388				2
2026.05.05	01:37:55.631	0.78389				2
2026.05.05	01:38:00.136	0.78389				2
2026.05.05	01:38:35.001		0.78397			4
2026.05.05	01:39:00.259	0.78389				2
2026.05.05	01:39:35.146		0.78397			4
2026.05.05	01:39:36.653	0.78390				2
2026.05.05	01:39:45.381	0.78391	0.78398			6
2026.05.05	01:39:48.385	0.78392				2
2026.05.05	01:39:55.612	0.78391				2
2026.05.05	01:39:55.913	0.78392	0.78399			6
2026.05.05	01:39:56.813		0.78398			4
2026.05.05	01:40:00.128	0.78392				2
2026.05.05	01:40:01.929	0.78391				2
2026.05.05	01:40:09.138		0.78397			4
2026.05.05	01:41:00.288	0.78391				2
2026.05.05	01:41:03.296	0.78390				2
2026.05.05	01:41:09.303		0.78397			4
2026.05.05	01:41:27.035		0.78398			4
2026.05.05	01:41:34.852	0.78389				2
2026.05.05	01:41:48.089	0.78390				2
2026.05.05	01:41:59.810	0.78391				2
2026.05.05	01:42:00.115	0.78391				2
2026.05.05	01:42:01.614	0.78389				2
2026.05.05	01:42:05.220	0.78388				2
2026.05.05	01:42:27.184		0.78398			4
2026.05.05	01:42:43.113	0.78393	0.78400			6
2026.05.05	01:42:50.626		0.78401			4
2026.05.05	01:42:53.937		0.78400			4
2026.05.05	01:42:56.351		0.78401			4
2026.05.05	01:43:00.260	0.78393				2
2026.05.05	01:43:56.514		0.78401			4
2026.05.05	01:44:00.123	0.78393				2
2026.05.05	01:44:10.667	0.78394				2
2026.05.05	01:44:45.552	0.78396				2
2026.05.05	01:44:45.858	0.78394	0.78400			6
2026.05.05	01:44:46.157	0.78396	0.78401			6
2026.05.05	01:44:46.458	0.78394	0.78400			6
2026.05.05	01:44:46.755	0.78396	0.78401			6
2026.05.05	01:44:47.056	0.78394	0.78400			6
2026.05.05	01:44:47.362	0.78396	0.78401			6
2026.05.05	01:44:47.658	0.78394	0.78400			6
2026.05.05	01:44:47.962	0.78396	0.78401			6
2026.05.05	01:44:48.258	0.78394	0.78400			6
2026.05.05	01:44:48.559	0.78396	0.78401			6
2026.05.05	01:44:48.863	0.78394	0.78400			6
2026.05.05	01:44:49.162		0.78401			4
2026.05.05	01:45:00.301	0.78393				2
2026.05.05	01:45:15.314	0.78392				2
2026.05.05	01:45:16.611	0.78393				2
2026.05.05	01:45:20.913	0.78392				2
2026.05.05	01:45:54.134		0.78401			4
2026.05.05	01:46:00.032	0.78392				2
2026.05.05	01:46:49.912		0.78407			4
2026.05.05	01:47:01.296	0.78392				2
2026.05.05	01:47:01.597	0.78393	0.78402			6
2026.05.05	01:47:04.414		0.78401			4
2026.05.05	01:47:15.944	0.78392				2
2026.05.05	01:47:16.244	0.78395	0.78405			6
2026.05.05	01:47:18.660		0.78406			4
2026.05.05	01:47:21.513		0.78405			4
2026.05.05	01:47:56.315	0.78394	0.78403			6
2026.05.05	01:47:56.617		0.78404			4
2026.05.05	01:47:58.414		0.78405			4
2026.05.05	01:47:59.671	0.78395				2
2026.05.05	01:48:02.096	0.78395	0.78406			6
2026.05.05	01:49:00.146	0.78395				2
2026.05.05	01:49:02.318		0.78406			4
2026.05.05	01:49:44.064	0.78400	0.78410			6
2026.05.05	01:49:48.660	0.78404	0.78412			6
2026.05.05	01:49:48.958		0.78411			4
2026.05.05	01:49:53.313	0.78403				2
2026.05.05	01:49:56.580	0.78405	0.78413			6
2026.05.05	01:49:58.870	0.78404	0.78412			6
2026.05.05	01:50:00.294	0.78404				2
2026.05.05	01:50:05.133	0.78403				2
2026.05.05	01:50:08.102		0.78411			4
2026.05.05	01:50:09.213		0.78410			4
2026.05.05	01:50:20.269	0.78401				2
2026.05.05	01:50:32.089	0.78402				2
2026.05.05	01:50:34.713		0.78411			4
2026.05.05	01:50:38.741	0.78404	0.78413			6
2026.05.05	01:50:42.568		0.78412			4
2026.05.05	01:50:44.313		0.78413			4
2026.05.05	01:51:02.065	0.78404				2
2026.05.05	01:51:02.365	0.78402	0.78410			6
2026.05.05	01:51:12.672	0.78403				2
2026.05.05	01:51:37.404	0.78402				2
2026.05.05	01:52:00.415	0.78402				2
2026.05.05	01:52:02.424		0.78410			4
2026.05.05	01:52:04.713		0.78411			4
2026.05.05	01:52:09.367		0.78412			4
2026.05.05	01:52:12.205	0.78403	0.78411			6
2026.05.05	01:53:00.148	0.78403				2
2026.05.05	01:53:21.909		0.78411			4
2026.05.05	01:54:01.150	0.78403				2
2026.05.05	01:54:10.828	0.78402				2
2026.05.05	01:54:15.993	0.78403				2
2026.05.05	01:54:22.413		0.78411			4
2026.05.05	01:54:56.398	0.78404	0.78413			6
2026.05.05	01:55:01.413	0.78404				2
2026.05.05	01:55:03.113		0.78414			4
2026.05.05	01:55:03.454	0.78405				2
2026.05.05	01:55:09.214	0.78404				2
2026.05.05	01:55:12.182	0.78405				2
2026.05.05	01:55:18.213	0.78404				2
2026.05.05	01:55:29.974	0.78405				2
2026.05.05	01:55:30.274	0.78404				2
2026.05.05	01:55:36.336		0.78413			4
2026.05.05	01:55:47.391		0.78414			4
2026.05.05	01:55:57.213		0.78413			4
2026.05.05	01:56:00.337	0.78404				2
2026.05.05	01:56:02.264	0.78405				2
2026.05.05	01:56:07.413	0.78404				2
2026.05.05	01:56:10.424	0.78403	0.78411			6
2026.05.05	01:56:10.724		0.78410			4
2026.05.05	01:56:36.490		0.78409			4
2026.05.05	01:57:00.332	0.78403				2
2026.05.05	01:57:00.634	0.78402				2
2026.05.05	01:57:05.913		0.78410			4
2026.05.05	01:57:11.938		0.78409			4
2026.05.05	01:57:18.817		0.78410			4
2026.05.05	01:57:47.448	0.78405	0.78411			6
2026.05.05	01:57:49.413	0.78404	0.78412			6
2026.05.05	01:57:53.315		0.78411			4
2026.05.05	01:58:03.659	0.78404				2
2026.05.05	01:58:21.466	0.78405	0.78412			6
2026.05.05	01:58:24.086	0.78404				2
2026.05.05	01:58:43.382	0.78405				2
2026.05.05	01:58:47.509	0.78404				2
2026.05.05	01:58:59.944	0.78405				2
2026.05.05	01:59:01.278	0.78405				2
2026.05.05	01:59:03.813		0.78411			4
2026.05.05	01:59:26.943	0.78404				2
2026.05.05	01:59:39.369	0.78405				2
2026.05.05	01:59:42.817		0.78412			4
2026.05.05	02:00:00.005	0.78405				2
2026.05.05	02:00:07.608	0.78404	0.78411			6
2026.05.05	02:00:10.712	0.78403				2
2026.05.05	02:00:21.044	0.78404				2
2026.05.05	02:00:21.676	0.78403				2
2026.05.05	02:00:40.076	0.78404				2
2026.05.05	02:00:46.235		0.78412			4
2026.05.05	02:00:48.985		0.78413			4
2026.05.05	02:00:59.542	0.78405				2
2026.05.05	02:01:00.445	0.78405				2
2026.05.05	02:01:10.147	0.78406				2
2026.05.05	02:01:13.698	0.78404				2
2026.05.05	02:01:14.837	0.78405				2
2026.05.05	02:01:32.341	0.78404				2
2026.05.05	02:01:34.503		0.78412			4
2026.05.05	02:01:35.444		0.78411			4
2026.05.05	02:01:50.782		0.78412			4
2026.05.05	02:02:00.146	0.78404				2
2026.05.05	02:02:11.313		0.78411			4
2026.05.05	02:02:13.345	0.78403				2
2026.05.05	02:02:15.212		0.78410			4
2026.05.05	02:02:15.515	0.78404	0.78407			6
2026.05.05	02:02:15.814	0.78403	0.78406			6
2026.05.05	02:02:18.524		0.78410			4
2026.05.05	02:02:25.972	0.78404				2
2026.05.05	02:02:27.854	0.78403				2
2026.05.05	02:02:31.847	0.78402				2
2026.05.05	02:02:33.544	0.78403				2
2026.05.05	02:02:36.004	0.78400	0.78407			6
2026.05.05	02:02:41.179	0.78399				2
2026.05.05	02:02:43.530		0.78406			4
2026.05.05	02:02:55.530	0.78401	0.78409			6
2026.05.05	02:02:58.526	0.78402				2
2026.05.05	02:02:59.441	0.78401				2
2026.05.05	02:03:00.089	0.78402				2
2026.05.05	02:03:04.015	0.78403				2
2026.05.05	02:03:09.196	0.78404	0.78413			6
2026.05.05	02:03:17.554		0.78414			4
2026.05.05	02:03:18.590		0.78410			4
2026.05.05	02:03:38.457		0.78411			4
2026.05.05	02:03:54.514		0.78410			4
2026.05.05	02:04:00.147	0.78404				2
2026.05.05	02:04:04.026	0.78403				2
2026.05.05	02:04:09.463	0.78404				2
2026.05.05	02:04:17.814		0.78411			4
2026.05.05	02:04:24.515		0.78410			4
2026.05.05	02:04:39.975	0.78403	0.78409			6
2026.05.05	02:04:51.813		0.78410			4
2026.05.05	02:04:59.685	0.78402				2
2026.05.05	02:05:00.373	0.78402				2
2026.05.05	02:05:27.294	0.78401				2
2026.05.05	02:05:41.514		0.78409			4
2026.05.05	02:06:01.332	0.78401				2
2026.05.05	02:06:17.192	0.78400	0.78407			6
2026.05.05	02:07:01.372	0.78400				2
2026.05.05	02:07:16.462		0.78404			4
2026.05.05	02:07:17.062	0.78401	0.78407			6
2026.05.05	02:07:17.664	0.78400	0.78404			6
2026.05.05	02:07:17.962	0.78401	0.78407			6
2026.05.05	02:07:18.263	0.78400				2
2026.05.05	02:07:54.039		0.78408			4
2026.05.05	02:07:54.339	0.78401	0.78409			6
2026.05.05	02:07:54.640	0.78400	0.78410			6
2026.05.05	02:07:56.476	0.78401				2
2026.05.05	02:07:57.409	0.78400				2
2026.05.05	02:07:58.684	0.78401				2
2026.05.05	02:08:02.573	0.78401				2
2026.05.05	02:08:28.072	0.78402				2
2026.05.05	02:08:54.648		0.78410			4
2026.05.05	02:08:58.685	0.78401				2
2026.05.05	02:09:02.283	0.78401				2
2026.05.05	02:09:07.918	0.78402				2
2026.05.05	02:09:58.259		0.78410			4
2026.05.05	02:10:01.372	0.78402				2
2026.05.05	02:10:09.588		0.78409			4
2026.05.05	02:10:13.974	0.78401	0.78410			6
2026.05.05	02:10:32.478	0.78402				2
2026.05.05	02:11:00.147	0.78402				2
2026.05.05	02:11:15.142		0.78410			4
2026.05.05	02:11:30.104	0.78404	0.78413			6
2026.05.05	02:11:46.088	0.78405				2
2026.05.05	02:12:00.147	0.78405				2
2026.05.05	02:12:38.914		0.78413			4
2026.05.05	02:12:50.612		0.78412			4
2026.05.05	02:12:58.218	0.78403	0.78411			6
2026.05.05	02:13:00.138	0.78403				2
2026.05.05	02:13:02.013		0.78410			4
2026.05.05	02:13:05.837	0.78404				2
2026.05.05	02:13:06.137	0.78403				2
2026.05.05	02:13:10.377	0.78402				2
2026.05.05	02:13:14.241	0.78401				2
2026.05.05	02:13:14.542	0.78402				2
2026.05.05	02:13:23.175	0.78401				2
2026.05.05	02:13:23.476	0.78402				2
2026.05.05	02:13:34.165	0.78403				2
2026.05.05	02:13:36.996	0.78402	0.78412			6
2026.05.05	02:13:38.613	0.78403				2
2026.05.05	02:13:44.014		0.78411			4
2026.05.05	02:13:50.794	0.78405	0.78412			6
2026.05.05	02:13:52.115	0.78404	0.78413			6
2026.05.05	02:14:00.267	0.78406	0.78414			6
2026.05.05	02:14:02.154	0.78405				2
2026.05.05	02:14:03.132	0.78407				2
2026.05.05	02:14:07.573	0.78404	0.78413			6
2026.05.05	02:14:15.447	0.78405				2
2026.05.05	02:15:00.006	0.78407				2
2026.05.05	02:15:12.999		0.78413			4
2026.05.05	02:15:13.814		0.78410			4
2026.05.05	02:15:14.415		0.78413			4
2026.05.05	02:15:14.716		0.78410			4
2026.05.05	02:15:15.017		0.78413			4
2026.05.05	02:16:01.236	0.78407				2
2026.05.05	02:16:07.608		0.78414			4
2026.05.05	02:16:14.390		0.78410			4
2026.05.05	02:16:14.690		0.78414			4
2026.05.05	02:16:14.992		0.78410			4
2026.05.05	02:16:15.293		0.78414			4
2026.05.05	02:16:15.602		0.78410			4
2026.05.05	02:16:15.903		0.78412			4
2026.05.05	02:16:16.209		0.78410			4
2026.05.05	02:16:16.509		0.78412			4
2026.05.05	02:16:16.814		0.78410			4
2026.05.05	02:16:17.150		0.78412			4
2026.05.05	02:16:17.451		0.78410			4
2026.05.05	02:16:17.752		0.78412			4
2026.05.05	02:16:32.313		0.78413			4
2026.05.05	02:17:01.672	0.78407				2
2026.05.05	02:17:40.148		0.78413			4
2026.05.05	02:17:57.212		0.78412			4
2026.05.05	02:18:11.671	0.78407				2
2026.05.05	02:18:28.934		0.78410			4
2026.05.05	02:18:29.235		0.78412			4
2026.05.05	02:19:01.672	0.78407				2
2026.05.05	02:19:30.213		0.78412			4
2026.05.05	02:19:57.921		0.78414			4
2026.05.05	02:20:01.672	0.78407				2
2026.05.05	02:21:01.671	0.78407	0.78414			6
2026.05.05	02:22:02.171	0.78407	0.78414			6
2026.05.05	02:22:45.091		0.78411			4
2026.05.05	02:23:00.146	0.78407				2
2026.05.05	02:23:10.646		0.78412			4
2026.05.05	02:24:00.352	0.78407				2
2026.05.05	02:24:09.087		0.78411			4
2026.05.05	02:24:14.489		0.78412			4
2026.05.05	02:24:24.534		0.78409			4
2026.05.05	02:24:24.833		0.78412			4
2026.05.05	02:24:25.134		0.78409			4
2026.05.05	02:24:25.735		0.78412			4
2026.05.05	02:24:26.035		0.78409			4
2026.05.05	02:24:26.337		0.78412			4
2026.05.05	02:24:28.346	0.78401	0.78406			6
2026.05.05	02:25:00.148	0.78401				2
2026.05.05	02:25:23.372		0.78407			4
2026.05.05	02:25:38.242	0.78402	0.78408			6
2026.05.05	02:25:55.283	0.78403	0.78409			6
2026.05.05	02:25:58.017	0.78402	0.78408			6
2026.05.05	02:26:00.408	0.78402				2
2026.05.05	02:26:00.710		0.78407			4
2026.05.05	02:26:08.965	0.78403	0.78408			6
2026.05.05	02:27:02.437	0.78403				2
2026.05.05	02:27:08.372		0.78409			4
2026.05.05	02:27:15.098	0.78402	0.78406			6
2026.05.05	02:27:36.539		0.78407			4
2026.05.05	02:27:41.154	0.78400	0.78406			6
2026.05.05	02:27:41.754	0.78399	0.78404			6
2026.05.05	02:28:00.212	0.78399				2
2026.05.05	02:28:27.213		0.78403			4
2026.05.05	02:28:39.382		0.78404			4
2026.05.05	02:29:00.281	0.78399	0.78405			6
2026.05.05	02:29:00.582	0.78400	0.78406			6
2026.05.05	02:29:08.736	0.78399	0.78405			6
2026.05.05	02:29:09.664		0.78404			4
2026.05.05	02:29:09.965	0.78400	0.78405			6
2026.05.05	02:29:15.213		0.78406			4
2026.05.05	02:29:39.108	0.78401				2
2026.05.05	02:30:00.159	0.78401				2
2026.05.05	02:30:02.977		0.78407			4
2026.05.05	02:30:52.560	0.78403	0.78409			6
2026.05.05	02:31:04.296	0.78403				2
2026.05.05	02:31:04.596		0.78410			4
2026.05.05	02:31:06.993		0.78409			4
2026.05.05	02:31:12.996	0.78402	0.78407			6
2026.05.05	02:32:00.148	0.78402				2
2026.05.05	02:32:08.427	0.78401				2
2026.05.05	02:32:24.081		0.78407			4
2026.05.05	02:33:02.827	0.78401				2
2026.05.05	02:33:08.533	0.78400	0.78406			6
2026.05.05	02:33:16.841	0.78399	0.78404			6
2026.05.05	02:33:57.670	0.78397				2
2026.05.05	02:34:02.278	0.78397				2
2026.05.05	02:34:02.579		0.78403			4
2026.05.05	02:34:28.630		0.78404			4
2026.05.05	02:35:00.346	0.78397				2
2026.05.05	02:35:09.680	0.78398	0.78405			6
2026.05.05	02:36:07.754	0.78398				2
2026.05.05	02:36:10.147		0.78405			4
2026.05.05	02:36:12.777		0.78404			4
2026.05.05	02:36:29.852		0.78405			4
2026.05.05	02:36:47.113	0.78400	0.78407			6
2026.05.05	02:37:05.016	0.78400				2
2026.05.05	02:37:07.757	0.78403	0.78410			6
2026.05.05	02:37:08.057	0.78402	0.78408			6
2026.05.05	02:37:10.672	0.78404	0.78410			6
2026.05.05	02:37:12.840		0.78409			4
2026.05.05	02:37:14.239	0.78403				2
2026.05.05	02:37:31.080	0.78402	0.78408			6
2026.05.05	02:37:31.380	0.78403	0.78409			6
2026.05.05	02:37:40.913	0.78402	0.78407			6
2026.05.05	02:37:41.929		0.78406			4
2026.05.05	02:37:47.921		0.78407			4
2026.05.05	02:37:53.886		0.78408			4
2026.05.05	02:38:00.321	0.78402				2
2026.05.05	02:38:01.393	0.78401	0.78406			6
2026.05.05	02:38:05.556		0.78407			4
2026.05.05	02:38:26.788	0.78404	0.78411			6
2026.05.05	02:38:32.117		0.78410			4
2026.05.05	02:38:36.606		0.78412			4
2026.05.05	02:39:01.111	0.78404				2
2026.05.05	02:39:01.411	0.78405				2
2026.05.05	02:39:05.103	0.78407	0.78413			6
2026.05.05	02:39:06.654	0.78403	0.78410			6
2026.05.05	02:39:11.024		0.78409			4
2026.05.05	02:39:17.875		0.78410			4
2026.05.05	02:39:36.514		0.78409			4
2026.05.05	02:39:55.640	0.78402	0.78408			6
2026.05.05	02:40:01.090	0.78402				2
2026.05.05	02:40:11.650		0.78407			4
2026.05.05	02:40:11.951	0.78399	0.78405			6
2026.05.05	02:40:20.875		0.78406			4
2026.05.05	02:40:37.025	0.78400				2
2026.05.05	02:40:37.625	0.78399				2
2026.05.05	02:40:37.925	0.78400				2
2026.05.05	02:40:38.526	0.78399				2
2026.05.05	02:40:42.147	0.78401				2
2026.05.05	02:41:00.386	0.78401				2
2026.05.05	02:41:06.915	0.78403	0.78408			6
2026.05.05	02:42:01.879	0.78403				2
2026.05.05	02:42:03.470		0.78410			4
2026.05.05	02:42:07.300		0.78409			4
2026.05.05	02:42:12.515	0.78404				2
2026.05.05	02:43:00.322	0.78404				2
2026.05.05	02:43:08.472		0.78409			4
2026.05.05	02:43:52.697		0.78410			4
2026.05.05	02:44:03.661	0.78404				2
2026.05.05	02:44:17.628	0.78403	0.78408			6
2026.05.05	02:44:20.109		0.78409			4
2026.05.05	02:44:35.785		0.78408			4
2026.05.05	02:45:01.667	0.78403				2
2026.05.05	02:45:05.538		0.78407			4
2026.05.05	02:45:14.086		0.78408			4
2026.05.05	02:45:24.919		0.78409			4
2026.05.05	02:45:58.236		0.78407			4
2026.05.05	02:46:00.172	0.78403				2
2026.05.05	02:46:01.677	0.78402				2
2026.05.05	02:46:10.377	0.78399	0.78405			6
2026.05.05	02:46:19.493		0.78406			4
2026.05.05	02:46:23.145	0.78398	0.78405			6
2026.05.05	02:46:27.440	0.78399	0.78406			6
2026.05.05	02:46:27.742		0.78405			4
2026.05.05	02:46:31.711	0.78398				2
2026.05.05	02:46:39.955	0.78399	0.78406			6
2026.05.05	02:46:43.230		0.78405			4
2026.05.05	02:46:54.361	0.78398	0.78404			6
2026.05.05	02:47:00.118	0.78398				2
2026.05.05	02:47:01.789		0.78405			4
2026.05.05	02:47:36.097		0.78402			4
2026.05.05	02:47:36.397		0.78405			4
2026.05.05	02:47:36.698		0.78402			4
2026.05.05	02:47:37.298		0.78405			4
2026.05.05	02:47:37.597		0.78402			4
2026.05.05	02:47:37.897		0.78405			4
2026.05.05	02:47:38.197		0.78402			4
2026.05.05	02:47:38.498		0.78405			4
2026.05.05	02:47:38.798		0.78402			4
2026.05.05	02:47:39.101		0.78405			4
2026.05.05	02:47:39.401		0.78402			4
2026.05.05	02:47:39.703		0.78405			4
2026.05.05	02:47:51.541	0.78399	0.78406			6
2026.05.05	02:48:00.449	0.78399				2
2026.05.05	02:48:00.750		0.78405			4
2026.05.05	02:49:00.482	0.78399				2
2026.05.05	02:49:00.783		0.78405			4
2026.05.05	02:49:12.720		0.78406			4
2026.05.05	02:49:56.784		0.78407			4
2026.05.05	02:49:58.225	0.78400				2
2026.05.05	02:50:05.913	0.78400				2
2026.05.05	02:50:20.915		0.78408			4
2026.05.05	02:50:47.916		0.78409			4
2026.05.05	02:50:58.966	0.78403				2
2026.05.05	02:51:01.899	0.78403	0.78408			6
2026.05.05	02:51:02.500		0.78409			4
2026.05.05	02:51:02.800		0.78408			4
2026.05.05	02:51:03.100		0.78411			4
2026.05.05	02:51:08.300		0.78410			4
2026.05.05	02:51:19.404		0.78412			4
2026.05.05	02:51:27.863		0.78411			4
2026.05.05	02:51:29.368		0.78410			4
2026.05.05	02:51:50.871		0.78409			4
2026.05.05	02:51:53.404		0.78410			4
2026.05.05	02:52:00.768	0.78403				2
2026.05.05	02:52:01.068		0.78411			4
2026.05.05	02:52:14.776	0.78404				2
2026.05.05	02:52:15.078	0.78403	0.78409			6
2026.05.05	02:52:15.378	0.78404	0.78411			6
2026.05.05	02:52:15.677	0.78403	0.78409			6
2026.05.05	02:52:15.978	0.78404	0.78411			6
2026.05.05	02:52:16.579	0.78403				2
2026.05.05	02:52:22.427		0.78410			4
2026.05.05	02:52:30.760		0.78411			4
2026.05.05	02:52:40.885	0.78405				2
2026.05.05	02:52:41.485	0.78403	0.78410			6
2026.05.05	02:52:42.085	0.78404	0.78411			6
2026.05.05	02:52:42.688	0.78403				2
2026.05.05	02:53:01.390	0.78403				2
2026.05.05	02:53:29.022		0.78409			4
2026.05.05	02:53:29.322		0.78410			4
2026.05.05	02:53:58.297		0.78409			4
2026.05.05	02:54:00.147	0.78403				2
2026.05.05	02:54:00.447	0.78402				2
2026.05.05	02:54:03.331	0.78403	0.78410			6
2026.05.05	02:54:28.714		0.78409			4
2026.05.05	02:54:43.401	0.78402				2
2026.05.05	02:55:00.471	0.78402				2
2026.05.05	02:55:01.377		0.78408			4
2026.05.05	02:55:13.582		0.78409			4
2026.05.05	02:55:29.106		0.78408			4
2026.05.05	02:55:31.900	0.78400				2
2026.05.05	02:55:37.860		0.78407			4
2026.05.05	02:55:41.327	0.78399	0.78406			6
2026.05.05	02:55:42.694	0.78398				2
2026.05.05	02:55:45.285		0.78405			4
2026.05.05	02:55:56.518	0.78399	0.78407			6
2026.05.05	02:56:00.532	0.78399				2
2026.05.05	02:56:01.779	0.78400	0.78408			6
2026.05.05	02:56:02.078		0.78407			4
2026.05.05	02:56:09.804		0.78408			4
2026.05.05	02:56:18.517		0.78407			4
2026.05.05	02:56:24.242		0.78408			4
2026.05.05	02:56:33.440		0.78407			4
2026.05.05	02:56:36.706	0.78399				2
2026.05.05	02:57:00.177	0.78399				2
2026.05.05	02:57:09.586		0.78406			4
2026.05.05	02:57:09.885		0.78407			4
2026.05.05	02:57:32.862		0.78406			4
2026.05.05	02:57:36.339	0.78400	0.78407			6
2026.05.05	02:58:00.140	0.78400				2
2026.05.05	02:58:10.793	0.78401	0.78408			6
2026.05.05	02:58:14.963	0.78399	0.78407			6
2026.05.05	02:58:19.655		0.78406			4
2026.05.05	02:58:19.954	0.78398	0.78405			6
2026.05.05	02:58:20.842		0.78406			4
2026.05.05	02:58:25.514		0.78405			4
2026.05.05	02:58:27.330		0.78406			4
2026.05.05	02:58:32.294		0.78405			4
2026.05.05	02:58:34.442		0.78406			4
2026.05.05	02:58:36.777		0.78405			4
2026.05.05	02:58:49.280		0.78406			4
2026.05.05	02:58:52.371		0.78405			4
2026.05.05	02:58:54.394		0.78406			4
2026.05.05	02:59:00.127	0.78398				2
2026.05.05	02:59:08.771		0.78405			4
2026.05.05	02:59:22.057	0.78400	0.78407			6
2026.05.05	02:59:23.240	0.78399				2
2026.05.05	02:59:26.342	0.78403	0.78409			6
2026.05.05	02:59:26.641		0.78408			4
2026.05.05	02:59:27.694		0.78409			4
2026.05.05	02:59:52.141		0.78408			4
2026.05.05	03:00:00.089	0.78403				2
2026.05.05	03:00:00.393		0.78409			4
2026.05.05	03:00:00.687	0.78405	0.78411			6
2026.05.05	03:00:01.289	0.78403	0.78410			6
2026.05.05	03:00:01.588		0.78409			4
2026.05.05	03:00:01.889		0.78410			4
2026.05.05	03:00:02.790	0.78400	0.78407			6
2026.05.05	03:00:03.089		0.78406			4
2026.05.05	03:00:03.992	0.78399	0.78405			6
2026.05.05	03:00:04.291	0.78398	0.78403			6
2026.05.05	03:00:04.591		0.78404			4
2026.05.05	03:00:05.493		0.78403			4
2026.05.05	03:00:07.297		0.78404			4
2026.05.05	03:00:08.796		0.78403			4
2026.05.05	03:00:12.446	0.78399	0.78405			6
2026.05.05	03:00:12.747	0.78398	0.78403			6
2026.05.05	03:00:13.046	0.78399				2
2026.05.05	03:00:13.948		0.78402			4
2026.05.05	03:00:14.248		0.78403			4
2026.05.05	03:00:15.472		0.78404			4
2026.05.05	03:00:22.690		0.78405			4
2026.05.05	03:00:24.185	0.78401	0.78406			6
2026.05.05	03:00:24.784	0.78402	0.78407			6
2026.05.05	03:00:26.228	0.78401				2
2026.05.05	03:00:28.582	0.78402	0.78408			6
2026.05.05	03:00:31.227	0.78401				2
2026.05.05	03:00:31.552	0.78402				2
2026.05.05	03:00:32.156	0.78401				2
2026.05.05	03:00:32.457	0.78402				2
2026.05.05	03:00:34.136	0.78401				2
2026.05.05	03:00:35.030	0.78402				2
2026.05.05	03:00:36.754	0.78403	0.78409			6
2026.05.05	03:00:43.946	0.78402	0.78408			6
2026.05.05	03:00:48.674	0.78401				2
2026.05.05	03:00:54.140		0.78407			4
2026.05.05	03:00:54.442		0.78408			4
2026.05.05	03:00:58.638		0.78407			4
2026.05.05	03:01:00.017	0.78401				2
2026.05.05	03:01:01.218		0.78408			4
2026.05.05	03:01:01.518		0.78407			4
2026.05.05	03:01:01.818	0.78404	0.78410			6
2026.05.05	03:01:02.418	0.78405				2
2026.05.05	03:01:03.320	0.78402	0.78408			6
2026.05.05	03:01:10.927		0.78407			4
2026.05.05	03:01:12.437		0.78408			4
2026.05.05	03:01:26.922	0.78405	0.78410			6
2026.05.05	03:01:27.866	0.78404				2
2026.05.05	03:01:34.706	0.78405				2
2026.05.05	03:01:35.465		0.78411			4
2026.05.05	03:01:37.979	0.78404				2
2026.05.05	03:01:38.280	0.78405				2
2026.05.05	03:01:41.051	0.78404				2
2026.05.05	03:01:41.652		0.78409			4
2026.05.05	03:01:44.005	0.78403	0.78408			6
2026.05.05	03:01:44.606	0.78402				2
2026.05.05	03:01:45.806	0.78400	0.78406			6
2026.05.05	03:01:46.709	0.78401				2
2026.05.05	03:01:47.910		0.78407			4
2026.05.05	03:01:48.210		0.78406			4
2026.05.05	03:01:52.448	0.78399	0.78402			6
2026.05.05	03:01:54.738		0.78403			4
2026.05.05	03:01:56.542		0.78402			4
2026.05.05	03:01:56.842		0.78403			4
2026.05.05	03:01:59.687	0.78393	0.78396			6
2026.05.05	03:01:59.987		0.78397			4
2026.05.05	03:02:00.289	0.78393				2
2026.05.05	03:02:01.490		0.78396			4
2026.05.05	03:02:01.789		0.78397			4
2026.05.05	03:02:04.792		0.78396			4
2026.05.05	03:02:05.094		0.78397			4
2026.05.05	03:02:05.394		0.78398			4
2026.05.05	03:02:05.694		0.78397			4
2026.05.05	03:02:06.629	0.78394	0.78399			6
2026.05.05	03:02:06.928		0.78400			4
2026.05.05	03:02:07.228		0.78399			4
2026.05.05	03:02:07.830		0.78400			4
2026.05.05	03:02:11.232		0.78399			4
2026.05.05	03:02:12.246		0.78400			4
2026.05.05	03:02:14.670		0.78399			4
2026.05.05	03:02:16.216		0.78400			4
2026.05.05	03:02:18.070		0.78399			4
2026.05.05	03:02:18.368	0.78393				2
2026.05.05	03:02:20.350	0.78394				2
2026.05.05	03:02:21.642	0.78393				2
2026.05.05	03:02:26.425		0.78398			4
2026.05.05	03:02:28.238		0.78399			4
2026.05.05	03:02:28.539		0.78398			4
2026.05.05	03:02:28.839		0.78397			4
2026.05.05	03:02:29.744	0.78390	0.78395			6
2026.05.05	03:02:30.042	0.78388	0.78392			6
2026.05.05	03:02:31.245		0.78391			4
2026.05.05	03:02:32.147	0.78384	0.78387			6
2026.05.05	03:02:33.647	0.78383	0.78386			6
2026.05.05	03:02:33.947		0.78387			4
2026.05.05	03:02:34.247	0.78384	0.78389			6
2026.05.05	03:02:34.550	0.78385				2
2026.05.05	03:02:34.849	0.78384				2
2026.05.05	03:02:35.779	0.78385				2
2026.05.05	03:02:36.379	0.78386	0.78391			6
2026.05.05	03:02:38.934	0.78388	0.78394			6
2026.05.05	03:02:39.536		0.78393			4
2026.05.05	03:02:40.138		0.78394			4
2026.05.05	03:02:42.972		0.78392			4
2026.05.05	03:02:43.275		0.78393			4
2026.05.05	03:02:46.088	0.78386	0.78391			6
2026.05.05	03:02:47.068		0.78392			4
2026.05.05	03:02:47.968		0.78391			4
2026.05.05	03:02:49.610	0.78384	0.78389			6
2026.05.05	03:02:53.416	0.78388	0.78393			6
2026.05.05	03:02:53.717		0.78394			4
2026.05.05	03:02:54.317		0.78395			4
2026.05.05	03:02:56.614		0.78394			4
2026.05.05	03:02:57.518		0.78395			4
2026.05.05	03:03:00.142	0.78388				2
2026.05.05	03:03:00.442	0.78386	0.78390			6
2026.05.05	03:03:00.741		0.78391			4
2026.05.05	03:03:01.945	0.78385				2
2026.05.05	03:03:02.246	0.78388	0.78394			6
2026.05.05	03:03:03.448	0.78386	0.78392			6
2026.05.05	03:03:06.391		0.78391			4
2026.05.05	03:03:07.942		0.78392			4
2026.05.05	03:03:08.555		0.78391			4
2026.05.05	03:03:08.855		0.78392			4
2026.05.05	03:03:10.158	0.78387				2
2026.05.05	03:03:10.458		0.78393			4
2026.05.05	03:03:12.261	0.78388				2
2026.05.05	03:03:17.480	0.78386	0.78392			6
2026.05.05	03:03:20.748		0.78393			4
2026.05.05	03:03:21.048	0.78387				2
2026.05.05	03:03:26.430	0.78388	0.78394			6
2026.05.05	03:03:27.030		0.78393			4
2026.05.05	03:03:37.752		0.78392			4
2026.05.05	03:03:40.175		0.78394			4
2026.05.05	03:03:43.402		0.78393			4
2026.05.05	03:03:45.228		0.78394			4
2026.05.05	03:03:47.012	0.78389	0.78395			6
2026.05.05	03:03:57.655	0.78390				2
2026.05.05	03:03:58.257	0.78389				2
2026.05.05	03:03:58.856	0.78390				2
2026.05.05	03:04:00.329	0.78389				2
2026.05.05	03:04:00.929	0.78390				2
2026.05.05	03:04:01.230	0.78389				2
2026.05.05	03:04:01.531	0.78390				2
2026.05.05	03:04:01.832	0.78393	0.78398			6
2026.05.05	03:04:02.131		0.78399			4
2026.05.05	03:04:03.836		0.78398			4
2026.05.05	03:04:07.468	0.78395	0.78401			6
2026.05.05	03:04:10.371	0.78396	0.78402			6
2026.05.05	03:04:10.672	0.78398				2
2026.05.05	03:04:12.177		0.78403			4
2026.05.05	03:04:17.984		0.78402			4
2026.05.05	03:04:18.282	0.78395	0.78400			6
2026.05.05	03:04:18.583		0.78401			4
2026.05.05	03:04:19.452		0.78400			4
2026.05.05	03:04:19.752	0.78394	0.78399			6
2026.05.05	03:04:20.725	0.78393	0.78398			6
2026.05.05	03:04:21.025		0.78399			4
2026.05.05	03:04:22.396		0.78398			4
2026.05.05	03:04:24.198		0.78399			4
2026.05.05	03:04:24.497	0.78394	0.78400			6
2026.05.05	03:04:25.399		0.78399			4
2026.05.05	03:04:26.899		0.78400			4
2026.05.05	03:04:29.135		0.78399			4
2026.05.05	03:04:38.448		0.78400			4
2026.05.05	03:04:39.970	0.78395				2
2026.05.05	03:04:40.271	0.78394				2
2026.05.05	03:04:44.389	0.78395				2
2026.05.05	03:04:44.691	0.78394				2
2026.05.05	03:04:45.414	0.78395				2
2026.05.05	03:04:45.715	0.78394				2
2026.05.05	03:04:51.073	0.78395				2
2026.05.05	03:04:51.477	0.78394				2
2026.05.05	03:04:53.327	0.78393				2
2026.05.05	03:04:53.627	0.78394				2
2026.05.05	03:04:54.289	0.78393	0.78398			6
2026.05.05	03:04:58.766		0.78399			4
2026.05.05	03:05:00.286	0.78393				2
2026.05.05	03:05:00.586		0.78398			4
2026.05.05	03:05:01.598	0.78391	0.78397			6
2026.05.05	03:05:02.925	0.78390	0.78396			6
2026.05.05	03:05:07.261		0.78395			4
2026.05.05	03:05:10.449	0.78388	0.78393			6
2026.05.05	03:05:11.050		0.78394			4
2026.05.05	03:05:11.350	0.78389	0.78395			6
2026.05.05	03:05:12.250	0.78388				2
2026.05.05	03:05:17.316	0.78389				2
2026.05.05	03:05:23.211	0.78388				2
2026.05.05	03:05:23.513	0.78389				2
2026.05.05	03:05:24.134	0.78388				2
2026.05.05	03:05:25.200	0.78389				2
2026.05.05	03:05:30.212		0.78394			4
2026.05.05	03:05:32.163		0.78395			4
2026.05.05	03:05:32.465		0.78394			4
2026.05.05	03:05:33.836		0.78395			4
2026.05.05	03:05:36.600		0.78394			4
2026.05.05	03:05:37.202		0.78395			4
2026.05.05	03:05:39.370		0.78396			4
2026.05.05	03:05:39.671	0.78392	0.78398			6
2026.05.05	03:05:40.573	0.78393	0.78399			6
2026.05.05	03:05:42.537		0.78398			4
2026.05.05	03:05:47.505		0.78399			4
2026.05.05	03:05:53.203		0.78398			4
2026.05.05	03:05:56.430	0.78392	0.78397			6
2026.05.05	03:06:00.213	0.78392				2
2026.05.05	03:06:01.415		0.78398			4
2026.05.05	03:06:02.016		0.78397			4
2026.05.05	03:06:02.316		0.78396			4
2026.05.05	03:06:02.916	0.78389	0.78395			6
2026.05.05	03:06:03.819	0.78391	0.78396			6
2026.05.05	03:06:04.119	0.78392	0.78397			6
2026.05.05	03:06:07.668		0.78398			4
2026.05.05	03:06:07.966		0.78397			4
2026.05.05	03:06:10.717		0.78398			4
2026.05.05	03:06:11.019		0.78397			4
2026.05.05	03:06:11.920		0.78398			4
2026.05.05	03:06:23.059		0.78397			4
2026.05.05	03:06:24.115		0.78398			4
2026.05.05	03:06:27.593	0.78393				2
2026.05.05	03:06:28.205	0.78392				2
2026.05.05	03:06:28.505		0.78397			4
2026.05.05	03:06:29.928		0.78398			4
2026.05.05	03:06:34.926		0.78397			4
2026.05.05	03:06:36.139		0.78398			4
2026.05.05	03:06:37.489	0.78393				2
2026.05.05	03:06:48.211	0.78389	0.78395			6
2026.05.05	03:06:49.289	0.78388	0.78394			6
2026.05.05	03:06:51.760	0.78389	0.78395			6
2026.05.05	03:06:52.823	0.78393	0.78398			6
2026.05.05	03:06:53.426	0.78395	0.78400			6
2026.05.05	03:06:53.723		0.78399			4
2026.05.05	03:06:54.324	0.78394				2
2026.05.05	03:07:00.286	0.78394	0.78398			6
2026.05.05	03:07:01.789	0.78395	0.78400			6
2026.05.05	03:07:09.584	0.78396				2
2026.05.05	03:07:14.055	0.78395				2
2026.05.05	03:07:14.357		0.78401			4
2026.05.05	03:07:15.343	0.78396				2
2026.05.05	03:07:18.783	0.78397	0.78402			6
2026.05.05	03:07:19.685	0.78399	0.78404			6
2026.05.05	03:07:19.985	0.78400	0.78405			6
2026.05.05	03:07:21.232	0.78399	0.78402			6
2026.05.05	03:07:29.860	0.78397				2
2026.05.05	03:07:36.164		0.78401			4
2026.05.05	03:07:36.465	0.78398	0.78402			6
2026.05.05	03:07:36.767	0.78399				2
2026.05.05	03:07:37.067		0.78401			4
2026.05.05	03:07:37.367		0.78402			4
2026.05.05	03:07:37.967		0.78403			4
2026.05.05	03:07:41.607		0.78402			4
2026.05.05	03:07:41.909		0.78403			4
2026.05.05	03:07:42.208		0.78402			4
2026.05.05	03:07:42.809		0.78403			4
2026.05.05	03:07:43.109		0.78402			4
2026.05.05	03:07:43.410		0.78403			4
2026.05.05	03:08:00.236	0.78399				2
2026.05.05	03:08:00.534	0.78400	0.78405			6
2026.05.05	03:08:02.101	0.78399	0.78404			6
2026.05.05	03:08:03.338		0.78403			4
2026.05.05	03:08:10.852	0.78398	0.78402			6
2026.05.05	03:08:12.746		0.78403			4
2026.05.05	03:08:15.514		0.78402			4
2026.05.05	03:08:24.305	0.78397	0.78401			6
2026.05.05	03:08:27.875		0.78402			4
2026.05.05	03:08:31.450	0.78398				2
2026.05.05	03:08:32.050	0.78397				2
2026.05.05	03:08:33.289	0.78398				2
2026.05.05	03:08:33.995	0.78397	0.78401			6
2026.05.05	03:08:34.294		0.78402			4
2026.05.05	03:08:37.696	0.78398				2
2026.05.05	03:08:42.975	0.78399	0.78403			6
2026.05.05	03:08:43.941		0.78404			4
2026.05.05	03:08:55.261	0.78400				2
2026.05.05	03:08:55.977	0.78399				2
2026.05.05	03:08:56.582	0.78400				2
2026.05.05	03:08:56.883		0.78405			4
2026.05.05	03:09:00.060	0.78400				2
2026.05.05	03:09:06.411	0.78401				2
2026.05.05	03:09:07.312	0.78403	0.78408			6
2026.05.05	03:09:08.512	0.78400	0.78405			6
2026.05.05	03:09:10.014	0.78401				2
2026.05.05	03:09:12.505		0.78406			4
2026.05.05	03:09:16.069		0.78405			4
2026.05.05	03:09:20.300		0.78406			4
2026.05.05	03:09:20.902		0.78405			4
2026.05.05	03:09:24.825		0.78406			4
2026.05.05	03:09:26.326		0.78405			4
2026.05.05	03:09:28.088	0.78402	0.78408			6
2026.05.05	03:09:30.385	0.78401				2
2026.05.05	03:09:31.644	0.78405	0.78411			6
2026.05.05	03:09:32.244		0.78412			4
2026.05.05	03:09:35.098		0.78411			4
2026.05.05	03:09:38.521		0.78412			4
2026.05.05	03:09:38.821		0.78411			4
2026.05.05	03:09:41.536		0.78412			4
2026.05.05	03:09:42.488		0.78411			4
2026.05.05	03:09:43.481		0.78412			4
2026.05.05	03:09:47.751		0.78411			4
2026.05.05	03:10:00.113	0.78405				2
2026.05.05	03:10:00.414	0.78404				2
2026.05.05	03:10:00.715		0.78410			4
2026.05.05	03:10:02.778		0.78411			4
2026.05.05	03:10:14.431		0.78410			4
2026.05.05	03:10:15.298	0.78403	0.78408			6
2026.05.05	03:10:16.128	0.78402				2
2026.05.05	03:10:42.479		0.78407			4
2026.05.05	03:10:51.735	0.78398	0.78405			6
2026.05.05	03:10:58.853	0.78401	0.78407			6
2026.05.05	03:11:00.185	0.78401				2
2026.05.05	03:11:01.085	0.78404	0.78408			6
2026.05.05	03:11:02.089		0.78407			4
2026.05.05	03:11:03.293		0.78408			4
2026.05.05	03:11:06.133		0.78407			4
2026.05.05	03:11:06.433	0.78401	0.78406			6
2026.05.05	03:11:11.882		0.78405			4
2026.05.05	03:11:12.522		0.78406			4
2026.05.05	03:11:13.123	0.78399	0.78405			6
2026.05.05	03:11:26.696		0.78404			4
2026.05.05	03:11:26.997		0.78403			4
2026.05.05	03:11:28.826		0.78404			4
2026.05.05	03:11:33.226		0.78405			4
2026.05.05	03:11:35.204		0.78404			4
2026.05.05	03:11:35.505	0.78395	0.78401			6
2026.05.05	03:11:36.405	0.78393				2
2026.05.05	03:11:36.705	0.78394				2
2026.05.05	03:11:37.006		0.78400			4
2026.05.05	03:11:37.307	0.78395	0.78401			6
2026.05.05	03:11:37.907		0.78402			4
2026.05.05	03:11:38.207	0.78397	0.78403			6
2026.05.05	03:11:39.709	0.78398	0.78404			6
2026.05.05	03:11:57.208	0.78397	0.78403			6
2026.05.05	03:11:58.222		0.78404			4
2026.05.05	03:12:00.144	0.78397				2
2026.05.05	03:12:00.445	0.78398				2
2026.05.05	03:12:05.462	0.78399	0.78405			6
2026.05.05	03:12:12.610	0.78400				2
2026.05.05	03:12:13.414	0.78399				2
2026.05.05	03:12:19.437	0.78400	0.78406			6
2026.05.05	03:12:28.488		0.78407			4
2026.05.05	03:12:29.090	0.78401				2
2026.05.05	03:12:29.391		0.78406			4
2026.05.05	03:12:30.915		0.78407			4
2026.05.05	03:12:33.954	0.78403	0.78409			6
2026.05.05	03:12:40.254		0.78410			4
2026.05.05	03:12:41.629	0.78404				2
2026.05.05	03:12:41.929	0.78405				2
2026.05.05	03:12:42.232	0.78404				2
2026.05.05	03:12:43.432	0.78403	0.78409			6
2026.05.05	03:12:43.734	0.78404				2
2026.05.05	03:12:50.533	0.78406	0.78411			6
2026.05.05	03:12:52.650	0.78405				2
2026.05.05	03:12:53.699	0.78404	0.78410			6
2026.05.05	03:13:00.022	0.78404				2
2026.05.05	03:13:00.621	0.78405				2
2026.05.05	03:13:03.252	0.78404	0.78408			6
2026.05.05	03:13:03.857	0.78406	0.78410			6
2026.05.05	03:13:04.157	0.78404	0.78408			6
2026.05.05	03:13:04.457	0.78406	0.78410			6
2026.05.05	03:13:04.757	0.78405				2
2026.05.05	03:13:15.771		0.78411			4
2026.05.05	03:13:16.672	0.78406	0.78412			6
2026.05.05	03:13:20.031		0.78411			4
2026.05.05	03:13:20.332	0.78404	0.78410			6
2026.05.05	03:13:21.593		0.78409			4
2026.05.05	03:13:23.144		0.78410			4
2026.05.05	03:13:30.902		0.78409			4
2026.05.05	03:13:31.202		0.78410			4
2026.05.05	03:13:31.507	0.78402	0.78407			6
2026.05.05	03:13:33.448		0.78406			4
2026.05.05	03:13:33.747		0.78407			4
2026.05.05	03:13:35.707		0.78406			4
2026.05.05	03:13:36.007		0.78407			4
2026.05.05	03:13:43.037	0.78401				2
2026.05.05	03:13:51.867	0.78400				2
2026.05.05	03:13:52.171		0.78406			4
2026.05.05	03:13:52.774		0.78405			4
2026.05.05	03:13:55.144		0.78406			4
2026.05.05	03:14:00.088	0.78400				2
2026.05.05	03:14:00.689	0.78401	0.78407			6
2026.05.05	03:14:01.488	0.78400				2
2026.05.05	03:14:01.788		0.78406			4
2026.05.05	03:14:03.721	0.78399	0.78404			6
2026.05.05	03:14:13.086		0.78405			4
2026.05.05	03:14:18.718	0.78398	0.78404			6
2026.05.05	03:14:20.594		0.78405			4
2026.05.05	03:14:26.830	0.78399				2
2026.05.05	03:14:27.132	0.78400				2
2026.05.05	03:14:31.667	0.78399				2
2026.05.05	03:14:35.703	0.78400				2
2026.05.05	03:14:36.003	0.78399				2
2026.05.05	03:14:36.303	0.78400				2
2026.05.05	03:14:36.603	0.78399				2
2026.05.05	03:14:46.604	0.78398				2
2026.05.05	03:14:54.015	0.78399				2
2026.05.05	03:14:54.316	0.78398				2
2026.05.05	03:14:59.636		0.78404			4
2026.05.05	03:15:00.237	0.78398				2
2026.05.05	03:15:00.537		0.78405			4
2026.05.05	03:15:01.448	0.78400	0.78406			6
2026.05.05	03:15:01.749	0.78401	0.78408			6
2026.05.05	03:15:02.651	0.78402				2
2026.05.05	03:15:02.953	0.78405	0.78411			6
2026.05.05	03:15:03.851	0.78404				2
2026.05.05	03:15:06.447		0.78410			4
2026.05.05	03:15:06.750	0.78405	0.78412			6
2026.05.05	03:15:07.047	0.78406				2
2026.05.05	03:15:07.347		0.78413			4
2026.05.05	03:15:10.281	0.78407	0.78414			6
2026.05.05	03:15:10.583	0.78408				2
2026.05.05	03:15:10.886	0.78411	0.78417			6
2026.05.05	03:15:11.815	0.78413	0.78418			6
2026.05.05	03:15:12.116		0.78420			4
2026.05.05	03:15:12.416		0.78421			4
2026.05.05	03:15:13.017		0.78420			4
2026.05.05	03:15:15.669	0.78414				2
2026.05.05	03:15:18.350	0.78413				2
2026.05.05	03:15:18.650	0.78414				2
2026.05.05	03:15:20.520	0.78415	0.78421			6
2026.05.05	03:15:20.819	0.78414				2
2026.05.05	03:15:21.421		0.78420			4
2026.05.05	03:15:22.321	0.78413				2
2026.05.05	03:15:23.782		0.78419			4
2026.05.05	03:15:24.383	0.78414				2
2026.05.05	03:15:24.712	0.78413				2
2026.05.05	03:15:25.913	0.78414				2
2026.05.05	03:15:26.515	0.78413				2
2026.05.05	03:15:30.603		0.78418			4
2026.05.05	03:15:36.601	0.78412				2
2026.05.05	03:15:39.938		0.78417			4
2026.05.05	03:15:40.776	0.78411				2
2026.05.05	03:15:41.486	0.78413	0.78418			6
2026.05.05	03:15:42.387	0.78415	0.78420			6
2026.05.05	03:15:46.614	0.78416	0.78421			6
2026.05.05	03:15:48.783	0.78415				2
2026.05.05	03:15:50.095	0.78414	0.78420			6
2026.05.05	03:15:50.396		0.78421			4
2026.05.05	03:15:51.597	0.78413	0.78419			6
2026.05.05	03:15:52.497		0.78420			4
2026.05.05	03:15:53.919		0.78419			4
2026.05.05	03:15:55.405		0.78420			4
2026.05.05	03:15:55.705		0.78418			4
2026.05.05	03:16:00.279	0.78413				2
2026.05.05	03:16:07.841	0.78412				2
2026.05.05	03:16:08.142		0.78416			4
2026.05.05	03:16:11.277		0.78417			4
2026.05.05	03:16:11.578		0.78418			4
2026.05.05	03:16:12.479		0.78417			4
2026.05.05	03:16:14.281		0.78418			4
2026.05.05	03:16:14.581		0.78417			4
2026.05.05	03:16:14.881		0.78418			4
2026.05.05	03:16:15.482	0.78413				2
2026.05.05	03:16:15.782	0.78412				2
2026.05.05	03:16:17.415		0.78417			4
2026.05.05	03:16:22.182	0.78410	0.78416			6
2026.05.05	03:16:26.863	0.78409	0.78415			6
2026.05.05	03:16:27.516	0.78408				2
2026.05.05	03:16:28.011	0.78409				2
2026.05.05	03:16:28.996	0.78408				2
2026.05.05	03:16:29.595		0.78414			4
2026.05.05	03:16:36.370	0.78409	0.78415			6
2026.05.05	03:16:39.525	0.78408				2
2026.05.05	03:16:40.126		0.78414			4
2026.05.05	03:16:40.429	0.78410	0.78416			6
2026.05.05	03:16:41.627	0.78408	0.78415			6
2026.05.05	03:16:41.928	0.78409				2
2026.05.05	03:16:42.228	0.78408				2
2026.05.05	03:16:46.454	0.78409				2
2026.05.05	03:16:48.019	0.78410				2
2026.05.05	03:16:48.320		0.78416			4
2026.05.05	03:16:54.575	0.78408	0.78413			6
2026.05.05	03:16:54.874		0.78414			4
2026.05.05	03:16:57.466	0.78409	0.78415			6
2026.05.05	03:16:59.918	0.78408				2
2026.05.05	03:17:00.218	0.78408				2
2026.05.05	03:17:08.657	0.78409				2
2026.05.05	03:17:08.957	0.78408				2
2026.05.05	03:17:14.836	0.78409				2
2026.05.05	03:17:15.137	0.78410	0.78416			6
2026.05.05	03:17:17.392	0.78408	0.78415			6
2026.05.05	03:17:20.460		0.78414			4
2026.05.05	03:17:21.957	0.78409				2
2026.05.05	03:17:24.336		0.78415			4
2026.05.05	03:17:32.493	0.78408				2
2026.05.05	03:17:41.500		0.78414			4
2026.05.05	03:17:42.403	0.78409	0.78415			6
2026.05.05	03:17:42.701	0.78410	0.78416			6
2026.05.05	03:17:49.671	0.78411				2
2026.05.05	03:17:49.971		0.78417			4
2026.05.05	03:17:50.271	0.78410				2
2026.05.05	03:17:50.572		0.78416			4
2026.05.05	03:17:57.174		0.78417			4
2026.05.05	03:17:57.475	0.78411				2
2026.05.05	03:18:00.309	0.78411				2
2026.05.05	03:18:06.371	0.78410				2
2026.05.05	03:18:06.674	0.78411				2
2026.05.05	03:18:16.007	0.78410	0.78416			6
2026.05.05	03:18:20.188		0.78415			4
2026.05.05	03:18:22.158		0.78416			4
2026.05.05	03:18:25.007	0.78411				2
2026.05.05	03:18:27.335	0.78414	0.78420			6
2026.05.05	03:18:31.635	0.78416	0.78421			6
2026.05.05	03:18:31.935	0.78418	0.78424			6
2026.05.05	03:18:32.237	0.78423	0.78427			6
2026.05.05	03:18:32.536	0.78421				2
2026.05.05	03:18:33.135	0.78419	0.78424			6
2026.05.05	03:18:33.736	0.78420	0.78425			6
2026.05.05	03:18:34.037		0.78426			4
2026.05.05	03:18:34.336	0.78421				2
2026.05.05	03:18:35.620	0.78420				2
2026.05.05	03:18:37.699		0.78425			4
2026.05.05	03:18:38.051		0.78424			4
2026.05.05	03:18:39.073		0.78425			4
2026.05.05	03:18:44.736		0.78424			4
2026.05.05	03:18:45.062		0.78425			4
2026.05.05	03:18:45.362		0.78424			4
2026.05.05	03:18:46.765		0.78425			4
2026.05.05	03:18:47.932		0.78424			4
2026.05.05	03:18:51.167		0.78425			4
2026.05.05	03:18:53.120	0.78421	0.78426			6
2026.05.05	03:18:55.093	0.78420	0.78425			6
2026.05.05	03:18:59.020	0.78421	0.78426			6
2026.05.05	03:19:00.281	0.78421				2
2026.05.05	03:19:00.580	0.78420	0.78425			6
2026.05.05	03:19:01.981	0.78419	0.78424			6
2026.05.05	03:19:03.974	0.78420	0.78425			6
2026.05.05	03:19:15.350	0.78419	0.78424			6
2026.05.05	03:19:18.605	0.78418				2
2026.05.05	03:19:19.209	0.78417	0.78422			6
2026.05.05	03:19:19.508	0.78416				2
2026.05.05	03:19:19.807		0.78421			4
2026.05.05	03:19:24.266	0.78413	0.78419			6
2026.05.05	03:19:25.176	0.78414				2
2026.05.05	03:19:33.732	0.78413				2
2026.05.05	03:19:34.033	0.78414				2
2026.05.05	03:19:38.222	0.78413				2
2026.05.05	03:19:45.209	0.78414				2
2026.05.05	03:19:45.509	0.78413				2
2026.05.05	03:19:51.397	0.78414				2
2026.05.05	03:19:51.997		0.78418			4
2026.05.05	03:19:53.660	0.78413				2
2026.05.05	03:20:00.069	0.78413				2
2026.05.05	03:20:02.244	0.78414				2
2026.05.05	03:20:04.086		0.78419			4
2026.05.05	03:20:04.386	0.78413				2
2026.05.05	03:20:04.687		0.78418			4
2026.05.05	03:20:05.288		0.78419			4
2026.05.05	03:20:06.260	0.78414				2
2026.05.05	03:20:06.560	0.78413				2
2026.05.05	03:20:09.240		0.78418			4
2026.05.05	03:20:10.950	0.78412	0.78417			6
2026.05.05	03:20:11.466	0.78413				2
2026.05.05	03:20:11.768	0.78412	0.78418			6
2026.05.05	03:20:12.068	0.78413				2
2026.05.05	03:20:33.264	0.78414	0.78419			6
2026.05.05	03:20:33.564		0.78420			4
2026.05.05	03:20:43.811	0.78413	0.78419			6
2026.05.05	03:20:48.370	0.78416	0.78421			6
2026.05.05	03:20:50.152	0.78415				2
2026.05.05	03:20:51.559	0.78416				2
2026.05.05	03:20:53.207		0.78422			4
2026.05.05	03:20:53.808	0.78417				2
2026.05.05	03:20:54.110		0.78423			4
2026.05.05	03:20:54.710		0.78422			4
2026.05.05	03:20:55.912	0.78416	0.78421			6
2026.05.05	03:20:56.211		0.78420			4
2026.05.05	03:20:56.513		0.78421			4
2026.05.05	03:20:57.112	0.78417	0.78422			6
2026.05.05	03:20:58.012	0.78418	0.78423			6
2026.05.05	03:21:00.181	0.78418				2
2026.05.05	03:21:00.480	0.78417	0.78422			6
2026.05.05	03:21:01.726		0.78423			4
2026.05.05	03:21:03.049	0.78418				2
2026.05.05	03:21:06.821	0.78417	0.78422			6
2026.05.05	03:21:07.775	0.78418	0.78423			6
2026.05.05	03:21:08.439	0.78416	0.78421			6
2026.05.05	03:21:10.436	0.78415				2
2026.05.05	03:21:14.174	0.78416				2
2026.05.05	03:21:14.839		0.78422			4
2026.05.05	03:21:15.142	0.78417				2
2026.05.05	03:21:15.440	0.78416	0.78421			6
2026.05.05	03:21:18.200	0.78415	0.78420			6
2026.05.05	03:21:18.500	0.78413	0.78418			6
2026.05.05	03:21:21.384	0.78412				2
2026.05.05	03:21:22.921		0.78417			4
2026.05.05	03:21:23.524		0.78418			4
2026.05.05	03:21:26.721	0.78413				2
2026.05.05	03:21:27.022	0.78412				2
2026.05.05	03:21:27.715	0.78413	0.78419			6
2026.05.05	03:21:28.320		0.78418			4
2026.05.05	03:21:28.621		0.78419			4
2026.05.05	03:21:28.922		0.78418			4
2026.05.05	03:21:33.901	0.78412				2
2026.05.05	03:21:36.990	0.78413				2
2026.05.05	03:21:37.776	0.78412				2
2026.05.05	03:21:38.076	0.78413				2
2026.05.05	03:21:40.285	0.78412				2
2026.05.05	03:21:43.453	0.78414	0.78419			6
2026.05.05	03:21:47.077	0.78413				2
2026.05.05	03:21:49.873	0.78414				2
2026.05.05	03:21:55.508	0.78415	0.78421			6
2026.05.05	03:22:00.021	0.78415				2
2026.05.05	03:22:01.524	0.78417	0.78422			6
2026.05.05	03:22:01.824		0.78423			4
2026.05.05	03:22:02.124	0.78415	0.78421			6
2026.05.05	03:22:05.848	0.78416				2
2026.05.05	03:22:06.449	0.78417	0.78422			6
2026.05.05	03:22:07.649	0.78416				2
2026.05.05	03:22:07.949		0.78421			4
2026.05.05	03:22:12.620	0.78415				2
2026.05.05	03:22:12.920	0.78416				2
2026.05.05	03:22:19.508	0.78415				2
2026.05.05	03:22:23.238	0.78417	0.78422			6
2026.05.05	03:22:23.537	0.78418	0.78423			6
2026.05.05	03:22:25.668	0.78417				2
2026.05.05	03:22:31.972	0.78418				2
2026.05.05	03:22:37.061	0.78417				2
2026.05.05	03:22:37.661	0.78418				2
2026.05.05	03:22:40.816	0.78417				2
2026.05.05	03:22:41.433	0.78416	0.78422			6
2026.05.05	03:22:41.734	0.78417				2
2026.05.05	03:22:42.033	0.78416	0.78421			6
2026.05.05	03:22:42.334	0.78417	0.78422			6
2026.05.05	03:22:42.635	0.78416	0.78421			6
2026.05.05	03:22:42.935	0.78417	0.78422			6
2026.05.05	03:22:43.241	0.78416	0.78421			6
2026.05.05	03:22:43.545	0.78417	0.78422			6
2026.05.05	03:22:44.147	0.78416	0.78421			6
2026.05.05	03:22:44.448	0.78417	0.78422			6
2026.05.05	03:22:44.748	0.78416	0.78421			6
2026.05.05	03:22:45.049	0.78417	0.78422			6
2026.05.05	03:22:45.350	0.78416	0.78421			6
2026.05.05	03:22:45.650		0.78422			4
2026.05.05	03:22:49.691	0.78417	0.78423			6
2026.05.05	03:22:54.132		0.78422			4
2026.05.05	03:22:55.338		0.78423			4
2026.05.05	03:22:57.879	0.78418	0.78424			6
2026.05.05	03:23:00.173	0.78418	0.78423			6
2026.05.05	03:23:00.473		0.78424			4
2026.05.05	03:23:05.069		0.78423			4
2026.05.05	03:23:09.806		0.78424			4
2026.05.05	03:23:10.488	0.78421	0.78427			6
2026.05.05	03:23:11.088	0.78422				2
2026.05.05	03:23:11.688		0.78428			4
2026.05.05	03:23:12.391		0.78427			4
2026.05.05	03:23:14.204	0.78421				2
2026.05.05	03:23:15.201		0.78426			4
2026.05.05	03:23:18.395		0.78427			4
2026.05.05	03:23:18.695		0.78426			4
2026.05.05	03:23:18.996		0.78427			4
2026.05.05	03:23:19.898		0.78426			4
2026.05.05	03:23:20.498		0.78427			4
2026.05.05	03:23:21.099		0.78426			4
2026.05.05	03:23:22.267		0.78427			4
2026.05.05	03:23:22.874		0.78426			4
2026.05.05	03:23:23.174		0.78427			4
2026.05.05	03:23:25.030	0.78422				2
2026.05.05	03:23:27.459		0.78428			4
2026.05.05	03:23:28.060		0.78427			4
2026.05.05	03:23:30.093		0.78428			4
2026.05.05	03:23:31.660		0.78427			4
2026.05.05	03:23:34.129	0.78421				2
2026.05.05	03:23:36.930		0.78426			4
2026.05.05	03:23:37.531	0.78420				2
2026.05.05	03:23:38.045	0.78421				2
2026.05.05	03:23:38.345	0.78420				2
2026.05.05	03:23:43.020		0.78424			4
2026.05.05	03:23:43.620	0.78422	0.78428			6
2026.05.05	03:23:43.920	0.78420	0.78424			6
2026.05.05	03:23:44.220	0.78422	0.78428			6
2026.05.05	03:23:44.521	0.78420	0.78424			6
2026.05.05	03:23:44.822	0.78421	0.78426			6
2026.05.05	03:23:45.126		0.78427			4
2026.05.05	03:23:45.723		0.78426			4
2026.05.05	03:23:49.670	0.78420				2
2026.05.05	03:23:52.919	0.78421	0.78427			6
2026.05.05	03:23:53.744	0.78423	0.78428			6
2026.05.05	03:23:54.945		0.78429			4
2026.05.05	03:23:58.370	0.78424	0.78430			6
2026.05.05	03:23:58.669	0.78425				2
2026.05.05	03:23:59.455	0.78426	0.78431			6
2026.05.05	03:23:59.755	0.78425	0.78430			6
2026.05.05	03:24:00.055	0.78425				2
2026.05.05	03:24:00.356	0.78429	0.78434			6
2026.05.05	03:24:00.657	0.78428				2
2026.05.05	03:24:00.957	0.78431	0.78436			6
2026.05.05	03:24:04.922	0.78430				2
2026.05.05	03:24:05.222		0.78435			4
2026.05.05	03:24:05.826	0.78432	0.78438			6
2026.05.05	03:24:06.125	0.78433	0.78439			6
2026.05.05	03:24:06.425	0.78432	0.78438			6
2026.05.05	03:24:06.725	0.78433	0.78439			6
2026.05.05	03:24:07.026		0.78438			4
2026.05.05	03:24:07.627	0.78432				2
2026.05.05	03:24:10.221		0.78437			4
2026.05.05	03:24:10.519		0.78438			4
2026.05.05	03:24:11.769	0.78434	0.78439			6
2026.05.05	03:24:12.673	0.78431	0.78436			6
2026.05.05	03:24:13.573	0.78432	0.78438			6
2026.05.05	03:24:18.533	0.78431	0.78437			6
2026.05.05	03:24:19.133	0.78432				2
2026.05.05	03:24:20.080	0.78434	0.78440			6
2026.05.05	03:24:20.380	0.78435	0.78441			6
2026.05.05	03:24:20.982	0.78436	0.78442			6
2026.05.05	03:24:21.281	0.78437				2
2026.05.05	03:24:24.028	0.78436	0.78441			6
2026.05.05	03:24:30.335		0.78442			4
2026.05.05	03:24:31.138		0.78441			4
2026.05.05	03:24:32.039	0.78435				2
2026.05.05	03:24:33.752	0.78436	0.78442			6
2026.05.05	03:24:34.767		0.78441			4
2026.05.05	03:24:36.105		0.78440			4
2026.05.05	03:24:37.306		0.78441			4
2026.05.05	03:24:37.807		0.78440			4
2026.05.05	03:24:39.891	0.78435				2
2026.05.05	03:24:43.310		0.78441			4
2026.05.05	03:24:44.515		0.78440			4
2026.05.05	03:24:48.146	0.78434	0.78439			6
2026.05.05	03:24:50.220	0.78433				2
2026.05.05	03:24:52.885	0.78434				2
2026.05.05	03:24:58.444	0.78433				2
2026.05.05	03:25:00.026	0.78433				2
2026.05.05	03:25:00.626		0.78438			4
2026.05.05	03:25:01.228	0.78430	0.78436			6
2026.05.05	03:25:01.828	0.78431				2
2026.05.05	03:25:03.331		0.78437			4
2026.05.05	03:25:03.631		0.78436			4
2026.05.05	03:25:06.282		0.78437			4
2026.05.05	03:25:07.532	0.78432				2
2026.05.05	03:25:09.341	0.78431	0.78436			6
2026.05.05	03:25:11.229	0.78432	0.78437			6
2026.05.05	03:25:11.528	0.78434	0.78439			6
2026.05.05	03:25:20.015	0.78433	0.78438			6
2026.05.05	03:25:25.236	0.78432	0.78437			6
2026.05.05	03:25:26.204	0.78431	0.78436			6
2026.05.05	03:25:34.347	0.78433	0.78438			6
2026.05.05	03:25:34.648	0.78432				2
2026.05.05	03:25:35.616		0.78437			4
2026.05.05	03:25:39.295	0.78433	0.78438			6
2026.05.05	03:25:39.595	0.78432	0.78437			6
2026.05.05	03:25:41.257	0.78433	0.78438			6
2026.05.05	03:25:41.601	0.78432				2
2026.05.05	03:25:41.902	0.78433				2
2026.05.05	03:25:43.570	0.78434	0.78439			6
2026.05.05	03:26:00.167	0.78434				2
2026.05.05	03:26:00.468	0.78435	0.78440			6
2026.05.05	03:26:01.322	0.78434	0.78439			6
2026.05.05	03:26:06.937	0.78435	0.78440			6
2026.05.05	03:26:07.237	0.78434	0.78439			6
2026.05.05	03:26:10.448	0.78435	0.78440			6
2026.05.05	03:26:12.708	0.78434	0.78439			6
2026.05.05	03:26:13.008	0.78435	0.78440			6
2026.05.05	03:26:16.044	0.78434	0.78439			6
2026.05.05	03:26:16.857	0.78437	0.78442			6
2026.05.05	03:26:17.158	0.78436	0.78441			6
2026.05.05	03:26:19.547	0.78435				2
2026.05.05	03:26:19.849	0.78436				2
2026.05.05	03:26:20.149	0.78438	0.78443			6
2026.05.05	03:26:20.450	0.78436	0.78441			6
2026.05.05	03:26:22.787	0.78435	0.78440			6
2026.05.05	03:26:23.087	0.78436	0.78441			6
2026.05.05	03:26:25.829	0.78437				2
2026.05.05	03:26:26.441	0.78436				2
2026.05.05	03:26:28.132	0.78437	0.78442			6
2026.05.05	03:26:28.433	0.78436	0.78441			6
2026.05.05	03:26:29.335	0.78435	0.78440			6
2026.05.05	03:26:30.236	0.78436	0.78441			6
2026.05.05	03:26:30.836	0.78435	0.78440			6
2026.05.05	03:26:33.561	0.78436	0.78441			6
2026.05.05	03:26:34.761	0.78435	0.78440			6
2026.05.05	03:26:35.662	0.78436	0.78441			6
2026.05.05	03:26:40.850	0.78435				2
2026.05.05	03:26:41.594	0.78436				2
2026.05.05	03:26:43.887	0.78437	0.78442			6
2026.05.05	03:26:44.487	0.78438	0.78443			6
2026.05.05	03:26:48.721	0.78437	0.78442			6
2026.05.05	03:26:51.656	0.78438	0.78443			6
2026.05.05	03:26:52.557	0.78439	0.78444			6
2026.05.05	03:26:54.941	0.78438	0.78443			6
2026.05.05	03:26:59.332	0.78439	0.78444			6
2026.05.05	03:27:00.232	0.78439				2
2026.05.05	03:27:01.132	0.78438	0.78443			6
2026.05.05	03:27:03.288	0.78440	0.78445			6
2026.05.05	03:27:03.587	0.78439	0.78444			6
2026.05.05	03:27:04.189	0.78438	0.78443			6
2026.05.05	03:27:05.291	0.78439	0.78444			6
2026.05.05	03:27:06.009	0.78438	0.78443			6
2026.05.05	03:27:07.416	0.78439	0.78444			6
2026.05.05	03:27:07.716	0.78438	0.78443			6
2026.05.05	03:27:08.015	0.78439	0.78444			6
2026.05.05	03:27:08.615	0.78440	0.78445			6
2026.05.05	03:27:09.216	0.78439	0.78444			6
2026.05.05	03:27:13.421	0.78440	0.78445			6
2026.05.05	03:27:13.724	0.78441	0.78446			6
2026.05.05	03:27:14.023		0.78447			4
2026.05.05	03:27:14.323	0.78443	0.78448			6
2026.05.05	03:27:14.923	0.78444				2
2026.05.05	03:27:15.223	0.78443				2
2026.05.05	03:27:15.524	0.78444	0.78449			6
2026.05.05	03:27:16.724	0.78443	0.78448			6
2026.05.05	03:27:17.025	0.78444	0.78449			6
2026.05.05	03:27:18.227	0.78445	0.78450			6
2026.05.05	03:27:19.059	0.78444	0.78449			6
2026.05.05	03:27:24.415	0.78441	0.78446			6
2026.05.05	03:27:41.019	0.78442	0.78447			6
2026.05.05	03:27:49.829	0.78441	0.78446			6
2026.05.05	03:27:50.784	0.78442	0.78447			6
2026.05.05	03:27:53.561	0.78441	0.78446			6
2026.05.05	03:27:54.596	0.78442	0.78447			6
2026.05.05	03:27:54.896	0.78444	0.78449			6
2026.05.05	03:27:55.196	0.78442	0.78447			6
2026.05.05	03:27:55.796	0.78443	0.78448			6
2026.05.05	03:27:56.397	0.78442	0.78447			6
2026.05.05	03:27:56.697	0.78443	0.78448			6
2026.05.05	03:27:56.997	0.78442	0.78447			6
2026.05.05	03:28:00.095	0.78442				2
2026.05.05	03:28:10.244	0.78444	0.78449			6
2026.05.05	03:28:19.105	0.78445	0.78450			6
2026.05.05	03:28:20.114	0.78444	0.78449			6
2026.05.05	03:28:20.415	0.78445	0.78450			6
2026.05.05	03:28:22.834	0.78444	0.78449			6
2026.05.05	03:28:54.292	0.78443	0.78448			6
2026.05.05	03:28:55.463	0.78442	0.78447			6
2026.05.05	03:28:57.264	0.78441	0.78446			6
2026.05.05	03:29:00.016	0.78441				2
2026.05.05	03:29:08.684	0.78439	0.78444			6
2026.05.05	03:29:08.982	0.78438	0.78443			6
2026.05.05	03:29:15.700	0.78440	0.78445			6
2026.05.05	03:29:15.998	0.78441	0.78446			6
2026.05.05	03:29:17.176	0.78440	0.78445			6
2026.05.05	03:29:25.891	0.78441	0.78446			6
2026.05.05	03:29:26.192	0.78442	0.78447			6
2026.05.05	03:29:26.792	0.78441	0.78446			6
2026.05.05	03:29:28.596	0.78440	0.78445			6
2026.05.05	03:29:30.165	0.78441	0.78446			6
2026.05.05	03:29:31.105	0.78440	0.78445			6
2026.05.05	03:29:32.008	0.78441	0.78446			6
