<DATE>	<TIME>	<BID>	<ASK>	<LAST>	<VOLUME>	<FLAGS>
2026.05.15	00:03:30.524	0.78291	0.78389			6
2026.05.15	00:03:33.390		0.78379			4
2026.05.15	00:04:00.211	0.78291				2
2026.05.15	00:04:41.524		0.78379			4
2026.05.15	00:05:00.223	0.78283	0.78384			6
2026.05.15	00:05:00.527	0.78297	0.78392			6
2026.05.15	00:05:05.157	0.78306	0.78385			6
2026.05.15	00:05:06.063	0.78297	0.78374			6
2026.05.15	00:05:06.363	0.78306	0.78385			6
2026.05.15	00:05:06.663	0.78297	0.78374			6
2026.05.15	00:05:06.963	0.78306	0.78385			6
2026.05.15	00:05:07.269	0.78297	0.78374			6
2026.05.15	00:05:07.569	0.78300	0.78380			6
2026.05.15	00:05:49.793	0.78301	0.78419			6
2026.05.15	00:06:00.204	0.78301				2
2026.05.15	00:06:59.837		0.78419			4
2026.05.15	00:07:11.523	0.78301				2
2026.05.15	00:08:10.299	0.78301	0.78419			6
2026.05.15	00:09:21.523	0.78301	0.78419			6
2026.05.15	00:10:00.071	0.78297	0.78421			6
2026.05.15	00:10:13.038	0.78303	0.78408			6
2026.05.15	00:10:54.564	0.78289	0.78431			6
2026.05.15	00:10:55.544	0.78297	0.78421			6
2026.05.15	00:11:01.381	0.78297				2
2026.05.15	00:11:19.681	0.78303				2
2026.05.15	00:11:55.564		0.78421			4
2026.05.15	00:12:04.079	0.78303				2
2026.05.15	00:12:14.496	0.78309				2
2026.05.15	00:12:57.780		0.78421			4
2026.05.15	00:13:00.781	0.78309				2
2026.05.15	00:13:09.498	0.78312				2
2026.05.15	00:13:57.780		0.78421			4
2026.05.15	00:14:02.881	0.78312				2
2026.05.15	00:14:58.080		0.78421			4
2026.05.15	00:14:59.500	0.78313				2
2026.05.15	00:15:00.007	0.78313				2
2026.05.15	00:15:59.624		0.78421			4
2026.05.15	00:16:00.298	0.78313				2
2026.05.15	00:17:00.298	0.78313	0.78421			6
2026.05.15	00:17:44.503	0.78317				2
2026.05.15	00:18:01.980	0.78317	0.78421			6
2026.05.15	00:19:00.299	0.78317				2
2026.05.15	00:19:03.480		0.78421			4
2026.05.15	00:19:34.504	0.78318				2
2026.05.15	00:20:04.979	0.78318	0.78421			6
2026.05.15	00:20:55.697	0.78307				2
2026.05.15	00:20:55.998		0.78420			4
2026.05.15	00:20:57.328	0.78301	0.78421			6
2026.05.15	00:20:57.629	0.78299				2
2026.05.15	00:21:01.432	0.78298				2
2026.05.15	00:21:57.366	0.78297	0.78421			6
2026.05.15	00:21:57.666	0.78301				2
2026.05.15	00:22:08.736	0.78301				2
2026.05.15	00:23:08.735	0.78300	0.78421			6
2026.05.15	00:24:08.319	0.78300				2
2026.05.15	00:24:08.735		0.78421			4
2026.05.15	00:24:18.331	0.78297				2
2026.05.15	00:24:18.634	0.78296				2
2026.05.15	00:24:37.309	0.78298				2
2026.05.15	00:25:07.817	0.78298				2
2026.05.15	00:25:10.300		0.78421			4
2026.05.15	00:25:28.551	0.78293				2
2026.05.15	00:26:07.317	0.78293				2
2026.05.15	00:26:14.647		0.78421			4
2026.05.15	00:27:03.484	0.78293				2
2026.05.15	00:27:15.757		0.78421			4
2026.05.15	00:28:00.779	0.78293				2
2026.05.15	00:28:06.020	0.78330				2
2026.05.15	00:28:06.345	0.78293	0.78369			6
2026.05.15	00:28:06.951	0.78330	0.78421			6
2026.05.15	00:28:07.252	0.78293	0.78369			6
2026.05.15	00:28:07.552	0.78330	0.78421			6
2026.05.15	00:28:07.852	0.78293	0.78369			6
2026.05.15	00:28:08.152	0.78330	0.78421			6
2026.05.15	00:28:08.454	0.78293	0.78369			6
2026.05.15	00:28:08.754	0.78330	0.78421			6
2026.05.15	00:28:09.057	0.78293	0.78369			6
2026.05.15	00:28:09.357	0.78330	0.78421			6
2026.05.15	00:28:09.657	0.78293	0.78369			6
2026.05.15	00:28:09.958		0.78421			4
2026.05.15	00:28:22.680	0.78291				2
2026.05.15	00:29:02.505	0.78291				2
2026.05.15	00:29:10.980		0.78421			4
2026.05.15	00:30:00.089	0.78291				2
2026.05.15	00:30:12.780		0.78421			4
2026.05.15	00:30:20.452	0.78292				2
2026.05.15	00:30:30.298	0.78294				2
2026.05.15	00:30:30.599	0.78296				2
2026.05.15	00:30:31.220	0.78294				2
2026.05.15	00:30:31.521	0.78292				2
2026.05.15	00:31:00.415	0.78292				2
2026.05.15	00:31:08.054	0.78290				2
2026.05.15	00:31:09.628	0.78292				2
2026.05.15	00:31:15.295		0.78421			4
2026.05.15	00:31:17.250	0.78291				2
2026.05.15	00:31:18.001	0.78290				2
2026.05.15	00:31:30.481	0.78292				2
2026.05.15	00:31:32.297	0.78291				2
2026.05.15	00:31:32.598	0.78290				2
2026.05.15	00:31:53.558	0.78291				2
2026.05.15	00:32:00.479	0.78291				2
2026.05.15	00:32:16.080		0.78421			4
2026.05.15	00:32:36.480	0.78292				2
2026.05.15	00:32:38.158	0.78291				2
2026.05.15	00:32:48.560	0.78292				2
2026.05.15	00:33:00.287	0.78292				2
2026.05.15	00:33:07.917	0.78295				2
2026.05.15	00:33:17.932		0.78421			4
2026.05.15	00:34:00.374	0.78295				2
2026.05.15	00:34:19.080		0.78421			4
2026.05.15	00:35:00.779	0.78295				2
2026.05.15	00:35:19.080		0.78421			4
2026.05.15	00:35:19.400	0.78292				2
2026.05.15	00:35:33.780	0.78290	0.78419			6
2026.05.15	00:36:01.677	0.78290				2
2026.05.15	00:36:28.564		0.78416			4
2026.05.15	00:37:00.180	0.78290				2
2026.05.15	00:37:07.413	0.78292				2
2026.05.15	00:37:07.719	0.78294				2
2026.05.15	00:37:08.606	0.78295				2
2026.05.15	00:37:23.565		0.78419			4
2026.05.15	00:38:00.481	0.78295				2
2026.05.15	00:38:23.833		0.78419			4
2026.05.15	00:38:24.136	0.78294				2
2026.05.15	00:39:00.530	0.78294				2
2026.05.15	00:39:13.568	0.78291				2
2026.05.15	00:39:23.880		0.78419			4
2026.05.15	00:39:37.980	0.78292				2
2026.05.15	00:39:51.689	0.78293				2
2026.05.15	00:39:51.993	0.78292				2
2026.05.15	00:39:54.154	0.78296				2
2026.05.15	00:39:54.454	0.78298				2
2026.05.15	00:39:58.935	0.78301				2
2026.05.15	00:39:59.235	0.78298				2
2026.05.15	00:40:00.055	0.78301				2
2026.05.15	00:40:00.356	0.78300				2
2026.05.15	00:40:00.656	0.78301				2
2026.05.15	00:40:01.646	0.78303				2
2026.05.15	00:40:03.179	0.78304				2
2026.05.15	00:40:07.381	0.78305				2
2026.05.15	00:40:09.081	0.78303				2
2026.05.15	00:40:23.880	0.78304	0.78419			6
2026.05.15	00:40:25.382	0.78305				2
2026.05.15	00:40:31.262	0.78304				2
2026.05.15	00:40:39.043	0.78303				2
2026.05.15	00:40:39.343	0.78295				2
2026.05.15	00:41:02.579	0.78295				2
2026.05.15	00:41:03.570	0.78303	0.78423			6
2026.05.15	00:41:14.237	0.78311	0.78421			6
2026.05.15	00:41:21.629	0.78297				2
2026.05.15	00:42:01.080	0.78297				2
2026.05.15	00:42:16.628	0.78304	0.78424			6
2026.05.15	00:42:56.984	0.78314	0.78421			6
2026.05.15	00:42:58.845	0.78290	0.78430			6
2026.05.15	00:42:59.145	0.78292	0.78405			6
2026.05.15	00:43:00.049	0.78292				2
2026.05.15	00:43:01.852	0.78314	0.78421			6
2026.05.15	00:44:00.299	0.78314				2
2026.05.15	00:44:00.901		0.78419			4
2026.05.15	00:44:01.564		0.78421			4
2026.05.15	00:44:02.164		0.78419			4
2026.05.15	00:44:02.869		0.78421			4
2026.05.15	00:44:30.291	0.78305	0.78419			6
2026.05.15	00:44:54.781		0.78418			4
2026.05.15	00:45:00.130	0.78305				2
2026.05.15	00:45:02.633	0.78290	0.78430			6
2026.05.15	00:45:02.932	0.78292	0.78405			6
2026.05.15	00:45:05.641	0.78305	0.78418			6
2026.05.15	00:45:11.881	0.78306				2
2026.05.15	00:45:15.780		0.78417			4
2026.05.15	00:45:48.648	0.78307				2
2026.05.15	00:45:48.950		0.78416			4
2026.05.15	00:45:54.184		0.78417			4
2026.05.15	00:46:10.298	0.78307				2
2026.05.15	00:46:14.580		0.78416			4
2026.05.15	00:46:38.096	0.78308	0.78415			6
2026.05.15	00:46:59.881	0.78309	0.78414			6
2026.05.15	00:47:02.571	0.78295	0.78430			6
2026.05.15	00:47:02.873	0.78296	0.78404			6
2026.05.15	00:47:03.776		0.78393			4
2026.05.15	00:47:05.279	0.78309	0.78414			6
2026.05.15	00:47:33.240	0.78310	0.78413			6
2026.05.15	00:48:10.078	0.78310				2
2026.05.15	00:48:36.958		0.78413			4
2026.05.15	00:48:37.560	0.78311				2
2026.05.15	00:49:04.872	0.78311				2
2026.05.15	00:49:20.498		0.78412			4
2026.05.15	00:49:21.823	0.78312				2
2026.05.15	00:50:00.080	0.78312				2
2026.05.15	00:50:06.180	0.78311				2
2026.05.15	00:50:24.780	0.78312	0.78412			6
2026.05.15	00:50:31.761	0.78311	0.78413			6
2026.05.15	00:50:45.471	0.78310				2
2026.05.15	00:51:08.762	0.78311				2
2026.05.15	00:51:24.180	0.78310				2
2026.05.15	00:51:31.772		0.78413			4
2026.05.15	00:52:01.524	0.78310				2
2026.05.15	00:52:32.343		0.78421			4
2026.05.15	00:53:10.336	0.78310				2
2026.05.15	00:53:24.920	0.78305				2
2026.05.15	00:53:32.581		0.78421			4
2026.05.15	00:54:00.480	0.78305				2
2026.05.15	00:54:32.693		0.78421			4
2026.05.15	00:55:01.523	0.78305				2
2026.05.15	00:55:05.631		0.78414			4
2026.05.15	00:55:09.395	0.78294	0.78429			6
2026.05.15	00:55:09.694	0.78305	0.78414			6
2026.05.15	00:55:14.982		0.78413			4
2026.05.15	00:55:20.076	0.78310				2
2026.05.15	00:55:29.991	0.78311				2
2026.05.15	00:55:37.219		0.78412			4
2026.05.15	00:55:55.261	0.78312				2
2026.05.15	00:56:00.084	0.78312				2
2026.05.15	00:56:11.803		0.78411			4
2026.05.15	00:56:18.733	0.78313				2
2026.05.15	00:56:26.851		0.78410			4
2026.05.15	00:56:34.380	0.78315	0.78406			6
2026.05.15	00:56:34.680		0.78408			4
2026.05.15	00:56:51.813		0.78409			4
2026.05.15	00:56:54.225		0.78408			4
2026.05.15	00:56:55.734		0.78409			4
2026.05.15	00:56:58.442	0.78314				2
2026.05.15	00:57:00.248	0.78314				2
2026.05.15	00:57:00.549	0.78315	0.78408			6
2026.05.15	00:57:02.355		0.78409			4
2026.05.15	00:57:04.454		0.78408			4
2026.05.15	00:57:17.683	0.78316	0.78405			6
2026.05.15	00:57:22.188	0.78315	0.78406			6
2026.05.15	00:57:23.992		0.78405			4
2026.05.15	00:57:32.421	0.78316				2
2026.05.15	00:57:33.626	0.78315	0.78408			6
2026.05.15	00:57:33.926		0.78405			4
2026.05.15	00:57:34.828	0.78316				2
2026.05.15	00:57:36.040	0.78315	0.78406			6
2026.05.15	00:57:42.955		0.78405			4
2026.05.15	00:57:44.458		0.78407			4
2026.05.15	00:57:47.159		0.78405			4
2026.05.15	00:57:50.465	0.78316				2
2026.05.15	00:57:55.281	0.78314	0.78407			6
2026.05.15	00:57:57.083		0.78406			4
2026.05.15	00:58:00.090	0.78314				2
2026.05.15	00:58:06.740	0.78315				2
2026.05.15	00:58:07.941		0.78409			4
2026.05.15	00:58:08.845	0.78317	0.78404			6
2026.05.15	00:58:24.182		0.78405			4
2026.05.15	00:58:39.241		0.78406			4
2026.05.15	00:58:49.764		0.78407			4
2026.05.15	00:58:51.263	0.78316				2
2026.05.15	00:58:53.369	0.78317				2
2026.05.15	00:59:00.291	0.78317				2
2026.05.15	00:59:04.215		0.78404			4
2026.05.15	00:59:04.512		0.78407			4
2026.05.15	00:59:06.924	0.78316				2
2026.05.15	00:59:11.441		0.78404			4
2026.05.15	00:59:11.739		0.78407			4
2026.05.15	00:59:15.043		0.78408			4
2026.05.15	00:59:16.244		0.78407			4
2026.05.15	00:59:18.046		0.78408			4
2026.05.15	00:59:18.646	0.78315	0.78409			6
2026.05.15	00:59:18.947	0.78309	0.78414			6
2026.05.15	00:59:19.547		0.78415			4
2026.05.15	00:59:20.148	0.78307	0.78416			6
2026.05.15	00:59:20.447	0.78299	0.78421			6
2026.05.15	00:59:20.748	0.78302				2
2026.05.15	00:59:21.349	0.78301				2
2026.05.15	00:59:22.551	0.78300				2
2026.05.15	00:59:23.158	0.78299				2
2026.05.15	00:59:23.457	0.78300				2
2026.05.15	00:59:24.060	0.78301				2
2026.05.15	00:59:30.079	0.78311	0.78413			6
2026.05.15	00:59:31.582	0.78306	0.78418			6
2026.05.15	00:59:32.482		0.78417			4
2026.05.15	00:59:33.082	0.78309	0.78415			6
2026.05.15	00:59:33.681	0.78306	0.78417			6
2026.05.15	00:59:34.882	0.78302	0.78421			6
2026.05.15	00:59:35.183	0.78301				2
2026.05.15	00:59:35.484	0.78302				2
2026.05.15	00:59:36.684	0.78301				2
2026.05.15	00:59:36.985	0.78302				2
2026.05.15	00:59:37.287	0.78303	0.78420			6
2026.05.15	00:59:38.187	0.78302	0.78421			6
2026.05.15	00:59:38.788	0.78303	0.78420			6
2026.05.15	00:59:39.089	0.78301	0.78421			6
2026.05.15	00:59:39.692	0.78303				2
2026.05.15	00:59:43.004	0.78304	0.78419			6
2026.05.15	00:59:47.531		0.78420			4
2026.05.15	00:59:47.825		0.78419			4
2026.05.15	00:59:49.941		0.78420			4
2026.05.15	00:59:54.139		0.78419			4
2026.05.15	00:59:57.144	0.78308	0.78415			6
2026.05.15	01:00:00.150	0.78303	0.78418			6
2026.05.15	01:00:00.456	0.78305	0.78416			6
2026.05.15	01:00:00.753	0.78306	0.78415			6
2026.05.15	01:00:01.352	0.78307	0.78409			6
2026.05.15	01:00:01.656	0.78309				2
2026.05.15	01:00:01.956		0.78412			4
2026.05.15	01:00:02.254	0.78312	0.78414			6
2026.05.15	01:00:02.558	0.78308	0.78413			6
2026.05.15	01:00:02.856	0.78315				2
2026.05.15	01:00:03.156	0.78343	0.78389			6
2026.05.15	01:00:05.856	0.78327	0.78400			6
2026.05.15	01:00:06.758	0.78352	0.78395			6
2026.05.15	01:00:09.765	0.78353	0.78389			6
2026.05.15	01:00:13.067	0.78354	0.78390			6
2026.05.15	01:00:16.972		0.78392			4
2026.05.15	01:00:39.501	0.78357	0.78388			6
2026.05.15	01:00:48.526	0.78358				2
2026.05.15	01:00:51.829		0.78385			4
2026.05.15	01:00:52.728	0.78350	0.78389			6
2026.05.15	01:00:53.031	0.78340	0.78398			6
2026.05.15	01:00:53.330	0.78350	0.78391			6
2026.05.15	01:00:53.631	0.78351	0.78383			6
2026.05.15	01:00:55.136		0.78380			4
2026.05.15	01:00:55.440		0.78383			4
2026.05.15	01:00:55.741		0.78380			4
2026.05.15	01:00:56.040		0.78383			4
2026.05.15	01:00:56.341		0.78380			4
2026.05.15	01:00:56.644		0.78383			4
2026.05.15	01:00:56.946		0.78380			4
2026.05.15	01:00:57.243		0.78383			4
2026.05.15	01:00:57.544		0.78380			4
2026.05.15	01:00:57.844		0.78383			4
2026.05.15	01:00:58.149		0.78380			4
2026.05.15	01:00:58.449		0.78383			4
2026.05.15	01:01:00.246	0.78351				2
2026.05.15	01:01:09.257		0.78382			4
2026.05.15	01:01:10.154	0.78354	0.78381			6
2026.05.15	01:01:10.456	0.78351	0.78383			6
2026.05.15	01:01:10.754	0.78349				2
2026.05.15	01:01:11.057	0.78351	0.78382			6
2026.05.15	01:01:11.958		0.78383			4
2026.05.15	01:01:12.559	0.78348	0.78390			6
2026.05.15	01:01:12.857	0.78351	0.78383			6
2026.05.15	01:01:23.071	0.78354	0.78381			6
2026.05.15	01:01:59.425	0.78357	0.78384			6
2026.05.15	01:02:00.026	0.78357				2
2026.05.15	01:02:03.328	0.78359	0.78382			6
2026.05.15	01:02:15.344	0.78364	0.78383			6
2026.05.15	01:02:20.446		0.78382			4
2026.05.15	01:02:24.656	0.78365	0.78384			6
2026.05.15	01:02:30.058	0.78366	0.78385			6
2026.05.15	01:02:30.355	0.78367				2
2026.05.15	01:02:38.765	0.78368				2
2026.05.15	01:02:50.481	0.78367	0.78384			6
2026.05.15	01:03:00.092	0.78367				2
2026.05.15	01:03:21.136	0.78369	0.78386			6
2026.05.15	01:03:21.735	0.78368	0.78385			6
2026.05.15	01:03:25.639	0.78366	0.78383			6
2026.05.15	01:03:28.640	0.78367	0.78384			6
2026.05.15	01:03:45.160	0.78368	0.78385			6
2026.05.15	01:03:46.362	0.78367	0.78386			6
2026.05.15	01:03:47.267	0.78368				2
2026.05.15	01:03:48.164	0.78369				2
2026.05.15	01:03:57.181	0.78368				2
2026.05.15	01:04:00.184	0.78368				2
2026.05.15	01:04:10.400		0.78385			4
2026.05.15	01:04:14.003		0.78383			4
2026.05.15	01:04:14.303		0.78385			4
2026.05.15	01:04:14.605		0.78383			4
2026.05.15	01:04:16.110		0.78385			4
2026.05.15	01:04:57.592	0.78367				2
2026.05.15	01:05:00.288	0.78367				2
2026.05.15	01:05:00.593	0.78366				2
2026.05.15	01:05:01.198	0.78368	0.78386			6
2026.05.15	01:05:01.793		0.78385			4
2026.05.15	01:05:02.096	0.78365	0.78384			6
2026.05.15	01:05:04.495	0.78366	0.78385			6
2026.05.15	01:05:08.710	0.78368				2
2026.05.15	01:05:09.311	0.78367				2
2026.05.15	01:05:09.911	0.78368				2
2026.05.15	01:05:12.016	0.78367				2
2026.05.15	01:05:12.617	0.78368				2
2026.05.15	01:05:12.918	0.78367				2
2026.05.15	01:05:14.122		0.78384			4
2026.05.15	01:05:23.136	0.78366	0.78383			6
2026.05.15	01:06:00.109	0.78366				2
2026.05.15	01:06:09.730		0.78384			4
2026.05.15	01:06:11.231		0.78383			4
2026.05.15	01:06:20.554	0.78369	0.78385			6
2026.05.15	01:07:00.236	0.78366	0.78383			6
2026.05.15	01:07:13.153	0.78367				2
2026.05.15	01:07:14.355		0.78384			4
2026.05.15	01:07:25.776		0.78385			4
2026.05.15	01:07:37.503	0.78368	0.78384			6
2026.05.15	01:07:43.518		0.78385			4
2026.05.15	01:08:00.058	0.78368				2
2026.05.15	01:08:03.668	0.78369				2
2026.05.15	01:08:14.192	0.78370				2
2026.05.15	01:08:25.316	0.78369				2
2026.05.15	01:08:40.349	0.78370				2
2026.05.15	01:08:43.654		0.78385			4
2026.05.15	01:08:44.254		0.78384			4
2026.05.15	01:08:46.057		0.78385			4
2026.05.15	01:08:46.359		0.78384			4
2026.05.15	01:08:46.659		0.78385			4
2026.05.15	01:08:51.765	0.78369				2
2026.05.15	01:09:00.188	0.78369				2
2026.05.15	01:09:46.779		0.78385			4
2026.05.15	01:09:52.186		0.78384			4
2026.05.15	01:10:00.004	0.78369				2
2026.05.15	01:10:00.313		0.78385			4
2026.05.15	01:10:14.440	0.78368	0.78384			6
2026.05.15	01:10:14.739	0.78367	0.78383			6
2026.05.15	01:10:16.843	0.78368	0.78384			6
2026.05.15	01:10:47.517	0.78365	0.78380			6
2026.05.15	01:10:48.416		0.78379			4
2026.05.15	01:10:50.220	0.78366	0.78382			6
2026.05.15	01:11:00.152	0.78366				2
2026.05.15	01:11:05.871	0.78367	0.78383			6
2026.05.15	01:11:34.143		0.78382			4
2026.05.15	01:11:35.949	0.78368	0.78384			6
2026.05.15	01:11:50.378		0.78383			4
2026.05.15	01:12:00.008	0.78368				2
2026.05.15	01:12:02.114	0.78369	0.78384			6
2026.05.15	01:12:12.940	0.78370	0.78386			6
2026.05.15	01:12:18.345	0.78372	0.78387			6
2026.05.15	01:12:25.255	0.78374	0.78389			6
2026.05.15	01:12:30.371	0.78372	0.78388			6
2026.05.15	01:12:32.773	0.78374	0.78389			6
2026.05.15	01:12:33.673	0.78375	0.78390			6
2026.05.15	01:12:42.992	0.78376	0.78391			6
2026.05.15	01:12:43.891	0.78377	0.78392			6
2026.05.15	01:13:00.141	0.78377				2
2026.05.15	01:13:05.245	0.78378	0.78393			6
2026.05.15	01:13:32.599	0.78379	0.78394			6
2026.05.15	01:13:35.008	0.78378	0.78393			6
2026.05.15	01:13:41.931	0.78379	0.78394			6
2026.05.15	01:13:42.836	0.78380	0.78395			6
2026.05.15	01:14:00.279	0.78380				2
2026.05.15	01:14:07.784	0.78377	0.78392			6
2026.05.15	01:14:25.537	0.78378	0.78393			6
2026.05.15	01:14:28.841	0.78379	0.78394			6
2026.05.15	01:15:00.109	0.78379				2
2026.05.15	01:15:06.724	0.78378	0.78393			6
2026.05.15	01:15:14.837	0.78379				2
2026.05.15	01:15:15.146		0.78394			4
2026.05.15	01:15:16.645	0.78380	0.78395			6
2026.05.15	01:15:21.749		0.78394			4
2026.05.15	01:15:38.881		0.78395			4
2026.05.15	01:15:51.514	0.78383	0.78397			6
2026.05.15	01:15:51.815	0.78382	0.78396			6
2026.05.15	01:15:52.718	0.78380	0.78394			6
2026.05.15	01:16:00.240	0.78380				2
2026.05.15	01:16:11.060	0.78381				2
2026.05.15	01:16:14.967	0.78382	0.78395			6
2026.05.15	01:16:17.978	0.78381				2
2026.05.15	01:16:59.177	0.78377	0.78390			6
2026.05.15	01:16:59.483		0.78389			4
2026.05.15	01:17:00.079	0.78377				2
2026.05.15	01:17:01.279	0.78378				2
2026.05.15	01:17:01.887	0.78377	0.78388			6
2026.05.15	01:17:03.682		0.78390			4
2026.05.15	01:17:03.983		0.78388			4
2026.05.15	01:17:18.713	0.78378				2
2026.05.15	01:17:20.518	0.78377				2
2026.05.15	01:17:21.119	0.78378				2
2026.05.15	01:17:27.141	0.78377				2
2026.05.15	01:17:49.990	0.78378				2
2026.05.15	01:17:55.096	0.78377				2
2026.05.15	01:17:59.303	0.78378				2
2026.05.15	01:18:00.203	0.78377				2
2026.05.15	01:18:01.104	0.78378				2
2026.05.15	01:18:04.119		0.78388			4
2026.05.15	01:18:08.622	0.78379	0.78389			6
2026.05.15	01:18:09.830		0.78390			4
2026.05.15	01:18:10.736	0.78380				2
2026.05.15	01:18:12.238	0.78381	0.78391			6
2026.05.15	01:18:12.837		0.78392			4
2026.05.15	01:18:14.337	0.78382				2
2026.05.15	01:18:15.242	0.78379	0.78390			6
2026.05.15	01:18:16.440	0.78380				2
2026.05.15	01:18:16.742	0.78381	0.78391			6
2026.05.15	01:19:00.053	0.78381				2
2026.05.15	01:19:06.367		0.78392			4
2026.05.15	01:19:44.850	0.78382				2
2026.05.15	01:20:00.181	0.78382				2
2026.05.15	01:20:06.484		0.78392			4
2026.05.15	01:20:10.089	0.78381	0.78391			6
2026.05.15	01:20:35.052	0.78382	0.78392			6
2026.05.15	01:20:41.958	0.78381	0.78391			6
2026.05.15	01:21:00.294	0.78381				2
2026.05.15	01:21:18.952	0.78382	0.78392			6
2026.05.15	01:21:20.762	0.78381	0.78391			6
2026.05.15	01:21:24.673	0.78382	0.78392			6
2026.05.15	01:21:34.592	0.78381				2
2026.05.15	01:21:47.237	0.78382				2
2026.05.15	01:21:47.532	0.78381	0.78391			6
2026.05.15	01:22:00.159	0.78381				2
2026.05.15	01:22:47.696		0.78391			4
2026.05.15	01:23:00.042	0.78381				2
2026.05.15	01:23:47.854		0.78391			4
2026.05.15	01:24:00.181	0.78381				2
2026.05.15	01:24:04.080	0.78377	0.78387			6
2026.05.15	01:24:07.983	0.78376	0.78386			6
2026.05.15	01:24:10.388	0.78377	0.78387			6
2026.05.15	01:24:26.934		0.78388			4
2026.05.15	01:25:00.294	0.78377				2
2026.05.15	01:25:03.304		0.78387			4
2026.05.15	01:25:24.355	0.78378	0.78388			6
2026.05.15	01:25:52.042	0.78377	0.78387			6
2026.05.15	01:25:57.448	0.78378	0.78388			6
2026.05.15	01:25:58.945	0.78377	0.78387			6
2026.05.15	01:26:00.149	0.78377				2
2026.05.15	01:26:01.352		0.78386			4
2026.05.15	01:26:01.653		0.78387			4
2026.05.15	01:26:09.467	0.78378				2
2026.05.15	01:26:30.220	0.78377				2
2026.05.15	01:26:33.525		0.78386			4
2026.05.15	01:26:34.128	0.78378	0.78387			6
2026.05.15	01:26:34.429		0.78386			4
2026.05.15	01:26:42.246		0.78388			4
2026.05.15	01:27:00.285	0.78378				2
2026.05.15	01:27:07.796		0.78387			4
2026.05.15	01:27:11.100	0.78377				2
2026.05.15	01:27:26.747	0.78375	0.78386			6
2026.05.15	01:27:27.047	0.78376				2
2026.05.15	01:27:38.762	0.78375	0.78384			6
2026.05.15	01:28:00.132	0.78375				2
2026.05.15	01:28:38.936		0.78384			4
2026.05.15	01:28:50.960		0.78383			4
2026.05.15	01:29:00.289	0.78375				2
2026.05.15	01:29:14.129		0.78385			4
2026.05.15	01:29:21.042		0.78384			4
2026.05.15	01:29:59.261	0.78377	0.78387			6
2026.05.15	01:30:00.167	0.78377				2
2026.05.15	01:30:00.466		0.78388			4
2026.05.15	01:30:01.363	0.78379	0.78389			6
2026.05.15	01:30:02.866	0.78383	0.78384			6
2026.05.15	01:30:04.369	0.78384	0.78385			6
2026.05.15	01:30:05.575	0.78382	0.78383			6
2026.05.15	01:30:05.873	0.78377	0.78387			6
2026.05.15	01:30:06.775	0.78378				2
2026.05.15	01:30:08.578		0.78386			4
2026.05.15	01:30:09.179	0.78377	0.78387			6
2026.05.15	01:30:12.486		0.78386			4
2026.05.15	01:30:13.681		0.78387			4
2026.05.15	01:30:16.391	0.78378				2
2026.05.15	01:30:16.690	0.78379	0.78388			6
2026.05.15	01:30:18.190		0.78389			4
2026.05.15	01:30:19.397		0.78388			4
2026.05.15	01:30:33.243	0.78377	0.78387			6
2026.05.15	01:30:39.860	0.78380	0.78389			6
2026.05.15	01:30:40.757	0.78379	0.78388			6
2026.05.15	01:30:58.210	0.78378	0.78387			6
2026.05.15	01:30:58.508		0.78386			4
2026.05.15	01:31:00.016	0.78378				2
2026.05.15	01:31:03.931		0.78387			4
2026.05.15	01:31:06.337		0.78386			4
2026.05.15	01:31:08.745	0.78375	0.78383			6
2026.05.15	01:31:09.946		0.78384			4
2026.05.15	01:31:11.155	0.78374				2
2026.05.15	01:31:12.351	0.78375	0.78383			6
2026.05.15	01:31:13.252	0.78374				2
2026.05.15	01:31:15.957		0.78384			4
2026.05.15	01:31:18.962		0.78383			4
2026.05.15	01:31:19.563	0.78373				2
2026.05.15	01:31:19.864	0.78374	0.78384			6
2026.05.15	01:31:21.068		0.78383			4
2026.05.15	01:31:29.480		0.78384			4
2026.05.15	01:31:30.690	0.78372	0.78382			6
2026.05.15	01:31:36.990	0.78373				2
2026.05.15	01:31:38.193	0.78372				2
2026.05.15	01:31:42.706	0.78373	0.78383			6
2026.05.15	01:31:50.836		0.78382			4
2026.05.15	01:32:00.151	0.78373				2
2026.05.15	01:32:00.450	0.78372				2
2026.05.15	01:32:06.461		0.78381			4
2026.05.15	01:32:17.281	0.78373	0.78382			6
2026.05.15	01:32:19.382		0.78383			4
2026.05.15	01:32:39.526	0.78372	0.78381			6
2026.05.15	01:32:51.545		0.78374			4
2026.05.15	01:32:51.844		0.78381			4
2026.05.15	01:32:52.145		0.78374			4
2026.05.15	01:32:52.444		0.78381			4
2026.05.15	01:32:52.745		0.78374			4
2026.05.15	01:32:53.046		0.78381			4
2026.05.15	01:32:53.345		0.78374			4
2026.05.15	01:32:53.646		0.78381			4
2026.05.15	01:32:53.946		0.78374			4
2026.05.15	01:32:54.246		0.78381			4
2026.05.15	01:32:54.546		0.78374			4
2026.05.15	01:32:55.146		0.78381			4
2026.05.15	01:33:00.258	0.78372				2
2026.05.15	01:33:31.221	0.78376	0.78386			6
2026.05.15	01:33:41.442	0.78377				2
2026.05.15	01:33:42.342	0.78376				2
2026.05.15	01:33:51.956	0.78378	0.78387			6
2026.05.15	01:34:00.082	0.78378				2
2026.05.15	01:34:15.109	0.78377				2
2026.05.15	01:34:23.845	0.78376	0.78385			6
2026.05.15	01:34:25.347		0.78384			4
2026.05.15	01:34:29.257	0.78375				2
2026.05.15	01:34:29.858		0.78385			4
2026.05.15	01:34:30.459	0.78376				2
2026.05.15	01:34:31.065	0.78375				2
2026.05.15	01:35:00.231	0.78375				2
2026.05.15	01:35:15.855	0.78376	0.78386			6
2026.05.15	01:35:24.270	0.78375				2
2026.05.15	01:35:27.278		0.78385			4
2026.05.15	01:35:53.139	0.78376	0.78384			6
2026.05.15	01:35:55.549	0.78374				2
2026.05.15	01:36:00.047	0.78374				2
2026.05.15	01:36:07.257		0.78383			4
2026.05.15	01:36:07.857		0.78384			4
2026.05.15	01:36:09.366	0.78375				2
2026.05.15	01:36:10.270		0.78385			4
2026.05.15	01:36:24.995	0.78376				2
2026.05.15	01:36:44.864	0.78374				2
2026.05.15	01:36:49.677	0.78375				2
2026.05.15	01:36:51.785	0.78376				2
2026.05.15	01:36:52.981	0.78375				2
2026.05.15	01:37:00.191	0.78375				2
2026.05.15	01:37:07.408	0.78376	0.78386			6
2026.05.15	01:37:30.564	0.78377				2
2026.05.15	01:37:40.187	0.78376				2
2026.05.15	01:37:40.486		0.78385			4
2026.05.15	01:37:51.622	0.78375				2
2026.05.15	01:38:00.049	0.78375				2
2026.05.15	01:38:40.334		0.78384			4
2026.05.15	01:38:48.444		0.78385			4
2026.05.15	01:39:00.167	0.78375				2
2026.05.15	01:39:02.268	0.78376	0.78384			6
2026.05.15	01:39:03.471		0.78385			4
2026.05.15	01:39:04.071	0.78375				2
2026.05.15	01:39:04.673		0.78384			4
2026.05.15	01:39:05.874		0.78385			4
2026.05.15	01:39:07.082		0.78384			4
2026.05.15	01:39:24.205	0.78376				2
2026.05.15	01:39:31.720	0.78375				2
2026.05.15	01:39:33.524	0.78376				2
2026.05.15	01:39:52.451	0.78375				2
2026.05.15	01:40:00.271	0.78375				2
2026.05.15	01:40:01.470	0.78376				2
2026.05.15	01:40:06.872	0.78375				2
2026.05.15	01:40:07.171		0.78384			4
2026.05.15	01:40:21.292	0.78373	0.78382			6
2026.05.15	01:40:30.310		0.78381			4
2026.05.15	01:40:32.417		0.78382			4
2026.05.15	01:40:35.728		0.78381			4
2026.05.15	01:40:50.455	0.78372				2
2026.05.15	01:40:52.557		0.78380			4
2026.05.15	01:40:56.768		0.78379			4
2026.05.15	01:40:57.371	0.78370				2
2026.05.15	01:41:00.078	0.78370				2
2026.05.15	01:41:01.279	0.78369				2
2026.05.15	01:41:14.201	0.78372	0.78380			6
2026.05.15	01:41:15.107	0.78371				2
2026.05.15	01:41:16.315	0.78372				2
2026.05.15	01:41:25.943		0.78381			4
2026.05.15	01:41:26.546		0.78380			4
2026.05.15	01:41:26.844	0.78368	0.78378			6
2026.05.15	01:41:36.764	0.78369				2
2026.05.15	01:41:37.065	0.78371	0.78380			6
2026.05.15	01:41:37.662	0.78372				2
2026.05.15	01:41:54.795	0.78371				2
2026.05.15	01:41:57.507	0.78372	0.78381			6
2026.05.15	01:42:00.225	0.78372				2
2026.05.15	01:42:00.524	0.78371				2
2026.05.15	01:42:57.663		0.78381			4
2026.05.15	01:43:00.065	0.78371				2
2026.05.15	01:43:09.390	0.78369	0.78378			6
2026.05.15	01:43:09.691	0.78371	0.78379			6
2026.05.15	01:43:44.578		0.78378			4
2026.05.15	01:43:44.881	0.78369				2
2026.05.15	01:43:57.504	0.78370				2
2026.05.15	01:44:00.212	0.78370				2
2026.05.15	01:44:44.734		0.78378			4
2026.05.15	01:44:51.353	0.78369				2
2026.05.15	01:44:57.976		0.78377			4
2026.05.15	01:45:00.081	0.78369				2
2026.05.15	01:45:00.681		0.78378			4
2026.05.15	01:45:21.449	0.78368				2
2026.05.15	01:45:22.980	0.78369				2
2026.05.15	01:45:27.181	0.78368				2
2026.05.15	01:45:56.879		0.78377			4
2026.05.15	01:46:00.308	0.78369				2
2026.05.15	01:46:00.607	0.78370	0.78378			6
2026.05.15	01:46:00.908	0.78371	0.78380			6
2026.05.15	01:46:02.471	0.78372				2
2026.05.15	01:46:04.381	0.78371				2
2026.05.15	01:46:15.654	0.78372	0.78381			6
2026.05.15	01:46:24.664	0.78370	0.78378			6
2026.05.15	01:46:24.964	0.78369	0.78379			6
2026.05.15	01:46:35.756	0.78370				2
2026.05.15	01:46:41.124	0.78371	0.78380			6
2026.05.15	01:46:42.352	0.78372				2
2026.05.15	01:46:43.681		0.78381			4
2026.05.15	01:46:45.883	0.78371				2
2026.05.15	01:47:05.580	0.78371				2
2026.05.15	01:47:10.228	0.78372				2
2026.05.15	01:47:11.447	0.78371				2
2026.05.15	01:47:15.870		0.78380			4
2026.05.15	01:47:24.474	0.78370	0.78379			6
2026.05.15	01:47:45.343		0.78381			4
2026.05.15	01:47:48.618	0.78371				2
2026.05.15	01:47:57.998	0.78373	0.78382			6
2026.05.15	01:48:00.180	0.78373				2
2026.05.15	01:48:43.278		0.78383			4
2026.05.15	01:49:00.194	0.78374				2
2026.05.15	01:49:43.380		0.78383			4
2026.05.15	01:50:00.179	0.78374				2
2026.05.15	01:50:03.765		0.78380			4
2026.05.15	01:50:04.064	0.78373	0.78383			6
2026.05.15	01:50:04.667	0.78375	0.78385			6
2026.05.15	01:50:05.913	0.78376				2
2026.05.15	01:50:10.380		0.78386			4
2026.05.15	01:50:31.027	0.78377				2
2026.05.15	01:51:01.680	0.78377				2
2026.05.15	01:51:03.411		0.78385			4
2026.05.15	01:51:34.772		0.78386			4
2026.05.15	01:51:37.981		0.78385			4
2026.05.15	01:51:43.900	0.78378	0.78387			6
2026.05.15	01:51:44.201	0.78377	0.78386			6
2026.05.15	01:52:04.080	0.78377				2
2026.05.15	01:52:45.180		0.78386			4
2026.05.15	01:52:50.692		0.78385			4
2026.05.15	01:52:54.289		0.78386			4
2026.05.15	01:53:01.302	0.78377				2
2026.05.15	01:53:03.315		0.78385			4
2026.05.15	01:53:04.315		0.78386			4
2026.05.15	01:53:13.846		0.78385			4
2026.05.15	01:53:24.300		0.78386			4
2026.05.15	01:53:24.601		0.78385			4
2026.05.15	01:53:36.137		0.78386			4
2026.05.15	01:54:00.285	0.78377				2
2026.05.15	01:54:20.166	0.78378				2
2026.05.15	01:54:20.468	0.78379	0.78388			6
2026.05.15	01:54:28.725	0.78380				2
2026.05.15	01:54:45.763	0.78381				2
2026.05.15	01:54:50.656	0.78382				2
2026.05.15	01:54:53.695	0.78381				2
2026.05.15	01:54:55.695	0.78382				2
2026.05.15	01:55:02.879	0.78382				2
2026.05.15	01:55:03.180	0.78381				2
2026.05.15	01:55:24.655	0.78380	0.78388			6
2026.05.15	01:55:26.378	0.78383	0.78391			6
2026.05.15	01:55:31.513		0.78392			4
2026.05.15	01:55:35.698		0.78391			4
2026.05.15	01:55:44.880		0.78392			4
2026.05.15	01:55:47.879		0.78391			4
2026.05.15	01:56:03.520	0.78383				2
2026.05.15	01:56:42.459	0.78382				2
2026.05.15	01:56:44.064	0.78383				2
2026.05.15	01:56:49.253	0.78382	0.78391			6
2026.05.15	01:56:51.989		0.78389			4
2026.05.15	01:56:52.291	0.78379	0.78387			6
2026.05.15	01:56:52.592		0.78388			4
2026.05.15	01:57:04.075	0.78379				2
2026.05.15	01:57:36.327		0.78389			4
2026.05.15	01:57:52.243		0.78388			4
2026.05.15	01:58:00.830	0.78379				2
2026.05.15	01:58:07.431	0.78380	0.78389			6
2026.05.15	01:58:07.731	0.78382	0.78391			6
2026.05.15	01:58:34.576		0.78392			4
2026.05.15	01:59:00.298	0.78382				2
2026.05.15	01:59:00.597	0.78383	0.78393			6
2026.05.15	01:59:03.614		0.78392			4
2026.05.15	01:59:15.356	0.78385	0.78394			6
2026.05.15	01:59:17.986	0.78386	0.78395			6
2026.05.15	01:59:54.408	0.78385	0.78396			6
2026.05.15	01:59:55.388	0.78384				2
2026.05.15	02:00:00.005	0.78384				2
2026.05.15	02:00:00.306		0.78395			4
2026.05.15	02:00:20.305	0.78385				2
2026.05.15	02:00:33.208	0.78386				2
2026.05.15	02:00:33.517	0.78385	0.78396			6
2026.05.15	02:00:34.576	0.78386				2
2026.05.15	02:00:38.558		0.78397			4
2026.05.15	02:01:00.029	0.78386	0.78396			6
2026.05.15	02:01:04.848		0.78395			4
2026.05.15	02:01:05.150	0.78383	0.78392			6
2026.05.15	02:01:06.168	0.78381	0.78391			6
2026.05.15	02:01:11.825	0.78382				2
2026.05.15	02:01:12.125		0.78392			4
2026.05.15	02:01:12.572	0.78383	0.78390			6
2026.05.15	02:01:21.401	0.78384				2
2026.05.15	02:01:53.613		0.78389			4
2026.05.15	02:02:01.182	0.78384				2
2026.05.15	02:02:15.470	0.78385	0.78388			6
2026.05.15	02:02:18.778	0.78384	0.78389			6
2026.05.15	02:03:02.507	0.78384				2
2026.05.15	02:03:29.774		0.78389			4
2026.05.15	02:03:35.840	0.78383				2
2026.05.15	02:03:45.781	0.78384				2
2026.05.15	02:04:01.197	0.78384				2
2026.05.15	02:04:30.299		0.78389			4
2026.05.15	02:04:33.607	0.78383				2
2026.05.15	02:04:36.781	0.78384				2
2026.05.15	02:04:38.808		0.78390			4
2026.05.15	02:04:44.866	0.78386	0.78392			6
2026.05.15	02:04:48.782	0.78387				2
2026.05.15	02:04:53.559	0.78386				2
2026.05.15	02:04:58.258	0.78387				2
2026.05.15	02:04:59.423	0.78389	0.78394			6
2026.05.15	02:05:01.140	0.78389				2
2026.05.15	02:05:01.441	0.78390	0.78395			6
2026.05.15	02:05:08.332	0.78387	0.78392			6
2026.05.15	02:05:10.271	0.78386				2
2026.05.15	02:05:10.872	0.78385	0.78390			6
2026.05.15	02:05:16.070		0.78387			4
2026.05.15	02:05:16.369		0.78390			4
2026.05.15	02:05:16.669		0.78387			4
2026.05.15	02:05:16.969		0.78390			4
2026.05.15	02:05:17.883		0.78387			4
2026.05.15	02:05:18.184		0.78390			4
2026.05.15	02:05:18.485		0.78387			4
2026.05.15	02:05:19.087	0.78384				2
2026.05.15	02:05:19.387		0.78391			4
2026.05.15	02:05:28.165		0.78390			4
2026.05.15	02:05:33.780	0.78385				2
2026.05.15	02:05:41.280		0.78391			4
2026.05.15	02:05:42.394	0.78384	0.78389			6
2026.05.15	02:05:42.693	0.78383				2
2026.05.15	02:05:43.295	0.78382	0.78388			6
2026.05.15	02:05:43.937	0.78383	0.78389			6
2026.05.15	02:05:45.086	0.78382	0.78388			6
2026.05.15	02:05:48.114	0.78383	0.78389			6
2026.05.15	02:05:49.438	0.78382	0.78388			6
2026.05.15	02:06:00.619	0.78382				2
2026.05.15	02:06:00.921	0.78381				2
2026.05.15	02:06:01.221	0.78383	0.78390			6
2026.05.15	02:06:03.313		0.78389			4
2026.05.15	02:06:05.579	0.78384	0.78390			6
2026.05.15	02:06:11.493	0.78386	0.78392			6
2026.05.15	02:06:13.363	0.78388	0.78394			6
2026.05.15	02:06:17.281	0.78387				2
2026.05.15	02:06:19.583	0.78389	0.78396			6
2026.05.15	02:06:22.368	0.78390				2
2026.05.15	02:06:40.081		0.78397			4
2026.05.15	02:06:43.380		0.78396			4
2026.05.15	02:06:47.425	0.78388	0.78394			6
2026.05.15	02:06:55.069		0.78393			4
2026.05.15	02:06:56.304		0.78394			4
2026.05.15	02:07:00.401	0.78388				2
2026.05.15	02:07:03.099	0.78386	0.78393			6
2026.05.15	02:07:04.904	0.78384	0.78391			6
2026.05.15	02:07:05.205	0.78383	0.78390			6
2026.05.15	02:07:05.505		0.78391			4
2026.05.15	02:07:06.105	0.78384	0.78392			6
2026.05.15	02:07:12.084		0.78390			4
2026.05.15	02:07:13.740		0.78389			4
2026.05.15	02:07:38.029		0.78390			4
2026.05.15	02:07:38.836	0.78385	0.78389			6
2026.05.15	02:07:43.103	0.78384				2
2026.05.15	02:07:46.682		0.78390			4
2026.05.15	02:07:48.834		0.78389			4
2026.05.15	02:07:53.907		0.78391			4
2026.05.15	02:08:00.358	0.78384				2
2026.05.15	02:08:00.658	0.78386	0.78392			6
2026.05.15	02:08:07.385	0.78387				2
2026.05.15	02:08:10.176	0.78384				2
2026.05.15	02:08:10.476	0.78386				2
2026.05.15	02:08:12.015	0.78387				2
2026.05.15	02:08:17.323	0.78388				2
2026.05.15	02:08:22.402	0.78389	0.78394			6
2026.05.15	02:08:23.642	0.78388				2
2026.05.15	02:08:23.944	0.78390				2
2026.05.15	02:08:24.244	0.78389				2
2026.05.15	02:08:27.782	0.78390				2
2026.05.15	02:08:28.082		0.78395			4
2026.05.15	02:08:32.781	0.78386	0.78393			6
2026.05.15	02:08:33.753		0.78392			4
2026.05.15	02:08:34.054	0.78385	0.78391			6
2026.05.15	02:08:34.420	0.78386				2
2026.05.15	02:08:34.723		0.78393			4
2026.05.15	02:08:36.127	0.78388	0.78396			6
2026.05.15	02:08:36.726	0.78389				2
2026.05.15	02:08:41.607	0.78390				2
2026.05.15	02:08:42.524	0.78389				2
2026.05.15	02:08:42.825	0.78391	0.78398			6
2026.05.15	02:08:44.026	0.78392				2
2026.05.15	02:08:48.238		0.78399			4
2026.05.15	02:08:51.005	0.78393	0.78398			6
2026.05.15	02:08:54.379		0.78399			4
2026.05.15	02:08:54.687	0.78394	0.78401			6
2026.05.15	02:08:54.986	0.78396				2
2026.05.15	02:08:56.188		0.78402			4
2026.05.15	02:08:57.099	0.78395				2
2026.05.15	02:08:57.401	0.78396				2
2026.05.15	02:09:01.974	0.78397				2
2026.05.15	02:09:02.275		0.78401			4
2026.05.15	02:09:03.420	0.78396				2
2026.05.15	02:09:03.721		0.78402			4
2026.05.15	02:09:08.757		0.78401			4
2026.05.15	02:09:16.130		0.78402			4
2026.05.15	02:09:18.519		0.78401			4
2026.05.15	02:09:20.305	0.78398	0.78403			6
2026.05.15	02:09:23.175	0.78397	0.78402			6
2026.05.15	02:09:24.189		0.78403			4
2026.05.15	02:09:24.489		0.78402			4
2026.05.15	02:09:27.028	0.78398	0.78403			6
2026.05.15	02:09:27.329	0.78396	0.78402			6
2026.05.15	02:09:32.485	0.78397				2
2026.05.15	02:09:45.781	0.78396	0.78401			6
2026.05.15	02:09:54.449	0.78398	0.78403			6
2026.05.15	02:09:54.746	0.78399	0.78404			6
2026.05.15	02:09:57.247	0.78400				2
2026.05.15	02:10:02.825	0.78399				2
2026.05.15	02:10:03.799	0.78400				2
2026.05.15	02:10:04.736	0.78402	0.78407			6
2026.05.15	02:10:09.718	0.78403	0.78408			6
2026.05.15	02:10:10.018		0.78409			4
2026.05.15	02:10:11.692	0.78402				2
2026.05.15	02:10:13.395		0.78408			4
2026.05.15	02:10:13.696		0.78409			4
2026.05.15	02:10:14.558		0.78408			4
2026.05.15	02:10:15.645	0.78404	0.78410			6
2026.05.15	02:10:26.735		0.78409			4
2026.05.15	02:10:27.038		0.78411			4
2026.05.15	02:10:27.885		0.78410			4
2026.05.15	02:10:30.695		0.78409			4
2026.05.15	02:10:32.499		0.78410			4
2026.05.15	02:10:32.798		0.78409			4
2026.05.15	02:10:37.593		0.78408			4
2026.05.15	02:10:38.567	0.78405	0.78410			6
2026.05.15	02:10:40.944	0.78404	0.78409			6
2026.05.15	02:10:48.125	0.78403	0.78408			6
2026.05.15	02:10:51.779	0.78404				2
2026.05.15	02:10:54.178		0.78409			4
2026.05.15	02:10:56.496	0.78405	0.78410			6
2026.05.15	02:10:57.097		0.78411			4
2026.05.15	02:10:59.720	0.78406	0.78412			6
2026.05.15	02:11:00.020	0.78406				2
2026.05.15	02:11:00.758	0.78405				2
2026.05.15	02:11:01.058	0.78403	0.78409			6
2026.05.15	02:11:06.780	0.78404				2
2026.05.15	02:11:07.080		0.78408			4
2026.05.15	02:11:09.027	0.78403				2
2026.05.15	02:11:11.480		0.78409			4
2026.05.15	02:11:11.780		0.78408			4
2026.05.15	02:11:13.129		0.78409			4
2026.05.15	02:11:13.431		0.78408			4
2026.05.15	02:11:13.732		0.78409			4
2026.05.15	02:11:17.558		0.78408			4
2026.05.15	02:11:17.858		0.78409			4
2026.05.15	02:11:18.158		0.78408			4
2026.05.15	02:11:19.226	0.78404				2
2026.05.15	02:11:19.528	0.78405	0.78410			6
2026.05.15	02:11:19.828	0.78404				2
2026.05.15	02:11:29.442	0.78405				2
2026.05.15	02:11:30.770		0.78409			4
2026.05.15	02:11:34.133		0.78410			4
2026.05.15	02:11:41.851		0.78409			4
2026.05.15	02:11:42.150		0.78410			4
2026.05.15	02:11:49.621	0.78407	0.78413			6
2026.05.15	02:11:49.921	0.78406				2
2026.05.15	02:11:53.545	0.78407	0.78412			6
2026.05.15	02:12:05.809	0.78407				2
2026.05.15	02:12:15.933	0.78406				2
2026.05.15	02:12:19.196	0.78407				2
2026.05.15	02:12:40.483	0.78411	0.78416			6
2026.05.15	02:12:41.085		0.78415			4
2026.05.15	02:12:42.180	0.78413	0.78417			6
2026.05.15	02:12:42.780		0.78419			4
2026.05.15	02:12:43.080		0.78417			4
2026.05.15	02:12:43.715	0.78414	0.78418			6
2026.05.15	02:12:45.457	0.78410	0.78415			6
2026.05.15	02:12:46.317	0.78411				2
2026.05.15	02:12:54.272	0.78412	0.78416			6
2026.05.15	02:12:55.948	0.78411	0.78415			6
2026.05.15	02:12:57.505		0.78416			4
2026.05.15	02:12:59.551	0.78410	0.78415			6
2026.05.15	02:13:00.131	0.78410				2
2026.05.15	02:13:00.431	0.78411	0.78416			6
2026.05.15	02:13:00.731	0.78410				2
2026.05.15	02:13:03.118		0.78415			4
2026.05.15	02:13:03.720	0.78408	0.78413			6
2026.05.15	02:13:07.572	0.78409				2
2026.05.15	02:13:07.873	0.78408				2
2026.05.15	02:13:08.221	0.78409	0.78414			6
2026.05.15	02:13:08.523	0.78408	0.78413			6
2026.05.15	02:13:10.394	0.78409				2
2026.05.15	02:13:16.910	0.78408	0.78414			6
2026.05.15	02:13:42.396	0.78409				2
2026.05.15	02:13:58.497	0.78408				2
2026.05.15	02:14:00.172	0.78408				2
2026.05.15	02:14:03.854		0.78415			4
2026.05.15	02:14:06.113	0.78409				2
2026.05.15	02:14:06.415	0.78407				2
2026.05.15	02:14:07.318	0.78408	0.78414			6
2026.05.15	02:14:11.368	0.78411	0.78416			6
2026.05.15	02:14:14.259	0.78410				2
2026.05.15	02:14:14.559	0.78411				2
2026.05.15	02:14:20.387	0.78412	0.78417			6
2026.05.15	02:14:21.414	0.78411				2
2026.05.15	02:14:34.318		0.78416			4
2026.05.15	02:14:46.879	0.78410				2
2026.05.15	02:14:51.330	0.78411	0.78417			6
2026.05.15	02:14:58.673	0.78410	0.78416			6
2026.05.15	02:14:59.229	0.78411				2
2026.05.15	02:15:00.005	0.78411				2
2026.05.15	02:15:10.602		0.78417			4
2026.05.15	02:15:12.740	0.78412				2
2026.05.15	02:15:17.183	0.78411				2
2026.05.15	02:15:17.483		0.78416			4
2026.05.15	02:15:25.614		0.78417			4
2026.05.15	02:15:25.916		0.78416			4
2026.05.15	02:15:27.659	0.78412	0.78417			6
2026.05.15	02:15:27.959	0.78411				2
2026.05.15	02:15:30.500	0.78413	0.78419			6
2026.05.15	02:15:36.057	0.78414				2
2026.05.15	02:15:42.494	0.78413				2
2026.05.15	02:15:46.045	0.78415	0.78421			6
2026.05.15	02:15:46.346		0.78420			4
2026.05.15	02:15:47.364	0.78414				2
2026.05.15	02:15:51.780	0.78415	0.78419			6
2026.05.15	02:15:55.452	0.78414				2
2026.05.15	02:15:58.106	0.78413				2
2026.05.15	02:16:00.229	0.78414				2
2026.05.15	02:16:01.530	0.78416				2
2026.05.15	02:16:01.833	0.78414	0.78418			6
2026.05.15	02:16:02.133	0.78416	0.78419			6
2026.05.15	02:16:03.034	0.78413	0.78418			6
2026.05.15	02:16:04.238		0.78419			4
2026.05.15	02:16:07.121	0.78414	0.78420			6
2026.05.15	02:16:09.372	0.78413	0.78418			6
2026.05.15	02:16:10.127	0.78411	0.78416			6
2026.05.15	02:16:10.428	0.78412				2
2026.05.15	02:16:12.953	0.78411	0.78417			6
2026.05.15	02:16:13.253	0.78412				2
2026.05.15	02:16:13.554	0.78411				2
2026.05.15	02:16:18.886		0.78416			4
2026.05.15	02:16:21.857		0.78415			4
2026.05.15	02:16:24.307		0.78416			4
2026.05.15	02:16:35.685	0.78412	0.78417			6
2026.05.15	02:16:35.985	0.78411	0.78416			6
2026.05.15	02:16:40.068	0.78412				2
2026.05.15	02:16:41.338		0.78419			4
2026.05.15	02:16:41.641	0.78414				2
2026.05.15	02:16:41.941	0.78413				2
2026.05.15	02:16:57.181		0.78420			4
2026.05.15	02:17:00.329	0.78413				2
2026.05.15	02:17:00.632	0.78414	0.78419			6
2026.05.15	02:17:02.218		0.78420			4
2026.05.15	02:17:06.782		0.78419			4
2026.05.15	02:17:08.345	0.78415	0.78420			6
2026.05.15	02:17:13.680	0.78414	0.78419			6
2026.05.15	02:17:20.324	0.78415	0.78420			6
2026.05.15	02:17:34.156	0.78416	0.78421			6
2026.05.15	02:17:34.457	0.78415	0.78420			6
2026.05.15	02:17:36.581	0.78414	0.78419			6
2026.05.15	02:17:44.436		0.78418			4
2026.05.15	02:17:54.740		0.78419			4
2026.05.15	02:18:01.066	0.78414				2
2026.05.15	02:18:02.854	0.78413				2
2026.05.15	02:18:09.153	0.78412				2
2026.05.15	02:18:11.463		0.78418			4
2026.05.15	02:18:12.067		0.78419			4
2026.05.15	02:18:13.227	0.78413				2
2026.05.15	02:18:19.868	0.78414				2
2026.05.15	02:18:27.390	0.78413	0.78418			6
2026.05.15	02:18:27.690		0.78419			4
2026.05.15	02:18:28.369		0.78418			4
2026.05.15	02:18:29.836		0.78417			4
2026.05.15	02:18:30.136	0.78410	0.78416			6
2026.05.15	02:18:30.437		0.78417			4
2026.05.15	02:18:38.265	0.78411				2
2026.05.15	02:18:40.180		0.78416			4
2026.05.15	02:18:41.230		0.78417			4
2026.05.15	02:18:42.716		0.78416			4
2026.05.15	02:18:45.823		0.78417			4
2026.05.15	02:18:58.928		0.78416			4
2026.05.15	02:19:00.160	0.78411				2
2026.05.15	02:19:01.171		0.78415			4
2026.05.15	02:19:03.574	0.78410				2
2026.05.15	02:19:04.702	0.78411				2
2026.05.15	02:19:17.868	0.78410	0.78416			6
2026.05.15	02:19:18.770	0.78411	0.78417			6
2026.05.15	02:19:41.825	0.78412				2
2026.05.15	02:19:44.567		0.78418			4
2026.05.15	02:19:48.655	0.78413	0.78420			6
2026.05.15	02:19:48.957		0.78419			4
2026.05.15	02:20:00.113	0.78413				2
2026.05.15	02:20:01.600		0.78420			4
2026.05.15	02:20:04.007	0.78414				2
2026.05.15	02:20:06.473	0.78416	0.78421			6
2026.05.15	02:20:07.257	0.78417				2
2026.05.15	02:20:10.685	0.78418	0.78422			6
2026.05.15	02:20:12.269	0.78420	0.78426			6
2026.05.15	02:20:17.563		0.78427			4
2026.05.15	02:20:21.267	0.78421				2
2026.05.15	02:20:23.793		0.78426			4
2026.05.15	02:20:24.096		0.78425			4
2026.05.15	02:20:36.058		0.78426			4
2026.05.15	02:20:39.213		0.78425			4
2026.05.15	02:20:43.640		0.78424			4
2026.05.15	02:20:43.940	0.78419				2
2026.05.15	02:20:57.562	0.78420				2
2026.05.15	02:21:00.186	0.78420	0.78425			6
2026.05.15	02:21:21.430		0.78423			4
2026.05.15	02:21:22.066		0.78424			4
2026.05.15	02:21:22.367		0.78425			4
2026.05.15	02:21:22.969	0.78419				2
2026.05.15	02:21:30.794		0.78424			4
2026.05.15	02:21:33.831		0.78423			4
2026.05.15	02:21:46.080		0.78424			4
2026.05.15	02:22:00.298	0.78419				2
2026.05.15	02:22:00.994	0.78420	0.78426			6
2026.05.15	02:22:23.300	0.78421				2
2026.05.15	02:22:38.306		0.78427			4
2026.05.15	02:22:40.615	0.78424	0.78429			6
2026.05.15	02:22:44.863	0.78423	0.78428			6
2026.05.15	02:22:45.180	0.78424	0.78429			6
2026.05.15	02:23:04.453	0.78424				2
2026.05.15	02:23:59.569		0.78429			4
2026.05.15	02:23:59.871	0.78423				2
2026.05.15	02:24:00.298	0.78423				2
2026.05.15	02:24:02.556	0.78425				2
2026.05.15	02:24:06.779	0.78424				2
2026.05.15	02:24:25.306	0.78423				2
2026.05.15	02:24:25.607		0.78428			4
2026.05.15	02:24:34.849	0.78422	0.78427			6
2026.05.15	02:24:35.148	0.78423				2
2026.05.15	02:24:36.452	0.78422				2
2026.05.15	02:24:52.511	0.78420	0.78426			6
2026.05.15	02:25:00.048	0.78420				2
2026.05.15	02:25:14.219	0.78419	0.78424			6
2026.05.15	02:25:45.573	0.78420				2
2026.05.15	02:25:46.307	0.78419				2
2026.05.15	02:25:46.607	0.78420				2
2026.05.15	02:25:46.908	0.78419				2
2026.05.15	02:25:47.625	0.78420				2
2026.05.15	02:25:48.502	0.78418				2
2026.05.15	02:25:54.093		0.78423			4
2026.05.15	02:25:55.525	0.78417	0.78422			6
2026.05.15	02:25:57.626	0.78416				2
2026.05.15	02:25:58.626	0.78417				2
2026.05.15	02:26:05.808	0.78417				2
2026.05.15	02:26:20.745	0.78416				2
2026.05.15	02:26:21.463		0.78421			4
2026.05.15	02:26:22.064	0.78415				2
2026.05.15	02:26:26.272		0.78420			4
2026.05.15	02:26:26.572	0.78414				2
2026.05.15	02:26:26.871	0.78413	0.78418			6
2026.05.15	02:26:34.132	0.78412				2
2026.05.15	02:26:51.852	0.78413	0.78419			6
2026.05.15	02:26:52.576		0.78418			4
2026.05.15	02:26:53.040	0.78412				2
2026.05.15	02:26:58.672	0.78413				2
2026.05.15	02:26:59.979	0.78412				2
2026.05.15	02:27:00.279	0.78412				2
2026.05.15	02:27:00.879	0.78413				2
2026.05.15	02:27:01.534	0.78412				2
2026.05.15	02:27:01.835	0.78413				2
2026.05.15	02:27:03.607	0.78412				2
2026.05.15	02:27:05.976	0.78413				2
2026.05.15	02:27:08.626	0.78412				2
2026.05.15	02:27:10.790	0.78411				2
2026.05.15	02:27:16.626	0.78412				2
2026.05.15	02:27:16.926	0.78411				2
2026.05.15	02:27:24.975	0.78412				2
2026.05.15	02:27:50.326	0.78411	0.78419			6
2026.05.15	02:27:52.828		0.78418			4
2026.05.15	02:28:01.736	0.78411				2
2026.05.15	02:28:17.106	0.78415	0.78421			6
2026.05.15	02:28:19.302	0.78414	0.78419			6
2026.05.15	02:28:48.046		0.78418			4
2026.05.15	02:28:48.347	0.78412				2
2026.05.15	02:29:00.251	0.78412				2
2026.05.15	02:29:24.182	0.78411	0.78416			6
2026.05.15	02:29:29.164	0.78410	0.78415			6
2026.05.15	02:29:34.659	0.78408				2
2026.05.15	02:29:41.007		0.78416			4
2026.05.15	02:29:41.618		0.78414			4
2026.05.15	02:29:44.533		0.78415			4
2026.05.15	02:29:49.006		0.78414			4
2026.05.15	02:29:49.308		0.78415			4
2026.05.15	02:30:00.103	0.78408				2
2026.05.15	02:30:05.765	0.78409	0.78416			6
2026.05.15	02:30:18.795	0.78410				2
2026.05.15	02:30:19.096	0.78409				2
2026.05.15	02:30:30.299	0.78410				2
2026.05.15	02:30:32.771	0.78411				2
2026.05.15	02:30:34.390		0.78417			4
2026.05.15	02:30:36.237		0.78418			4
2026.05.15	02:31:02.276	0.78411				2
2026.05.15	02:31:03.725	0.78412	0.78419			6
2026.05.15	02:31:04.326		0.78418			4
2026.05.15	02:31:41.653		0.78419			4
2026.05.15	02:31:41.954	0.78413				2
2026.05.15	02:31:42.254		0.78418			4
2026.05.15	02:31:42.554	0.78412				2
2026.05.15	02:31:43.163		0.78419			4
2026.05.15	02:31:43.463	0.78413				2
2026.05.15	02:31:45.847		0.78418			4
2026.05.15	02:31:46.475	0.78412				2
2026.05.15	02:31:46.775	0.78413	0.78419			6
2026.05.15	02:31:49.420		0.78418			4
2026.05.15	02:31:49.721	0.78412				2
2026.05.15	02:31:52.291	0.78411				2
2026.05.15	02:31:55.249	0.78412				2
2026.05.15	02:31:55.550	0.78411				2
2026.05.15	02:31:59.850	0.78412				2
2026.05.15	02:32:00.150	0.78411				2
2026.05.15	02:32:04.154	0.78412				2
2026.05.15	02:32:16.284	0.78411				2
2026.05.15	02:32:51.336		0.78418			4
2026.05.15	02:33:03.420	0.78411				2
2026.05.15	02:33:03.721	0.78410				2
2026.05.15	02:33:15.847	0.78411				2
2026.05.15	02:33:16.147	0.78413	0.78420			6
2026.05.15	02:33:17.734	0.78414				2
2026.05.15	02:33:19.565	0.78411	0.78419			6
2026.05.15	02:33:19.866	0.78412				2
2026.05.15	02:33:24.169	0.78411				2
2026.05.15	02:33:25.400	0.78412				2
2026.05.15	02:33:27.553	0.78413	0.78420			6
2026.05.15	02:33:27.854		0.78421			4
2026.05.15	02:33:28.294	0.78414				2
2026.05.15	02:33:28.594		0.78422			4
2026.05.15	02:34:05.495	0.78414				2
2026.05.15	02:34:05.795		0.78421			4
2026.05.15	02:34:38.110		0.78422			4
2026.05.15	02:34:39.745		0.78421			4
2026.05.15	02:34:55.128	0.78418	0.78419			6
2026.05.15	02:34:56.031	0.78414	0.78421			6
2026.05.15	02:35:00.166	0.78413				2
2026.05.15	02:35:53.420	0.78414	0.78422			6
2026.05.15	02:36:04.608	0.78414				2
2026.05.15	02:36:09.414		0.78421			4
2026.05.15	02:36:36.273		0.78422			4
2026.05.15	02:36:46.548	0.78413	0.78421			6
2026.05.15	02:37:01.989	0.78413				2
2026.05.15	02:37:02.289		0.78422			4
2026.05.15	02:37:08.282		0.78421			4
2026.05.15	02:37:29.468	0.78414				2
2026.05.15	02:37:29.801	0.78413	0.78418			6
2026.05.15	02:37:30.131	0.78414	0.78421			6
2026.05.15	02:37:30.459	0.78413	0.78418			6
2026.05.15	02:37:30.793	0.78414	0.78421			6
2026.05.15	02:37:31.112	0.78413	0.78418			6
2026.05.15	02:37:31.458	0.78414	0.78421			6
2026.05.15	02:37:32.057	0.78413	0.78418			6
2026.05.15	02:37:32.358	0.78414	0.78421			6
2026.05.15	02:37:32.658	0.78413	0.78418			6
2026.05.15	02:37:32.959	0.78414	0.78421			6
2026.05.15	02:37:33.259	0.78413	0.78418			6
2026.05.15	02:37:33.561		0.78421			4
2026.05.15	02:37:40.253		0.78420			4
2026.05.15	02:37:40.557	0.78414				2
2026.05.15	02:37:45.779	0.78413	0.78421			6
2026.05.15	02:37:49.971	0.78414	0.78420			6
2026.05.15	02:37:51.532		0.78419			4
2026.05.15	02:37:51.833	0.78413				2
2026.05.15	02:37:57.312		0.78420			4
2026.05.15	02:38:00.780	0.78413				2
2026.05.15	02:38:04.426		0.78419			4
2026.05.15	02:38:13.838		0.78420			4
2026.05.15	02:38:23.385	0.78411	0.78418			6
2026.05.15	02:38:29.273	0.78414	0.78421			6
2026.05.15	02:39:00.613	0.78414	0.78422			6
2026.05.15	02:39:01.714		0.78421			4
2026.05.15	02:39:02.016	0.78413	0.78420			6
2026.05.15	02:39:07.875	0.78414	0.78421			6
2026.05.15	02:39:26.609	0.78413				2
2026.05.15	02:39:47.917		0.78422			4
2026.05.15	02:39:48.219	0.78414				2
2026.05.15	02:40:00.302	0.78414				2
2026.05.15	02:40:08.402	0.78413	0.78421			6
2026.05.15	02:40:12.780		0.78422			4
2026.05.15	02:40:17.109		0.78419			4
2026.05.15	02:40:17.409	0.78411	0.78418			6
2026.05.15	02:40:26.306	0.78413				2
2026.05.15	02:40:26.907	0.78411	0.78415			6
2026.05.15	02:40:27.811		0.78416			4
2026.05.15	02:40:28.110	0.78414	0.78419			6
2026.05.15	02:40:28.710	0.78411	0.78417			6
2026.05.15	02:40:29.011		0.78419			4
2026.05.15	02:41:00.102	0.78411	0.78418			6
2026.05.15	02:41:12.317		0.78419			4
2026.05.15	02:41:12.618	0.78412	0.78420			6
2026.05.15	02:41:28.987	0.78413	0.78421			6
2026.05.15	02:41:29.287		0.78420			4
2026.05.15	02:41:29.587	0.78412	0.78421			6
2026.05.15	02:41:31.907		0.78420			4
2026.05.15	02:41:35.602	0.78413	0.78421			6
2026.05.15	02:41:46.548		0.78420			4
2026.05.15	02:41:46.849	0.78412	0.78419			6
2026.05.15	02:41:48.001	0.78411				2
2026.05.15	02:41:57.032	0.78413	0.78421			6
2026.05.15	02:41:58.194		0.78420			4
2026.05.15	02:42:03.033	0.78413				2
2026.05.15	02:42:30.776		0.78419			4
2026.05.15	02:42:44.665	0.78412				2
2026.05.15	02:43:00.603	0.78412				2
2026.05.15	02:43:00.904	0.78411				2
2026.05.15	02:43:01.504		0.78420			4
2026.05.15	02:43:04.962		0.78419			4
2026.05.15	02:43:06.913		0.78418			4
2026.05.15	02:43:07.214	0.78409	0.78415			6
2026.05.15	02:43:07.514	0.78407	0.78414			6
2026.05.15	02:43:10.057	0.78406	0.78415			6
2026.05.15	02:43:14.567		0.78414			4
2026.05.15	02:43:15.691		0.78413			4
2026.05.15	02:43:15.991		0.78414			4
2026.05.15	02:43:18.696	0.78407	0.78415			6
2026.05.15	02:43:32.139		0.78414			4
2026.05.15	02:43:32.440		0.78415			4
2026.05.15	02:43:39.875	0.78408				2
2026.05.15	02:43:40.517	0.78409	0.78416			6
2026.05.15	02:43:45.066	0.78408				2
2026.05.15	02:43:45.991		0.78415			4
2026.05.15	02:43:46.291	0.78407				2
2026.05.15	02:43:50.215	0.78408				2
2026.05.15	02:44:00.780	0.78408				2
2026.05.15	02:44:01.869		0.78414			4
2026.05.15	02:44:03.966	0.78407	0.78415			6
2026.05.15	02:44:11.527	0.78408	0.78416			6
2026.05.15	02:44:14.472	0.78407	0.78415			6
2026.05.15	02:44:23.169	0.78408				2
2026.05.15	02:44:23.907	0.78407				2
2026.05.15	02:44:24.206	0.78408	0.78414			6
2026.05.15	02:44:29.362		0.78415			4
2026.05.15	02:44:30.119	0.78407				2
2026.05.15	02:44:30.419	0.78408				2
2026.05.15	02:44:33.408		0.78414			4
2026.05.15	02:44:34.389	0.78407				2
2026.05.15	02:44:34.689	0.78408				2
2026.05.15	02:44:34.990		0.78413			4
2026.05.15	02:44:35.289	0.78407				2
2026.05.15	02:44:35.589	0.78405	0.78412			6
2026.05.15	02:44:35.927	0.78406				2
2026.05.15	02:44:37.432	0.78405				2
2026.05.15	02:44:40.966	0.78406				2
2026.05.15	02:44:42.619	0.78405				2
2026.05.15	02:44:43.207	0.78406				2
2026.05.15	02:44:45.393	0.78405	0.78411			6
2026.05.15	02:44:47.577		0.78409			4
2026.05.15	02:44:47.877	0.78406	0.78411			6
2026.05.15	02:44:48.778	0.78405	0.78409			6
2026.05.15	02:44:49.080	0.78406	0.78411			6
2026.05.15	02:44:49.380	0.78405	0.78409			6
2026.05.15	02:44:49.680	0.78406	0.78411			6
2026.05.15	02:44:50.281	0.78405				2
2026.05.15	02:44:54.183		0.78410			4
2026.05.15	02:44:54.485	0.78404				2
2026.05.15	02:44:54.784	0.78403	0.78409			6
2026.05.15	02:44:55.918	0.78405	0.78410			6
2026.05.15	02:44:57.687	0.78404	0.78411			6
2026.05.15	02:45:00.131	0.78404				2
2026.05.15	02:45:00.431	0.78405				2
2026.05.15	02:45:01.581		0.78410			4
2026.05.15	02:45:02.600		0.78411			4
2026.05.15	02:45:03.502	0.78406				2
2026.05.15	02:45:05.372	0.78407	0.78412			6
2026.05.15	02:45:09.546	0.78409	0.78414			6
2026.05.15	02:45:09.845	0.78408	0.78415			6
2026.05.15	02:45:10.147		0.78414			4
2026.05.15	02:45:10.765	0.78410				2
2026.05.15	02:45:11.370	0.78408				2
2026.05.15	02:45:11.669		0.78413			4
2026.05.15	02:45:13.481		0.78414			4
2026.05.15	02:45:15.921	0.78410	0.78415			6
2026.05.15	02:45:16.220	0.78409	0.78414			6
2026.05.15	02:45:19.290		0.78415			4
2026.05.15	02:45:23.465	0.78410				2
2026.05.15	02:45:23.766	0.78409	0.78414			6
2026.05.15	02:45:31.783	0.78408				2
2026.05.15	02:45:32.441	0.78409				2
2026.05.15	02:45:33.342	0.78410	0.78415			6
2026.05.15	02:45:33.978	0.78408	0.78414			6
2026.05.15	02:45:42.779	0.78409				2
2026.05.15	02:45:43.992	0.78408				2
2026.05.15	02:45:44.345	0.78410				2
2026.05.15	02:45:44.646		0.78415			4
2026.05.15	02:45:45.905	0.78408	0.78414			6
2026.05.15	02:45:50.184	0.78410				2
2026.05.15	02:45:51.085	0.78408				2
2026.05.15	02:45:53.026	0.78410				2
2026.05.15	02:45:54.499		0.78415			4
2026.05.15	02:45:55.445	0.78407	0.78414			6
2026.05.15	02:45:55.745	0.78408				2
2026.05.15	02:45:56.825		0.78413			4
2026.05.15	02:45:57.427	0.78407				2
2026.05.15	02:45:57.727		0.78412			4
2026.05.15	02:45:58.629	0.78408				2
2026.05.15	02:45:59.232	0.78407	0.78410			6
2026.05.15	02:45:59.533		0.78412			4
2026.05.15	02:45:59.833		0.78410			4
2026.05.15	02:46:00.133	0.78407	0.78412			6
2026.05.15	02:46:00.434		0.78411			4
2026.05.15	02:46:00.734		0.78412			4
2026.05.15	02:46:01.034	0.78406				2
2026.05.15	02:46:01.335		0.78411			4
2026.05.15	02:46:03.454	0.78407				2
2026.05.15	02:46:07.893		0.78412			4
2026.05.15	02:46:11.552	0.78406				2
2026.05.15	02:46:12.151	0.78405	0.78411			6
2026.05.15	02:46:13.187	0.78406				2
2026.05.15	02:46:15.040	0.78405				2
2026.05.15	02:46:16.660		0.78412			4
2026.05.15	02:46:25.445	0.78402	0.78408			6
2026.05.15	02:46:27.047		0.78409			4
2026.05.15	02:46:35.154		0.78408			4
2026.05.15	02:46:35.455		0.78409			4
2026.05.15	02:46:41.880	0.78401	0.78408			6
2026.05.15	02:46:42.481		0.78406			4
2026.05.15	02:46:42.781	0.78404	0.78408			6
2026.05.15	02:46:43.384	0.78401	0.78407			6
2026.05.15	02:46:43.984	0.78406	0.78410			6
2026.05.15	02:46:44.285	0.78401	0.78407			6
2026.05.15	02:46:44.585	0.78404	0.78409			6
2026.05.15	02:46:44.887	0.78401				2
2026.05.15	02:46:45.185	0.78402				2
2026.05.15	02:46:45.961	0.78401				2
2026.05.15	02:46:48.634	0.78402				2
2026.05.15	02:46:48.936	0.78401				2
2026.05.15	02:47:01.073	0.78401				2
2026.05.15	02:47:02.413	0.78400	0.78407			6
2026.05.15	02:47:05.008		0.78408			4
2026.05.15	02:47:05.609	0.78401				2
2026.05.15	02:47:05.910		0.78409			4
2026.05.15	02:47:20.580	0.78402				2
2026.05.15	02:47:26.016	0.78403	0.78410			6
2026.05.15	02:47:28.329		0.78411			4
2026.05.15	02:47:29.721		0.78410			4
2026.05.15	02:47:37.375		0.78411			4
2026.05.15	02:47:37.677	0.78405	0.78412			6
2026.05.15	02:47:37.976	0.78406	0.78413			6
2026.05.15	02:47:41.834	0.78407	0.78415			6
2026.05.15	02:47:45.069	0.78408				2
2026.05.15	02:47:48.980	0.78407				2
2026.05.15	02:47:53.560		0.78414			4
2026.05.15	02:47:57.276	0.78406				2
2026.05.15	02:48:00.935	0.78406				2
2026.05.15	02:48:01.236	0.78407				2
2026.05.15	02:48:04.138	0.78408				2
2026.05.15	02:48:09.094	0.78407				2
2026.05.15	02:48:18.780	0.78408				2
2026.05.15	02:48:21.092	0.78409				2
2026.05.15	02:48:21.664	0.78408				2
2026.05.15	02:48:23.826		0.78413			4
2026.05.15	02:48:25.017	0.78406				2
2026.05.15	02:48:27.535		0.78414			4
2026.05.15	02:48:34.912	0.78407				2
2026.05.15	02:48:37.492	0.78406				2
2026.05.15	02:48:45.139	0.78407				2
2026.05.15	02:48:46.039	0.78408	0.78415			6
2026.05.15	02:48:49.397	0.78409				2
2026.05.15	02:48:49.698	0.78411				2
2026.05.15	02:48:51.198	0.78409	0.78414			6
2026.05.15	02:48:51.498	0.78411	0.78415			6
2026.05.15	02:48:52.099	0.78409				2
2026.05.15	02:48:54.634		0.78416			4
2026.05.15	02:48:55.559	0.78408				2
2026.05.15	02:48:59.797		0.78415			4
2026.05.15	02:49:00.099	0.78408				2
2026.05.15	02:49:18.266		0.78414			4
2026.05.15	02:49:19.459	0.78407	0.78415			6
2026.05.15	02:49:21.593	0.78408				2
2026.05.15	02:49:22.194	0.78407				2
2026.05.15	02:49:32.615		0.78414			4
2026.05.15	02:49:39.324		0.78413			4
2026.05.15	02:49:41.317	0.78406				2
2026.05.15	02:49:41.619	0.78407	0.78411			6
2026.05.15	02:49:41.921	0.78406				2
2026.05.15	02:49:49.624		0.78412			4
2026.05.15	02:49:51.919	0.78408	0.78414			6
2026.05.15	02:49:52.520	0.78409				2
2026.05.15	02:49:55.884		0.78415			4
2026.05.15	02:49:56.185	0.78410				2
2026.05.15	02:49:57.510	0.78409				2
2026.05.15	02:50:02.107	0.78410				2
2026.05.15	02:50:05.611	0.78408				2
2026.05.15	02:50:05.911	0.78409				2
2026.05.15	02:50:09.466	0.78410				2
2026.05.15	02:50:21.833	0.78409				2
2026.05.15	02:50:22.422	0.78408				2
2026.05.15	02:50:23.725	0.78409				2
2026.05.15	02:50:28.648	0.78408				2
2026.05.15	02:50:30.118	0.78409				2
2026.05.15	02:50:34.440		0.78416			4
2026.05.15	02:50:34.741		0.78417			4
2026.05.15	02:50:36.545	0.78413	0.78421			6
2026.05.15	02:50:37.146	0.78415				2
2026.05.15	02:50:38.550	0.78416	0.78424			6
2026.05.15	02:50:39.722	0.78417				2
2026.05.15	02:50:40.022	0.78418				2
2026.05.15	02:50:41.678	0.78419				2
2026.05.15	02:50:42.522	0.78418				2
2026.05.15	02:50:42.831		0.78423			4
2026.05.15	02:50:43.994	0.78417				2
2026.05.15	02:50:44.895	0.78418				2
2026.05.15	02:50:45.197	0.78417	0.78424			6
2026.05.15	02:50:45.798		0.78423			4
2026.05.15	02:50:46.536		0.78424			4
2026.05.15	02:50:46.836	0.78418				2
2026.05.15	02:50:47.136	0.78417	0.78423			6
2026.05.15	02:50:47.924		0.78424			4
2026.05.15	02:50:48.225	0.78419				2
2026.05.15	02:50:49.197	0.78418	0.78423			6
2026.05.15	02:50:49.497	0.78419	0.78424			6
2026.05.15	02:50:51.087	0.78420				2
2026.05.15	02:50:51.387		0.78425			4
2026.05.15	02:50:54.778		0.78424			4
2026.05.15	02:51:00.298	0.78420				2
2026.05.15	02:51:02.078	0.78419				2
2026.05.15	02:51:12.207	0.78418				2
2026.05.15	02:51:16.874	0.78419				2
2026.05.15	02:51:25.660		0.78423			4
2026.05.15	02:51:26.683	0.78418				2
2026.05.15	02:51:28.975	0.78419				2
2026.05.15	02:51:40.963	0.78418				2
2026.05.15	02:51:48.872	0.78419	0.78424			6
2026.05.15	02:51:50.756		0.78423			4
2026.05.15	02:51:52.727	0.78418				2
2026.05.15	02:51:53.893	0.78419				2
2026.05.15	02:51:57.149		0.78424			4
2026.05.15	02:52:00.010	0.78418				2
2026.05.15	02:52:00.309		0.78423			4
2026.05.15	02:52:00.610		0.78424			4
2026.05.15	02:52:01.212		0.78423			4
2026.05.15	02:52:05.591		0.78424			4
2026.05.15	02:52:13.928		0.78423			4
2026.05.15	02:52:18.408	0.78419				2
2026.05.15	02:52:27.161	0.78416	0.78421			6
2026.05.15	02:52:30.885		0.78422			4
2026.05.15	02:52:35.426	0.78419	0.78424			6
2026.05.15	02:52:37.844	0.78418				2
2026.05.15	02:52:39.109		0.78423			4
2026.05.15	02:52:39.411	0.78417	0.78422			6
2026.05.15	02:52:40.198		0.78423			4
2026.05.15	02:52:42.757		0.78422			4
2026.05.15	02:52:43.058		0.78421			4
2026.05.15	02:52:46.960	0.78416				2
2026.05.15	02:52:49.098	0.78412	0.78418			6
2026.05.15	02:52:49.398		0.78419			4
2026.05.15	02:52:50.417		0.78418			4
2026.05.15	02:52:50.716	0.78413	0.78417			6
2026.05.15	02:52:51.016	0.78412				2
2026.05.15	02:52:52.193		0.78418			4
2026.05.15	02:53:00.749	0.78412				2
2026.05.15	02:53:01.049		0.78419			4
2026.05.15	02:53:02.144	0.78413				2
2026.05.15	02:53:20.433		0.78420			4
2026.05.15	02:53:23.937		0.78419			4
2026.05.15	02:53:33.101		0.78420			4
2026.05.15	02:53:35.278	0.78414				2
2026.05.15	02:53:36.706	0.78415				2
2026.05.15	02:53:44.936	0.78414				2
2026.05.15	02:53:48.465	0.78415				2
2026.05.15	02:53:54.116	0.78412	0.78419			6
2026.05.15	02:53:54.717	0.78414	0.78420			6
2026.05.15	02:53:56.716	0.78412	0.78419			6
2026.05.15	02:53:57.316	0.78413	0.78420			6
2026.05.15	02:54:00.115	0.78413				2
2026.05.15	02:54:00.716	0.78412	0.78417			6
2026.05.15	02:54:09.912		0.78418			4
2026.05.15	02:54:10.213	0.78413	0.78420			6
2026.05.15	02:54:13.144	0.78417				2
2026.05.15	02:54:13.445	0.78413	0.78417			6
2026.05.15	02:54:14.349		0.78420			4
2026.05.15	02:54:15.479	0.78415	0.78421			6
2026.05.15	02:54:15.791		0.78422			4
2026.05.15	02:54:16.093	0.78416	0.78423			6
2026.05.15	02:54:20.350	0.78418	0.78424			6
2026.05.15	02:54:20.650	0.78417				2
2026.05.15	02:54:24.707		0.78423			4
2026.05.15	02:54:25.006		0.78424			4
2026.05.15	02:54:29.280		0.78423			4
2026.05.15	02:54:33.783	0.78416	0.78422			6
2026.05.15	02:54:35.646		0.78420			4
2026.05.15	02:54:38.859		0.78421			4
2026.05.15	02:54:39.159		0.78422			4
2026.05.15	02:54:42.596		0.78423			4
2026.05.15	02:55:01.524	0.78416				2
2026.05.15	02:55:02.137	0.78417				2
2026.05.15	02:55:14.653		0.78424			4
2026.05.15	02:55:27.048	0.78418				2
2026.05.15	02:55:27.350	0.78419	0.78425			6
2026.05.15	02:55:27.816		0.78426			4
2026.05.15	02:55:28.117	0.78420				2
2026.05.15	02:55:30.957	0.78418	0.78424			6
2026.05.15	02:55:32.148	0.78419	0.78426			6
2026.05.15	02:55:34.597	0.78420				2
2026.05.15	02:55:39.178	0.78421	0.78427			6
2026.05.15	02:55:41.006	0.78423	0.78428			6
2026.05.15	02:55:41.307	0.78422	0.78429			6
2026.05.15	02:55:42.708		0.78428			4
2026.05.15	02:55:46.725	0.78423				2
2026.05.15	02:55:47.026		0.78429			4
2026.05.15	02:55:48.061	0.78424	0.78430			6
2026.05.15	02:55:48.361	0.78423				2
2026.05.15	02:55:52.080		0.78429			4
2026.05.15	02:56:00.091	0.78423				2
2026.05.15	02:56:14.507	0.78425	0.78431			6
2026.05.15	02:56:15.107	0.78426				2
2026.05.15	02:56:15.408	0.78425				2
2026.05.15	02:56:18.856	0.78424	0.78430			6
2026.05.15	02:56:26.201	0.78425	0.78431			6
2026.05.15	02:56:26.501	0.78424	0.78430			6
2026.05.15	02:56:32.098	0.78425	0.78431			6
2026.05.15	02:56:41.664	0.78424	0.78430			6
2026.05.15	02:57:00.210	0.78424				2
2026.05.15	02:57:00.510	0.78423	0.78429			6
2026.05.15	02:57:02.837		0.78430			4
2026.05.15	02:57:08.082	0.78424				2
2026.05.15	02:57:08.382	0.78423	0.78429			6
2026.05.15	02:57:27.699		0.78427			4
2026.05.15	02:57:30.071	0.78422				2
2026.05.15	02:57:34.002	0.78419	0.78425			6
2026.05.15	02:57:34.302	0.78421	0.78426			6
2026.05.15	02:57:35.473		0.78427			4
2026.05.15	02:57:53.250	0.78422				2
2026.05.15	02:57:59.402	0.78420	0.78425			6
2026.05.15	02:57:59.746	0.78421				2
2026.05.15	02:58:00.045	0.78421				2
2026.05.15	02:58:04.239	0.78420				2
2026.05.15	02:58:20.533	0.78421	0.78426			6
2026.05.15	02:58:20.996		0.78427			4
2026.05.15	02:58:21.597		0.78425			4
2026.05.15	02:58:27.285		0.78427			4
2026.05.15	02:58:28.880	0.78422	0.78428			6
2026.05.15	02:58:45.334		0.78425			4
2026.05.15	02:58:45.634		0.78428			4
2026.05.15	02:58:58.134	0.78423				2
2026.05.15	02:59:00.226	0.78423				2
2026.05.15	02:59:02.332	0.78422				2
2026.05.15	02:59:02.633	0.78423				2
2026.05.15	02:59:06.322		0.78429			4
2026.05.15	02:59:14.980	0.78422				2
2026.05.15	02:59:15.280	0.78423				2
2026.05.15	02:59:31.760	0.78424				2
2026.05.15	02:59:32.060		0.78430			4
2026.05.15	02:59:33.116	0.78423				2
2026.05.15	02:59:34.415	0.78424				2
2026.05.15	02:59:34.715		0.78431			4
2026.05.15	02:59:35.808		0.78430			4
2026.05.15	02:59:39.453	0.78423	0.78429			6
2026.05.15	02:59:46.891		0.78427			4
2026.05.15	03:00:00.292	0.78423				2
2026.05.15	03:00:00.587	0.78425	0.78430			6
2026.05.15	03:00:01.487	0.78423	0.78427			6
2026.05.15	03:00:01.789	0.78425	0.78429			6
2026.05.15	03:00:03.599	0.78424	0.78427			6
2026.05.15	03:00:04.801	0.78423				2
2026.05.15	03:00:05.705	0.78422	0.78426			6
2026.05.15	03:00:06.004	0.78423	0.78427			6
2026.05.15	03:00:07.954		0.78426			4
2026.05.15	03:00:09.536		0.78427			4
2026.05.15	03:00:11.161	0.78424	0.78428			6
2026.05.15	03:00:11.462	0.78425	0.78429			6
2026.05.15	03:00:16.031	0.78426				2
2026.05.15	03:00:17.182		0.78430			4
2026.05.15	03:00:21.091	0.78425	0.78429			6
2026.05.15	03:00:22.583	0.78424				2
2026.05.15	03:00:26.693	0.78422	0.78427			6
2026.05.15	03:00:26.993		0.78426			4
2026.05.15	03:00:29.602	0.78423	0.78427			6
2026.05.15	03:00:31.558		0.78428			4
2026.05.15	03:00:31.858	0.78425	0.78430			6
2026.05.15	03:00:35.653		0.78429			4
2026.05.15	03:00:37.784	0.78423	0.78427			6
2026.05.15	03:00:38.086	0.78424	0.78429			6
2026.05.15	03:00:39.088	0.78425				2
2026.05.15	03:00:39.388	0.78424				2
2026.05.15	03:00:39.688	0.78425				2
2026.05.15	03:00:43.572	0.78423	0.78428			6
2026.05.15	03:00:43.872	0.78424				2
2026.05.15	03:00:44.172	0.78423				2
2026.05.15	03:00:48.250	0.78424				2
2026.05.15	03:00:51.301		0.78429			4
2026.05.15	03:00:52.172	0.78422	0.78427			6
2026.05.15	03:00:52.476	0.78425	0.78429			6
2026.05.15	03:00:53.073	0.78426	0.78430			6
2026.05.15	03:00:54.676	0.78428	0.78431			6
2026.05.15	03:01:00.185	0.78428				2
2026.05.15	03:01:00.787	0.78427				2
2026.05.15	03:01:05.108	0.78426	0.78429			6
2026.05.15	03:01:05.708	0.78427	0.78430			6
2026.05.15	03:01:06.309	0.78429	0.78432			6
2026.05.15	03:01:08.114	0.78428				2
2026.05.15	03:01:08.714	0.78429				2
2026.05.15	03:01:10.058	0.78428				2
2026.05.15	03:01:10.360	0.78427	0.78431			6
2026.05.15	03:01:15.991	0.78428				2
2026.05.15	03:01:16.292		0.78432			4
2026.05.15	03:01:20.510	0.78430				2
2026.05.15	03:01:23.836		0.78433			4
2026.05.15	03:01:24.136		0.78435			4
2026.05.15	03:01:24.436	0.78431	0.78434			6
2026.05.15	03:01:25.037		0.78435			4
2026.05.15	03:01:26.017		0.78434			4
2026.05.15	03:01:27.495	0.78430	0.78433			6
2026.05.15	03:01:28.512		0.78434			4
2026.05.15	03:01:39.410	0.78431				2
2026.05.15	03:01:39.710	0.78433	0.78437			6
2026.05.15	03:01:40.012	0.78432	0.78436			6
2026.05.15	03:01:40.311	0.78431	0.78435			6
2026.05.15	03:01:41.214	0.78432	0.78436			6
2026.05.15	03:01:43.249	0.78433				2
2026.05.15	03:01:43.549		0.78438			4
2026.05.15	03:01:45.766	0.78432	0.78435			6
2026.05.15	03:01:46.066	0.78436	0.78441			6
2026.05.15	03:01:47.807	0.78437				2
2026.05.15	03:01:48.107		0.78442			4
2026.05.15	03:01:48.407		0.78441			4
2026.05.15	03:01:48.710	0.78439	0.78443			6
2026.05.15	03:01:49.311	0.78438	0.78442			6
2026.05.15	03:01:49.911	0.78442	0.78448			6
2026.05.15	03:01:50.513		0.78447			4
2026.05.15	03:01:50.813	0.78441				2
2026.05.15	03:01:51.114	0.78442				2
2026.05.15	03:01:51.414	0.78440	0.78445			6
2026.05.15	03:01:52.315	0.78439				2
2026.05.15	03:01:54.122	0.78442	0.78447			6
2026.05.15	03:01:54.419		0.78448			4
2026.05.15	03:01:56.226	0.78441	0.78447			6
2026.05.15	03:01:56.528	0.78442				2
2026.05.15	03:01:57.433	0.78445	0.78450			6
2026.05.15	03:01:57.737		0.78451			4
2026.05.15	03:01:58.032		0.78450			4
2026.05.15	03:01:58.633		0.78449			4
2026.05.15	03:01:59.233	0.78444				2
2026.05.15	03:01:59.928	0.78445				2
2026.05.15	03:02:00.228	0.78445				2
2026.05.15	03:02:00.528	0.78447	0.78451			6
2026.05.15	03:02:02.028	0.78445	0.78450			6
2026.05.15	03:02:04.225	0.78446				2
2026.05.15	03:02:05.427	0.78447	0.78452			6
2026.05.15	03:02:05.726		0.78450			4
2026.05.15	03:02:06.027	0.78445	0.78449			6
2026.05.15	03:02:06.329	0.78448	0.78453			6
2026.05.15	03:02:06.628	0.78447	0.78451			6
2026.05.15	03:02:06.928		0.78452			4
2026.05.15	03:02:07.228		0.78451			4
2026.05.15	03:02:09.331	0.78445	0.78450			6
2026.05.15	03:02:09.631	0.78444	0.78449			6
2026.05.15	03:02:09.930	0.78445				2
2026.05.15	03:02:12.632	0.78447	0.78451			6
2026.05.15	03:02:12.933	0.78446				2
2026.05.15	03:02:13.233		0.78450			4
2026.05.15	03:02:14.836	0.78444	0.78449			6
2026.05.15	03:02:15.136	0.78445				2
2026.05.15	03:02:16.940	0.78443	0.78447			6
2026.05.15	03:02:17.237	0.78444				2
2026.05.15	03:02:17.537	0.78443				2
2026.05.15	03:02:18.137	0.78442	0.78446			6
2026.05.15	03:02:18.438	0.78443				2
2026.05.15	03:02:18.742	0.78444	0.78448			6
2026.05.15	03:02:21.431	0.78442	0.78446			6
2026.05.15	03:02:21.733	0.78444	0.78447			6
2026.05.15	03:02:22.947	0.78443				2
2026.05.15	03:02:23.848		0.78448			4
2026.05.15	03:02:24.448	0.78444	0.78447			6
2026.05.15	03:02:26.682		0.78448			4
2026.05.15	03:02:27.284		0.78447			4
2026.05.15	03:02:29.147	0.78445	0.78449			6
2026.05.15	03:02:29.447		0.78448			4
2026.05.15	03:02:29.747	0.78444				2
2026.05.15	03:02:31.217	0.78442	0.78446			6
2026.05.15	03:02:32.162	0.78441				2
2026.05.15	03:02:32.462		0.78445			4
2026.05.15	03:02:35.464	0.78442	0.78446			6
2026.05.15	03:02:36.065	0.78441				2
2026.05.15	03:02:38.428	0.78442				2
2026.05.15	03:02:40.036	0.78443				2
2026.05.15	03:02:40.337	0.78444	0.78449			6
2026.05.15	03:02:40.637		0.78448			4
2026.05.15	03:02:41.238		0.78449			4
2026.05.15	03:02:41.918		0.78448			4
2026.05.15	03:02:42.218		0.78449			4
2026.05.15	03:02:42.518		0.78448			4
2026.05.15	03:02:42.819	0.78443				2
2026.05.15	03:02:43.720	0.78444				2
2026.05.15	03:02:45.358	0.78445	0.78449			6
2026.05.15	03:02:45.658	0.78444				2
2026.05.15	03:02:48.032		0.78448			4
2026.05.15	03:02:56.291		0.78447			4
2026.05.15	03:02:56.592		0.78449			4
2026.05.15	03:02:57.192		0.78448			4
2026.05.15	03:03:00.027	0.78444	0.78449			6
2026.05.15	03:03:00.329		0.78448			4
2026.05.15	03:03:01.676		0.78449			4
2026.05.15	03:03:01.974	0.78445				2
2026.05.15	03:03:02.575	0.78447	0.78450			6
2026.05.15	03:03:03.177	0.78445	0.78449			6
2026.05.15	03:03:04.682	0.78443	0.78447			6
2026.05.15	03:03:05.280	0.78444				2
2026.05.15	03:03:05.580	0.78443				2
2026.05.15	03:03:05.881	0.78444	0.78448			6
2026.05.15	03:03:08.047		0.78447			4
2026.05.15	03:03:08.646	0.78443				2
2026.05.15	03:03:08.947	0.78444				2
2026.05.15	03:03:10.150		0.78449			4
2026.05.15	03:03:12.270	0.78445				2
2026.05.15	03:03:14.072	0.78444				2
2026.05.15	03:03:14.372		0.78447			4
2026.05.15	03:03:14.672	0.78442	0.78446			6
2026.05.15	03:03:15.413		0.78445			4
2026.05.15	03:03:16.015		0.78446			4
2026.05.15	03:03:16.315		0.78447			4
2026.05.15	03:03:16.615		0.78445			4
2026.05.15	03:03:16.915	0.78440	0.78443			6
2026.05.15	03:03:17.217	0.78439				2
2026.05.15	03:03:17.817	0.78440				2
2026.05.15	03:03:18.417	0.78439				2
2026.05.15	03:03:19.018	0.78440				2
2026.05.15	03:03:19.617	0.78439	0.78442			6
2026.05.15	03:03:20.801		0.78443			4
2026.05.15	03:03:22.182		0.78442			4
2026.05.15	03:03:23.382		0.78443			4
2026.05.15	03:03:24.284	0.78440				2
2026.05.15	03:03:27.294		0.78444			4
2026.05.15	03:03:27.594		0.78443			4
2026.05.15	03:03:28.795		0.78444			4
2026.05.15	03:03:29.397		0.78443			4
2026.05.15	03:03:29.697	0.78439				2
2026.05.15	03:03:31.307	0.78440	0.78444			6
2026.05.15	03:03:34.675	0.78439	0.78442			6
2026.05.15	03:03:34.973	0.78442	0.78446			6
2026.05.15	03:03:35.572		0.78445			4
2026.05.15	03:03:36.477	0.78437	0.78441			6
2026.05.15	03:03:36.774	0.78439	0.78442			6
2026.05.15	03:03:37.375	0.78438				2
2026.05.15	03:03:42.580		0.78441			4
2026.05.15	03:03:42.877	0.78436	0.78440			6
2026.05.15	03:03:47.493	0.78438	0.78441			6
2026.05.15	03:03:48.430	0.78437				2
2026.05.15	03:03:49.332	0.78438	0.78442			6
2026.05.15	03:03:49.632	0.78436	0.78441			6
2026.05.15	03:03:50.231	0.78437				2
2026.05.15	03:03:50.534	0.78436				2
2026.05.15	03:03:50.835	0.78437				2
2026.05.15	03:03:52.394	0.78439	0.78443			6
2026.05.15	03:03:52.690	0.78438				2
2026.05.15	03:03:52.991		0.78442			4
2026.05.15	03:04:00.435	0.78438				2
2026.05.15	03:04:00.734	0.78439	0.78443			6
2026.05.15	03:04:01.035	0.78438				2
2026.05.15	03:04:01.936		0.78442			4
2026.05.15	03:04:03.364	0.78439				2
2026.05.15	03:04:04.141	0.78437	0.78441			6
2026.05.15	03:04:04.441	0.78438	0.78442			6
2026.05.15	03:04:05.805	0.78437	0.78441			6
2026.05.15	03:04:07.028	0.78438				2
2026.05.15	03:04:07.329	0.78436				2
2026.05.15	03:04:08.230	0.78437				2
2026.05.15	03:04:09.731	0.78436				2
2026.05.15	03:04:10.032	0.78437				2
2026.05.15	03:04:12.434	0.78438				2
2026.05.15	03:04:14.080		0.78442			4
2026.05.15	03:04:15.281	0.78437	0.78441			6
2026.05.15	03:04:15.881	0.78438				2
2026.05.15	03:04:17.513	0.78437				2
2026.05.15	03:04:18.179	0.78435	0.78439			6
2026.05.15	03:04:19.712	0.78436				2
2026.05.15	03:04:20.013		0.78440			4
2026.05.15	03:04:20.614	0.78435	0.78439			6
2026.05.15	03:04:22.477		0.78438			4
2026.05.15	03:04:22.776		0.78439			4
2026.05.15	03:04:25.172		0.78438			4
2026.05.15	03:04:25.472		0.78439			4
2026.05.15	03:04:26.333	0.78434	0.78438			6
2026.05.15	03:04:26.636	0.78435	0.78439			6
2026.05.15	03:04:29.341	0.78434	0.78438			6
2026.05.15	03:04:33.779		0.78439			4
2026.05.15	03:04:34.490	0.78435				2
2026.05.15	03:04:35.992	0.78434				2
2026.05.15	03:04:37.810	0.78433	0.78438			6
2026.05.15	03:04:39.508	0.78434				2
2026.05.15	03:04:40.228	0.78433	0.78437			6
2026.05.15	03:04:40.829		0.78436			4
2026.05.15	03:04:41.338		0.78437			4
2026.05.15	03:04:42.287		0.78436			4
2026.05.15	03:04:43.990		0.78437			4
2026.05.15	03:04:44.977	0.78432	0.78436			6
2026.05.15	03:04:46.205	0.78433	0.78437			6
2026.05.15	03:04:46.804		0.78438			4
2026.05.15	03:04:47.104		0.78437			4
2026.05.15	03:04:47.960	0.78434	0.78438			6
2026.05.15	03:04:49.470	0.78439	0.78442			6
2026.05.15	03:04:49.764	0.78438				2
2026.05.15	03:04:50.065	0.78439	0.78443			6
2026.05.15	03:04:51.057	0.78438				2
2026.05.15	03:04:52.468		0.78442			4
2026.05.15	03:04:53.071	0.78437	0.78441			6
2026.05.15	03:04:54.122	0.78438				2
2026.05.15	03:04:54.422		0.78442			4
2026.05.15	03:04:57.381	0.78437	0.78441			6
2026.05.15	03:04:58.581		0.78442			4
2026.05.15	03:04:59.058	0.78438				2
2026.05.15	03:04:59.358		0.78443			4
2026.05.15	03:05:00.110	0.78438	0.78442			6
2026.05.15	03:05:01.011	0.78437				2
2026.05.15	03:05:01.312		0.78441			4
2026.05.15	03:05:03.227	0.78435	0.78440			6
2026.05.15	03:05:04.278		0.78439			4
2026.05.15	03:05:15.337		0.78440			4
2026.05.15	03:05:15.637	0.78437	0.78441			6
2026.05.15	03:05:20.148	0.78436	0.78440			6
2026.05.15	03:05:21.364		0.78441			4
2026.05.15	03:05:21.664		0.78440			4
2026.05.15	03:05:22.264		0.78441			4
2026.05.15	03:05:23.264	0.78435	0.78440			6
2026.05.15	03:05:27.541	0.78436				2
2026.05.15	03:05:29.190	0.78435	0.78441			6
2026.05.15	03:05:29.490		0.78440			4
2026.05.15	03:05:30.160		0.78439			4
2026.05.15	03:05:31.397	0.78434	0.78438			6
2026.05.15	03:05:36.245	0.78435	0.78439			6
2026.05.15	03:05:40.201	0.78434				2
2026.05.15	03:05:40.502	0.78435				2
2026.05.15	03:05:46.493	0.78438	0.78442			6
2026.05.15	03:05:46.793	0.78437				2
2026.05.15	03:05:49.276		0.78441			4
2026.05.15	03:05:49.577	0.78438	0.78442			6
2026.05.15	03:05:49.878	0.78437				2
2026.05.15	03:05:50.464	0.78438				2
2026.05.15	03:05:50.764	0.78437				2
2026.05.15	03:05:52.776	0.78436	0.78441			6
2026.05.15	03:05:54.277	0.78437	0.78442			6
2026.05.15	03:06:00.136	0.78437				2
2026.05.15	03:06:00.439		0.78441			4
2026.05.15	03:06:02.993		0.78442			4
2026.05.15	03:06:04.853	0.78436	0.78441			6
2026.05.15	03:06:13.930	0.78434	0.78438			6
2026.05.15	03:06:16.163	0.78433	0.78437			6
2026.05.15	03:06:19.425		0.78438			4
2026.05.15	03:06:22.133	0.78434				2
2026.05.15	03:06:23.559	0.78433				2
2026.05.15	03:06:28.594	0.78432				2
2026.05.15	03:06:30.701	0.78433				2
2026.05.15	03:06:33.537	0.78432				2
2026.05.15	03:06:34.205	0.78433				2
2026.05.15	03:06:34.803	0.78432				2
2026.05.15	03:06:38.339	0.78434				2
2026.05.15	03:06:38.942	0.78433				2
2026.05.15	03:06:41.021	0.78432	0.78437			6
2026.05.15	03:06:42.529		0.78438			4
2026.05.15	03:06:43.574		0.78437			4
2026.05.15	03:06:44.230		0.78438			4
2026.05.15	03:06:48.817	0.78433				2
2026.05.15	03:06:50.603	0.78434				2
2026.05.15	03:06:50.901	0.78431	0.78436			6
2026.05.15	03:06:51.200	0.78432				2
2026.05.15	03:06:51.501		0.78437			4
2026.05.15	03:06:51.804		0.78436			4
2026.05.15	03:06:56.485	0.78427	0.78432			6
2026.05.15	03:06:56.784	0.78428	0.78433			6
2026.05.15	03:06:57.084		0.78432			4
2026.05.15	03:06:59.005		0.78433			4
2026.05.15	03:06:59.606		0.78432			4
2026.05.15	03:07:00.207	0.78428	0.78431			6
2026.05.15	03:07:00.508		0.78432			4
2026.05.15	03:07:02.011		0.78431			4
2026.05.15	03:07:02.912	0.78427				2
2026.05.15	03:07:03.813		0.78432			4
2026.05.15	03:07:07.492	0.78428				2
2026.05.15	03:07:09.552	0.78427				2
2026.05.15	03:07:11.056		0.78431			4
2026.05.15	03:07:11.354		0.78432			4
2026.05.15	03:07:12.556	0.78430	0.78434			6
2026.05.15	03:07:15.528		0.78435			4
2026.05.15	03:07:16.531	0.78432	0.78436			6
2026.05.15	03:07:17.431	0.78431	0.78435			6
2026.05.15	03:07:21.226	0.78430				2
2026.05.15	03:07:22.894	0.78431	0.78436			6
2026.05.15	03:07:25.923		0.78435			4
2026.05.15	03:07:26.824	0.78432	0.78436			6
2026.05.15	03:07:28.028	0.78431				2
2026.05.15	03:07:28.326	0.78432				2
2026.05.15	03:07:30.322	0.78431	0.78435			6
2026.05.15	03:07:30.622	0.78432	0.78436			6
2026.05.15	03:07:32.883	0.78430	0.78435			6
2026.05.15	03:07:34.269	0.78431				2
2026.05.15	03:07:34.570	0.78430				2
2026.05.15	03:07:37.249	0.78431	0.78436			6
2026.05.15	03:07:37.549		0.78435			4
2026.05.15	03:07:39.521	0.78432				2
2026.05.15	03:07:40.253		0.78436			4
2026.05.15	03:07:43.350	0.78431	0.78435			6
2026.05.15	03:07:48.610		0.78434			4
2026.05.15	03:07:50.957		0.78435			4
2026.05.15	03:07:51.258		0.78434			4
2026.05.15	03:07:51.558		0.78433			4
2026.05.15	03:07:52.159	0.78429				2
2026.05.15	03:07:52.459		0.78432			4
2026.05.15	03:07:56.764		0.78431			4
2026.05.15	03:07:57.363		0.78432			4
2026.05.15	03:07:58.536		0.78431			4
2026.05.15	03:07:59.504		0.78433			4
2026.05.15	03:07:59.804		0.78434			4
2026.05.15	03:08:00.104	0.78429	0.78433			6
2026.05.15	03:08:00.538		0.78434			4
2026.05.15	03:08:03.195		0.78433			4
2026.05.15	03:08:03.796		0.78432			4
2026.05.15	03:08:05.219		0.78433			4
2026.05.15	03:08:06.724		0.78434			4
2026.05.15	03:08:08.528	0.78430	0.78435			6
2026.05.15	03:08:10.602	0.78431				2
2026.05.15	03:08:11.203		0.78436			4
2026.05.15	03:08:14.783		0.78435			4
2026.05.15	03:08:15.083		0.78434			4
2026.05.15	03:08:15.383		0.78435			4
2026.05.15	03:08:20.306	0.78430				2
2026.05.15	03:08:20.838	0.78431				2
2026.05.15	03:08:21.138	0.78430	0.78433			6
2026.05.15	03:08:21.439		0.78435			4
2026.05.15	03:08:21.739	0.78431				2
2026.05.15	03:08:22.039	0.78430				2
2026.05.15	03:08:24.160		0.78434			4
2026.05.15	03:08:24.460	0.78431				2
2026.05.15	03:08:25.060	0.78430				2
2026.05.15	03:08:25.361	0.78429	0.78433			6
2026.05.15	03:08:27.849		0.78432			4
2026.05.15	03:08:29.154		0.78433			4
2026.05.15	03:08:30.288		0.78432			4
2026.05.15	03:08:30.588	0.78428				2
2026.05.15	03:08:33.751		0.78433			4
2026.05.15	03:08:34.351		0.78431			4
2026.05.15	03:08:36.483		0.78432			4
2026.05.15	03:08:36.901		0.78431			4
2026.05.15	03:08:37.206	0.78429				2
2026.05.15	03:08:37.506		0.78432			4
2026.05.15	03:08:38.407		0.78431			4
2026.05.15	03:08:39.009	0.78428				2
2026.05.15	03:08:39.911		0.78432			4
2026.05.15	03:08:42.424	0.78426	0.78430			6
2026.05.15	03:08:51.327	0.78429	0.78433			6
2026.05.15	03:08:52.920	0.78428				2
2026.05.15	03:08:53.221	0.78429				2
2026.05.15	03:08:54.722	0.78428				2
2026.05.15	03:08:59.352	0.78429	0.78434			6
2026.05.15	03:09:00.125	0.78429				2
2026.05.15	03:09:00.427		0.78433			4
2026.05.15	03:09:01.631		0.78434			4
2026.05.15	03:09:01.930	0.78430	0.78435			6
2026.05.15	03:09:03.434	0.78431				2
2026.05.15	03:09:13.455		0.78436			4
2026.05.15	03:09:16.246		0.78434			4
2026.05.15	03:09:21.652		0.78435			4
2026.05.15	03:09:22.587		0.78434			4
2026.05.15	03:09:23.487		0.78435			4
2026.05.15	03:09:24.636		0.78434			4
2026.05.15	03:09:28.593	0.78430	0.78435			6
2026.05.15	03:09:32.214	0.78429	0.78434			6
2026.05.15	03:09:35.083		0.78433			4
2026.05.15	03:09:40.072	0.78427	0.78432			6
2026.05.15	03:09:40.673		0.78430			4
2026.05.15	03:09:42.516	0.78426				2
2026.05.15	03:09:42.817		0.78431			4
2026.05.15	03:09:43.120		0.78430			4
2026.05.15	03:09:45.898	0.78427	0.78431			6
2026.05.15	03:09:47.474		0.78432			4
2026.05.15	03:09:52.573	0.78428	0.78433			6
2026.05.15	03:09:53.935	0.78429				2
2026.05.15	03:09:55.694	0.78428				2
2026.05.15	03:09:55.994	0.78427	0.78432			6
2026.05.15	03:09:56.295		0.78431			4
2026.05.15	03:09:57.513		0.78432			4
2026.05.15	03:09:58.116	0.78428				2
2026.05.15	03:09:59.636	0.78427				2
2026.05.15	03:10:00.236	0.78427				2
2026.05.15	03:10:02.753		0.78431			4
2026.05.15	03:10:03.370	0.78428	0.78433			6
2026.05.15	03:10:04.995		0.78434			4
2026.05.15	03:10:05.296	0.78429				2
2026.05.15	03:10:06.593	0.78428	0.78433			6
2026.05.15	03:10:07.494		0.78434			4
2026.05.15	03:10:08.170	0.78430				2
2026.05.15	03:10:08.471	0.78429	0.78435			6
2026.05.15	03:10:11.542	0.78430				2
2026.05.15	03:10:11.843		0.78434			4
2026.05.15	03:10:12.142		0.78435			4
2026.05.15	03:10:13.061	0.78429	0.78434			6
2026.05.15	03:10:13.963	0.78428	0.78432			6
2026.05.15	03:10:15.223	0.78427				2
2026.05.15	03:10:15.522	0.78428	0.78433			6
2026.05.15	03:10:22.685		0.78432			4
2026.05.15	03:10:25.688	0.78429				2
2026.05.15	03:10:26.289	0.78428	0.78430			6
2026.05.15	03:10:26.590	0.78429	0.78432			6
2026.05.15	03:10:26.889		0.78433			4
2026.05.15	03:10:27.191	0.78430				2
2026.05.15	03:10:27.491	0.78428	0.78431			6
2026.05.15	03:10:27.792	0.78427				2
2026.05.15	03:10:28.092	0.78429	0.78433			6
2026.05.15	03:10:28.394	0.78428	0.78432			6
2026.05.15	03:10:28.694	0.78429	0.78434			6
2026.05.15	03:10:29.295	0.78428	0.78433			6
2026.05.15	03:10:29.903	0.78429	0.78434			6
2026.05.15	03:10:30.860	0.78428	0.78433			6
2026.05.15	03:10:34.259	0.78427	0.78430			6
2026.05.15	03:10:35.159		0.78431			4
2026.05.15	03:10:37.601		0.78430			4
2026.05.15	03:10:38.766		0.78431			4
2026.05.15	03:10:39.368		0.78432			4
2026.05.15	03:10:40.695		0.78431			4
2026.05.15	03:10:42.095		0.78430			4
2026.05.15	03:10:42.396	0.78425				2
2026.05.15	03:10:45.470		0.78429			4
2026.05.15	03:10:47.071	0.78426	0.78430			6
2026.05.15	03:10:47.371		0.78431			4
2026.05.15	03:10:51.428		0.78432			4
2026.05.15	03:10:53.893		0.78431			4
2026.05.15	03:10:54.196	0.78424	0.78429			6
2026.05.15	03:10:54.494	0.78425	0.78430			6
2026.05.15	03:10:55.504		0.78429			4
2026.05.15	03:10:56.683		0.78430			4
2026.05.15	03:10:58.565		0.78429			4
2026.05.15	03:10:59.523	0.78424				2
2026.05.15	03:10:59.825	0.78425	0.78430			6
2026.05.15	03:11:00.167	0.78425				2
2026.05.15	03:11:01.066	0.78424	0.78429			6
2026.05.15	03:11:03.076	0.78425				2
2026.05.15	03:11:03.377		0.78430			4
2026.05.15	03:11:03.681	0.78428	0.78432			6
2026.05.15	03:11:03.977	0.78429	0.78433			6
2026.05.15	03:11:05.038	0.78428				2
2026.05.15	03:11:05.796	0.78429				2
2026.05.15	03:11:06.096	0.78431	0.78435			6
2026.05.15	03:11:06.396	0.78430				2
2026.05.15	03:11:07.985	0.78429	0.78434			6
2026.05.15	03:11:08.585		0.78433			4
2026.05.15	03:11:09.186	0.78428				2
2026.05.15	03:11:15.002	0.78427				2
2026.05.15	03:11:16.530	0.78429				2
2026.05.15	03:11:17.725	0.78428				2
2026.05.15	03:11:18.629	0.78430	0.78435			6
2026.05.15	03:11:31.937	0.78429	0.78434			6
2026.05.15	03:11:32.537	0.78428	0.78433			6
2026.05.15	03:11:33.438	0.78429				2
2026.05.15	03:11:35.214	0.78428				2
2026.05.15	03:11:36.443	0.78429				2
2026.05.15	03:11:36.784	0.78428				2
2026.05.15	03:11:37.385	0.78429				2
2026.05.15	03:11:37.684	0.78428				2
2026.05.15	03:11:37.986	0.78429				2
2026.05.15	03:11:38.286	0.78428				2
2026.05.15	03:11:38.585	0.78429				2
2026.05.15	03:11:38.892	0.78428				2
2026.05.15	03:11:39.492	0.78429				2
2026.05.15	03:11:39.792	0.78428				2
2026.05.15	03:11:40.093	0.78429				2
2026.05.15	03:11:40.393	0.78428				2
2026.05.15	03:11:43.029	0.78427				2
2026.05.15	03:11:44.041	0.78429				2
2026.05.15	03:11:45.669		0.78434			4
2026.05.15	03:11:47.765	0.78431	0.78436			6
2026.05.15	03:11:48.063		0.78435			4
2026.05.15	03:11:48.362	0.78430				2
2026.05.15	03:11:55.444	0.78429	0.78434			6
2026.05.15	03:11:55.744	0.78430				2
2026.05.15	03:11:56.168	0.78429				2
2026.05.15	03:11:56.469	0.78430				2
2026.05.15	03:11:56.769	0.78429				2
2026.05.15	03:11:59.425	0.78430				2
2026.05.15	03:12:00.027	0.78430				2
2026.05.15	03:12:00.628	0.78429				2
2026.05.15	03:12:02.128	0.78430				2
2026.05.15	03:12:03.388	0.78431	0.78435			6
2026.05.15	03:12:04.826	0.78430				2
2026.05.15	03:12:08.495	0.78431				2
2026.05.15	03:12:09.688	0.78430				2
2026.05.15	03:12:20.210	0.78432	0.78436			6
2026.05.15	03:12:20.510	0.78431				2
2026.05.15	03:12:20.812	0.78432	0.78437			6
2026.05.15	03:12:25.214	0.78433	0.78438			6
2026.05.15	03:12:28.271	0.78432	0.78437			6
2026.05.15	03:12:31.574		0.78436			4
2026.05.15	03:12:32.777		0.78437			4
2026.05.15	03:12:33.399		0.78436			4
2026.05.15	03:12:37.468	0.78430	0.78434			6
2026.05.15	03:12:38.666		0.78435			4
2026.05.15	03:12:45.179		0.78434			4
2026.05.15	03:12:45.479		0.78435			4
2026.05.15	03:12:51.337	0.78431				2
2026.05.15	03:12:51.637	0.78430				2
2026.05.15	03:12:52.458	0.78431				2
2026.05.15	03:12:54.260		0.78436			4
2026.05.15	03:12:54.561	0.78430	0.78435			6
2026.05.15	03:13:00.280	0.78430				2
2026.05.15	03:13:00.881	0.78432	0.78436			6
2026.05.15	03:13:01.482		0.78437			4
2026.05.15	03:13:07.979	0.78433				2
2026.05.15	03:13:09.947		0.78438			4
2026.05.15	03:13:10.548	0.78434				2
2026.05.15	03:13:11.748		0.78439			4
2026.05.15	03:13:15.813	0.78437	0.78441			6
2026.05.15	03:13:17.070	0.78436				2
2026.05.15	03:13:17.671	0.78437	0.78442			6
2026.05.15	03:13:20.061		0.78441			4
2026.05.15	03:13:22.933	0.78434	0.78439			6
2026.05.15	03:13:23.833	0.78433	0.78438			6
2026.05.15	03:13:24.134		0.78437			4
2026.05.15	03:13:24.436		0.78438			4
2026.05.15	03:13:27.007	0.78434				2
2026.05.15	03:13:28.207	0.78435	0.78439			6
2026.05.15	03:13:28.508		0.78440			4
2026.05.15	03:13:36.887	0.78436				2
2026.05.15	03:13:39.105		0.78439			4
2026.05.15	03:13:52.173		0.78438			4
2026.05.15	03:13:53.818	0.78434				2
2026.05.15	03:13:54.119		0.78439			4
2026.05.15	03:13:57.331	0.78436	0.78440			6
2026.05.15	03:13:57.931	0.78434	0.78438			6
2026.05.15	03:13:58.232	0.78435	0.78440			6
2026.05.15	03:13:58.533	0.78437	0.78439			6
2026.05.15	03:13:58.833	0.78438	0.78441			6
2026.05.15	03:13:59.433		0.78439			4
2026.05.15	03:13:59.733		0.78440			4
2026.05.15	03:14:00.034	0.78438				2
2026.05.15	03:14:02.435		0.78441			4
2026.05.15	03:14:04.396		0.78442			4
2026.05.15	03:14:05.610		0.78441			4
2026.05.15	03:14:12.201		0.78442			4
2026.05.15	03:14:13.143	0.78437	0.78440			6
2026.05.15	03:14:13.442		0.78441			4
2026.05.15	03:14:15.617		0.78440			4
2026.05.15	03:14:16.952		0.78441			4
2026.05.15	03:14:17.253	0.78438	0.78440			6
2026.05.15	03:14:19.983		0.78441			4
2026.05.15	03:14:28.018		0.78440			4
2026.05.15	03:14:28.316		0.78441			4
2026.05.15	03:14:30.419		0.78440			4
2026.05.15	03:14:32.444		0.78442			4
2026.05.15	03:14:32.744		0.78441			4
2026.05.15	03:14:34.368		0.78442			4
2026.05.15	03:14:48.687		0.78441			4
2026.05.15	03:14:50.685		0.78442			4
2026.05.15	03:14:54.130		0.78441			4
2026.05.15	03:14:54.732		0.78442			4
2026.05.15	03:14:59.700		0.78441			4
2026.05.15	03:15:00.005	0.78438				2
2026.05.15	03:15:00.907	0.78436	0.78439			6
2026.05.15	03:15:01.207	0.78437	0.78440			6
2026.05.15	03:15:02.108	0.78434	0.78438			6
2026.05.15	03:15:02.713	0.78433	0.78435			6
2026.05.15	03:15:03.010	0.78431				2
2026.05.15	03:15:03.319	0.78428	0.78431			6
2026.05.15	03:15:03.615		0.78432			4
2026.05.15	03:15:03.914	0.78429	0.78433			6
2026.05.15	03:15:04.214		0.78434			4
2026.05.15	03:15:04.514		0.78433			4
2026.05.15	03:15:05.715		0.78434			4
2026.05.15	03:15:07.372		0.78433			4
2026.05.15	03:15:07.672		0.78432			4
2026.05.15	03:15:14.185		0.78431			4
2026.05.15	03:15:14.787	0.78425	0.78429			6
2026.05.15	03:15:15.387	0.78424	0.78427			6
2026.05.15	03:15:15.987	0.78422	0.78426			6
2026.05.15	03:15:16.890	0.78419	0.78423			6
2026.05.15	03:15:17.192	0.78416	0.78421			6
2026.05.15	03:15:17.489	0.78419	0.78423			6
2026.05.15	03:15:18.090		0.78424			4
2026.05.15	03:15:18.992	0.78421	0.78425			6
2026.05.15	03:15:19.293	0.78423	0.78428			6
2026.05.15	03:15:19.592	0.78425	0.78429			6
2026.05.15	03:15:20.493		0.78428			4
2026.05.15	03:15:20.792		0.78427			4
2026.05.15	03:15:21.094	0.78422	0.78425			6
2026.05.15	03:15:21.393		0.78426			4
2026.05.15	03:15:25.794		0.78427			4
2026.05.15	03:15:26.093		0.78426			4
2026.05.15	03:15:26.695		0.78427			4
2026.05.15	03:15:27.295	0.78424				2
2026.05.15	03:15:29.714		0.78426			4
2026.05.15	03:15:30.014	0.78422				2
2026.05.15	03:15:35.738	0.78421	0.78424			6
2026.05.15	03:15:36.038		0.78425			4
2026.05.15	03:15:36.338		0.78426			4
2026.05.15	03:15:36.640		0.78424			4
2026.05.15	03:15:37.239	0.78420				2
2026.05.15	03:15:37.841	0.78422	0.78426			6
2026.05.15	03:15:42.846		0.78427			4
2026.05.15	03:15:43.148		0.78425			4
2026.05.15	03:15:44.652	0.78423	0.78426			6
2026.05.15	03:15:46.153		0.78427			4
2026.05.15	03:15:47.054	0.78424	0.78428			6
2026.05.15	03:15:47.353		0.78429			4
2026.05.15	03:15:51.536		0.78428			4
2026.05.15	03:15:53.106		0.78429			4
2026.05.15	03:16:00.057	0.78424				2
2026.05.15	03:16:01.257	0.78425				2
2026.05.15	03:16:02.459	0.78424				2
2026.05.15	03:16:03.362	0.78425				2
2026.05.15	03:16:15.259	0.78427	0.78432			6
2026.05.15	03:16:16.481	0.78429	0.78433			6
2026.05.15	03:16:40.750		0.78434			4
2026.05.15	03:16:41.050		0.78433			4
2026.05.15	03:16:41.950		0.78434			4
2026.05.15	03:16:43.757	0.78430				2
2026.05.15	03:16:44.059	0.78429				2
2026.05.15	03:16:44.658		0.78433			4
2026.05.15	03:16:46.515		0.78434			4
2026.05.15	03:16:46.817		0.78433			4
2026.05.15	03:16:47.419		0.78434			4
2026.05.15	03:16:48.319		0.78433			4
2026.05.15	03:16:51.218	0.78428	0.78432			6
2026.05.15	03:16:51.822	0.78427	0.78431			6
2026.05.15	03:16:52.119		0.78432			4
2026.05.15	03:16:53.322		0.78430			4
2026.05.15	03:16:55.496	0.78426	0.78429			6
2026.05.15	03:16:58.040		0.78427			4
2026.05.15	03:16:58.941		0.78430			4
2026.05.15	03:16:59.241		0.78427			4
2026.05.15	03:17:00.144	0.78426	0.78430			6
2026.05.15	03:17:03.766	0.78427				2
2026.05.15	03:17:10.571		0.78431			4
2026.05.15	03:17:11.585	0.78428	0.78432			6
2026.05.15	03:17:18.024	0.78427	0.78431			6
2026.05.15	03:17:22.485		0.78432			4
2026.05.15	03:17:23.086		0.78433			4
2026.05.15	03:17:23.386		0.78432			4
2026.05.15	03:17:23.986		0.78431			4
2026.05.15	03:17:27.342		0.78430			4
2026.05.15	03:17:27.642		0.78433			4
2026.05.15	03:17:29.395		0.78432			4
2026.05.15	03:17:30.842	0.78428				2
2026.05.15	03:17:33.972	0.78425	0.78429			6
2026.05.15	03:17:34.272		0.78430			4
2026.05.15	03:17:38.381		0.78429			4
2026.05.15	03:17:39.050		0.78430			4
2026.05.15	03:17:40.558		0.78429			4
2026.05.15	03:17:40.859		0.78430			4
2026.05.15	03:17:41.323		0.78429			4
2026.05.15	03:17:42.332		0.78430			4
2026.05.15	03:17:45.610		0.78429			4
2026.05.15	03:17:46.373		0.78430			4
2026.05.15	03:17:47.110	0.78426	0.78431			6
2026.05.15	03:17:49.215	0.78428	0.78432			6
2026.05.15	03:17:50.248		0.78431			4
2026.05.15	03:17:51.763	0.78427				2
2026.05.15	03:17:52.064	0.78426	0.78430			6
2026.05.15	03:17:52.665	0.78424	0.78429			6
2026.05.15	03:17:54.172		0.78430			4
2026.05.15	03:17:56.845		0.78429			4
2026.05.15	03:17:59.045		0.78430			4
2026.05.15	03:18:00.271	0.78424				2
2026.05.15	03:18:00.571	0.78425				2
2026.05.15	03:18:01.472	0.78426				2
2026.05.15	03:18:01.771	0.78425				2
2026.05.15	03:18:03.245	0.78426				2
2026.05.15	03:18:03.544	0.78425				2
2026.05.15	03:18:10.376	0.78426				2
2026.05.15	03:18:12.315	0.78425				2
2026.05.15	03:18:13.518		0.78429			4
2026.05.15	03:18:14.946	0.78423	0.78427			6
2026.05.15	03:18:16.296	0.78424				2
2026.05.15	03:18:26.033		0.78428			4
2026.05.15	03:18:26.934		0.78427			4
2026.05.15	03:18:27.535		0.78429			4
2026.05.15	03:18:29.036		0.78430			4
2026.05.15	03:18:34.557		0.78429			4
2026.05.15	03:18:36.075		0.78430			4
2026.05.15	03:18:40.521	0.78425				2
2026.05.15	03:18:41.125	0.78424	0.78427			6
2026.05.15	03:18:42.322	0.78422	0.78426			6
2026.05.15	03:18:43.523	0.78420	0.78425			6
2026.05.15	03:18:43.823	0.78422	0.78427			6
2026.05.15	03:18:46.905	0.78424	0.78428			6
2026.05.15	03:18:47.806		0.78427			4
2026.05.15	03:18:48.411	0.78422				2
2026.05.15	03:18:48.710	0.78424				2
2026.05.15	03:18:50.630		0.78429			4
2026.05.15	03:18:50.930		0.78427			4
2026.05.15	03:18:54.393	0.78425	0.78430			6
2026.05.15	03:19:00.114	0.78425				2
2026.05.15	03:19:08.189	0.78423	0.78427			6
2026.05.15	03:19:15.897		0.78426			4
2026.05.15	03:19:19.202		0.78427			4
2026.05.15	03:19:21.515		0.78426			4
2026.05.15	03:19:31.492		0.78427			4
2026.05.15	03:19:40.195		0.78426			4
2026.05.15	03:19:52.757		0.78427			4
2026.05.15	03:19:53.057		0.78426			4
2026.05.15	03:19:54.872		0.78427			4
2026.05.15	03:20:00.161	0.78424				2
2026.05.15	03:20:02.082		0.78428			4
2026.05.15	03:20:02.682	0.78425				2
2026.05.15	03:20:03.282		0.78427			4
2026.05.15	03:20:07.505		0.78428			4
2026.05.15	03:20:08.407		0.78429			4
2026.05.15	03:20:08.710	0.78427	0.78430			6
2026.05.15	03:20:25.268		0.78431			4
2026.05.15	03:20:29.812	0.78428	0.78432			6
2026.05.15	03:20:30.412		0.78433			4
2026.05.15	03:20:31.023	0.78429				2
2026.05.15	03:20:31.917		0.78432			4
2026.05.15	03:20:32.220		0.78433			4
2026.05.15	03:20:35.916		0.78432			4
2026.05.15	03:20:40.569		0.78433			4
2026.05.15	03:20:41.799		0.78434			4
2026.05.15	03:20:43.515	0.78430	0.78435			6
2026.05.15	03:20:47.424	0.78429	0.78433			6
2026.05.15	03:20:47.722		0.78434			4
2026.05.15	03:20:53.851		0.78433			4
2026.05.15	03:21:00.282	0.78429				2
2026.05.15	03:21:02.320		0.78434			4
2026.05.15	03:21:02.620	0.78431	0.78435			6
2026.05.15	03:21:03.532	0.78433				2
2026.05.15	03:21:03.832	0.78432				2
2026.05.15	03:21:04.432		0.78436			4
2026.05.15	03:21:06.386		0.78435			4
2026.05.15	03:21:10.326		0.78436			4
2026.05.15	03:21:10.987		0.78435			4
2026.05.15	03:21:14.008		0.78436			4
2026.05.15	03:21:14.308		0.78435			4
2026.05.15	03:21:17.256		0.78436			4
2026.05.15	03:21:18.016		0.78435			4
2026.05.15	03:21:30.781	0.78431				2
2026.05.15	03:21:31.085	0.78430	0.78432			6
2026.05.15	03:21:31.684		0.78433			4
2026.05.15	03:21:37.306	0.78426	0.78429			6
2026.05.15	03:21:37.604	0.78425	0.78427			6
2026.05.15	03:21:37.904		0.78429			4
2026.05.15	03:21:43.740		0.78430			4
2026.05.15	03:21:45.523	0.78426				2
2026.05.15	03:21:51.817	0.78428	0.78432			6
2026.05.15	03:21:52.117		0.78433			4
2026.05.15	03:21:53.564	0.78430				2
2026.05.15	03:21:56.797		0.78432			4
2026.05.15	03:21:59.048		0.78433			4
2026.05.15	03:22:00.224	0.78430				2
2026.05.15	03:22:01.221	0.78429				2
2026.05.15	03:22:16.196		0.78430			4
2026.05.15	03:22:16.497		0.78433			4
2026.05.15	03:22:19.357	0.78430	0.78435			6
2026.05.15	03:22:22.731	0.78433	0.78438			6
2026.05.15	03:22:23.028	0.78434				2
2026.05.15	03:22:32.289	0.78435				2
2026.05.15	03:22:36.047		0.78439			4
2026.05.15	03:22:37.177		0.78437			4
2026.05.15	03:22:38.529		0.78438			4
2026.05.15	03:22:42.539	0.78434	0.78437			6
2026.05.15	03:22:43.525		0.78438			4
2026.05.15	03:22:46.757		0.78437			4
2026.05.15	03:22:48.964		0.78438			4
2026.05.15	03:22:50.166		0.78437			4
2026.05.15	03:22:51.757		0.78438			4
2026.05.15	03:22:52.663	0.78435	0.78439			6
2026.05.15	03:22:53.561	0.78434				2
2026.05.15	03:22:53.862		0.78440			4
2026.05.15	03:22:54.463	0.78435				2
2026.05.15	03:22:54.763	0.78434				2
2026.05.15	03:22:55.063	0.78435				2
2026.05.15	03:22:55.363	0.78434				2
2026.05.15	03:22:56.265		0.78439			4
2026.05.15	03:23:00.250	0.78434				2
2026.05.15	03:23:15.365		0.78438			4
2026.05.15	03:23:18.596		0.78439			4
2026.05.15	03:23:20.182		0.78438			4
2026.05.15	03:23:23.956		0.78439			4
2026.05.15	03:23:32.645		0.78438			4
2026.05.15	03:23:35.046		0.78439			4
2026.05.15	03:23:35.405		0.78438			4
2026.05.15	03:23:38.644		0.78439			4
2026.05.15	03:23:38.945		0.78438			4
2026.05.15	03:23:40.441		0.78439			4
2026.05.15	03:23:43.069		0.78438			4
2026.05.15	03:23:43.670	0.78433	0.78436			6
2026.05.15	03:23:46.161	0.78434				2
2026.05.15	03:23:46.460	0.78433				2
2026.05.15	03:24:00.284	0.78433				2
2026.05.15	03:24:34.519	0.78431	0.78435			6
2026.05.15	03:24:35.122		0.78436			4
2026.05.15	03:24:36.323		0.78435			4
2026.05.15	03:24:37.529		0.78436			4
2026.05.15	03:24:43.378	0.78432				2
2026.05.15	03:24:44.773	0.78431				2
2026.05.15	03:24:53.134		0.78435			4
2026.05.15	03:24:53.437		0.78436			4
2026.05.15	03:24:55.921		0.78435			4
2026.05.15	03:25:00.100	0.78431				2
2026.05.15	03:25:02.335		0.78436			4
2026.05.15	03:25:02.638	0.78432	0.78437			6
2026.05.15	03:25:02.936		0.78436			4
2026.05.15	03:25:06.395	0.78431				2
2026.05.15	03:25:09.258	0.78432	0.78438			6
2026.05.15	03:25:09.557		0.78437			4
2026.05.15	03:25:09.858		0.78436			4
2026.05.15	03:25:10.976		0.78435			4
2026.05.15	03:25:11.878	0.78434	0.78436			6
2026.05.15	03:25:12.478	0.78433	0.78437			6
2026.05.15	03:25:13.078	0.78435	0.78439			6
2026.05.15	03:25:13.379	0.78434				2
2026.05.15	03:25:13.679	0.78433				2
2026.05.15	03:25:14.279	0.78434				2
2026.05.15	03:25:17.500		0.78440			4
2026.05.15	03:25:17.800		0.78439			4
2026.05.15	03:25:18.104	0.78436	0.78441			6
2026.05.15	03:25:18.401		0.78440			4
2026.05.15	03:25:18.707		0.78441			4
2026.05.15	03:25:19.003	0.78437	0.78442			6
2026.05.15	03:25:19.305	0.78439				2
2026.05.15	03:25:19.606		0.78443			4
2026.05.15	03:25:19.903	0.78440				2
2026.05.15	03:25:20.507		0.78444			4
2026.05.15	03:25:21.710	0.78443	0.78447			6
2026.05.15	03:25:22.008	0.78442	0.78444			6
2026.05.15	03:25:22.308	0.78439				2
2026.05.15	03:25:24.409	0.78440				2
2026.05.15	03:25:26.212		0.78445			4
