<DATE>	<TIME>	<BID>	<ASK>	<LAST>	<VOLUME>	<FLAGS>
2026.03.20	00:03:30.682	0.78798	0.78832			6
2026.03.20	00:04:00.172	0.78798				2
2026.03.20	00:04:15.919	0.78800	0.78830			6
2026.03.20	00:05:03.826	0.78800				2
2026.03.20	00:05:05.562		0.78829			4
2026.03.20	00:05:07.762	0.78803	0.78830			6
2026.03.20	00:05:08.262	0.78800	0.78829			6
2026.03.20	00:06:01.056	0.78800				2
2026.03.20	00:06:11.056		0.78829			4
2026.03.20	00:07:01.057	0.78800				2
2026.03.20	00:07:13.830		0.78829			4
2026.03.20	00:08:05.410	0.78800				2
2026.03.20	00:08:21.138		0.78829			4
2026.03.20	00:09:11.056	0.78800				2
2026.03.20	00:09:24.282		0.78829			4
2026.03.20	00:10:00.073	0.78800	0.78830			6
2026.03.20	00:10:00.373	0.78802				2
2026.03.20	00:10:01.242	0.78803				2
2026.03.20	00:10:10.311	0.78823	0.78882			6
2026.03.20	00:11:00.292	0.78823				2
2026.03.20	00:11:04.199	0.78798	0.78832			6
2026.03.20	00:11:05.089	0.78803	0.78830			6
2026.03.20	00:11:28.154	0.78802				2
2026.03.20	00:11:30.255	0.78803				2
2026.03.20	00:11:57.249		0.78832			4
2026.03.20	00:12:01.143	0.78803				2
2026.03.20	00:12:40.938		0.78834			4
2026.03.20	00:12:41.239	0.78802				2
2026.03.20	00:12:52.454	0.78803				2
2026.03.20	00:12:58.456	0.78802				2
2026.03.20	00:13:12.255	0.78802				2
2026.03.20	00:13:15.523		0.78832			4
2026.03.20	00:13:20.955	0.78803				2
2026.03.20	00:13:43.453		0.78834			4
2026.03.20	00:13:44.460		0.78832			4
2026.03.20	00:13:53.525	0.78805				2
2026.03.20	00:14:03.255	0.78806				2
2026.03.20	00:14:04.102		0.78833			4
2026.03.20	00:14:07.154	0.78805				2
2026.03.20	00:14:08.263		0.78831			4
2026.03.20	00:14:14.303	0.78803				2
2026.03.20	00:14:15.461		0.78833			4
2026.03.20	00:14:18.590	0.78804				2
2026.03.20	00:14:18.892	0.78805				2
2026.03.20	00:14:19.755	0.78806				2
2026.03.20	00:14:49.922		0.78834			4
2026.03.20	00:15:00.006	0.78806				2
2026.03.20	00:15:04.467	0.78807				2
2026.03.20	00:15:20.485		0.78829			4
2026.03.20	00:15:20.786	0.78813	0.78831			6
2026.03.20	00:15:28.686	0.78811				2
2026.03.20	00:15:32.055	0.78810				2
2026.03.20	00:15:35.194	0.78811				2
2026.03.20	00:15:46.455	0.78812				2
2026.03.20	00:15:51.245	0.78813				2
2026.03.20	00:16:03.856	0.78813				2
2026.03.20	00:16:16.845	0.78814				2
2026.03.20	00:16:20.486		0.78832			4
2026.03.20	00:16:23.209	0.78820				2
2026.03.20	00:16:39.555	0.78819				2
2026.03.20	00:16:40.748	0.78809				2
2026.03.20	00:16:48.479	0.78808				2
2026.03.20	00:17:00.255	0.78808				2
2026.03.20	00:17:16.630	0.78809				2
2026.03.20	00:17:22.114		0.78832			4
2026.03.20	00:17:26.881	0.78807				2
2026.03.20	00:18:00.942	0.78808				2
2026.03.20	00:18:23.186	0.78807	0.78832			6
2026.03.20	00:19:00.487	0.78807				2
2026.03.20	00:19:12.256	0.78808				2
2026.03.20	00:19:34.455		0.78832			4
2026.03.20	00:20:00.172	0.78808				2
2026.03.20	00:20:28.898	0.78807				2
2026.03.20	00:20:30.402		0.78830			4
2026.03.20	00:21:00.172	0.78807				2
2026.03.20	00:21:30.555		0.78830			4
2026.03.20	00:21:46.472	0.78806				2
2026.03.20	00:22:06.353	0.78802				2
2026.03.20	00:22:37.969		0.78830			4
2026.03.20	00:23:01.282	0.78802				2
2026.03.20	00:23:21.197	0.78801				2
2026.03.20	00:23:35.793	0.78804				2
2026.03.20	00:23:43.870		0.78830			4
2026.03.20	00:24:00.011	0.78804				2
2026.03.20	00:24:45.558		0.78830			4
2026.03.20	00:25:02.655	0.78804				2
2026.03.20	00:25:02.955	0.78801				2
2026.03.20	00:25:13.387	0.78800				2
2026.03.20	00:25:16.630		0.78832			4
2026.03.20	00:25:16.931	0.78802				2
2026.03.20	00:25:21.855	0.78803				2
2026.03.20	00:25:43.419	0.78804				2
2026.03.20	00:25:45.167		0.78829			4
2026.03.20	00:25:45.472	0.78802				2
2026.03.20	00:25:49.455	0.78803				2
2026.03.20	00:26:05.168	0.78803				2
2026.03.20	00:26:05.736		0.78831			4
2026.03.20	00:26:06.038	0.78807				2
2026.03.20	00:26:11.101		0.78833			4
2026.03.20	00:26:27.529	0.78809				2
2026.03.20	00:26:28.887		0.78831			4
2026.03.20	00:26:29.191	0.78807				2
2026.03.20	00:26:31.034		0.78829			4
2026.03.20	00:26:43.011	0.78804				2
2026.03.20	00:27:03.555	0.78804				2
2026.03.20	00:27:33.150		0.78833			4
2026.03.20	00:27:45.332	0.78803				2
2026.03.20	00:27:54.840	0.78802				2
2026.03.20	00:28:02.401	0.78802				2
2026.03.20	00:28:28.418	0.78803				2
2026.03.20	00:28:44.589		0.78833			4
2026.03.20	00:28:48.511	0.78802				2
2026.03.20	00:28:59.355	0.78803				2
2026.03.20	00:29:06.554	0.78803				2
2026.03.20	00:29:38.095	0.78802				2
2026.03.20	00:29:38.396	0.78803				2
2026.03.20	00:29:48.346		0.78833			4
2026.03.20	00:29:48.648	0.78801				2
2026.03.20	00:29:53.397	0.78804				2
2026.03.20	00:30:00.217	0.78804				2
2026.03.20	00:30:03.462	0.78803				2
2026.03.20	00:30:04.893	0.78805				2
2026.03.20	00:30:08.125	0.78803				2
2026.03.20	00:30:43.844	0.78805				2
2026.03.20	00:30:44.144	0.78806				2
2026.03.20	00:30:48.559		0.78833			4
2026.03.20	00:30:48.860	0.78805				2
2026.03.20	00:31:03.467	0.78805				2
2026.03.20	00:31:10.822	0.78806				2
2026.03.20	00:31:17.558	0.78804				2
2026.03.20	00:31:33.911	0.78802				2
2026.03.20	00:31:40.726	0.78803				2
2026.03.20	00:31:41.501	0.78802				2
2026.03.20	00:31:45.153	0.78801				2
2026.03.20	00:31:45.453	0.78802				2
2026.03.20	00:31:50.581		0.78833			4
2026.03.20	00:31:52.953	0.78801				2
2026.03.20	00:31:54.805	0.78800				2
2026.03.20	00:32:01.041	0.78800				2
2026.03.20	00:32:06.591	0.78801				2
2026.03.20	00:32:07.866	0.78802				2
2026.03.20	00:32:09.143	0.78803				2
2026.03.20	00:32:09.446	0.78804				2
2026.03.20	00:32:13.276	0.78806				2
2026.03.20	00:32:22.803	0.78804				2
2026.03.20	00:32:36.254	0.78803				2
2026.03.20	00:32:52.818		0.78833			4
2026.03.20	00:32:58.400	0.78806				2
2026.03.20	00:33:00.260	0.78806				2
2026.03.20	00:33:13.422	0.78805				2
2026.03.20	00:33:14.482	0.78804				2
2026.03.20	00:33:42.142	0.78808				2
2026.03.20	00:33:42.443	0.78804	0.78819			6
2026.03.20	00:33:42.747	0.78808	0.78833			6
2026.03.20	00:33:43.047	0.78804	0.78819			6
2026.03.20	00:33:43.347	0.78808	0.78833			6
2026.03.20	00:33:43.647	0.78804	0.78819			6
2026.03.20	00:33:43.975	0.78808	0.78833			6
2026.03.20	00:33:44.278	0.78804	0.78819			6
2026.03.20	00:33:44.579	0.78808	0.78833			6
2026.03.20	00:33:44.878	0.78804	0.78819			6
2026.03.20	00:33:45.184	0.78808	0.78833			6
2026.03.20	00:33:45.485	0.78804	0.78819			6
2026.03.20	00:33:45.785		0.78833			4
2026.03.20	00:34:03.752	0.78804				2
2026.03.20	00:34:12.886	0.78803				2
2026.03.20	00:34:17.675	0.78802				2
2026.03.20	00:34:46.044		0.78833			4
2026.03.20	00:35:01.830	0.78802				2
2026.03.20	00:35:02.131	0.78801				2
2026.03.20	00:35:12.148	0.78803				2
2026.03.20	00:35:17.131	0.78799				2
2026.03.20	00:35:27.361	0.78801				2
2026.03.20	00:35:27.951	0.78799				2
2026.03.20	00:35:46.686		0.78833			4
2026.03.20	00:35:49.797	0.78802				2
2026.03.20	00:35:50.096	0.78803				2
2026.03.20	00:35:53.954	0.78802				2
2026.03.20	00:36:05.356	0.78802				2
2026.03.20	00:36:11.284	0.78801				2
2026.03.20	00:36:13.756	0.78802				2
2026.03.20	00:36:16.331		0.78829			4
2026.03.20	00:36:28.454	0.78801				2
2026.03.20	00:36:36.855	0.78802				2
2026.03.20	00:36:48.854	0.78801				2
2026.03.20	00:36:53.656	0.78802				2
2026.03.20	00:37:00.175	0.78802				2
2026.03.20	00:37:13.525	0.78801				2
2026.03.20	00:37:16.631		0.78829			4
2026.03.20	00:38:00.174	0.78801				2
2026.03.20	00:38:07.168	0.78802				2
2026.03.20	00:38:12.555	0.78801				2
2026.03.20	00:38:21.057		0.78829			4
2026.03.20	00:38:34.454	0.78802				2
2026.03.20	00:38:43.338	0.78801				2
2026.03.20	00:38:55.704	0.78802				2
2026.03.20	00:39:02.504	0.78801				2
2026.03.20	00:39:05.956	0.78802				2
2026.03.20	00:39:21.139		0.78829			4
2026.03.20	00:39:34.455	0.78801				2
2026.03.20	00:39:43.155	0.78802				2
2026.03.20	00:39:48.855	0.78801				2
2026.03.20	00:39:58.454	0.78802				2
2026.03.20	00:39:59.787	0.78801				2
2026.03.20	00:40:05.655	0.78802				2
2026.03.20	00:40:13.758	0.78801				2
2026.03.20	00:40:30.173		0.78829			4
2026.03.20	00:41:04.848	0.78803				2
2026.03.20	00:41:22.117	0.78801				2
2026.03.20	00:41:31.820		0.78828			4
2026.03.20	00:41:32.122	0.78802	0.78829			6
2026.03.20	00:41:34.293	0.78801				2
2026.03.20	00:41:43.405	0.78803				2
2026.03.20	00:41:43.706	0.78801				2
2026.03.20	00:42:04.229	0.78802				2
2026.03.20	00:42:04.529	0.78804				2
2026.03.20	00:42:25.807	0.78803				2
2026.03.20	00:42:41.039		0.78829			4
2026.03.20	00:42:52.512		0.78826			4
2026.03.20	00:42:53.012		0.78829			4
2026.03.20	00:42:55.011		0.78826			4
2026.03.20	00:42:55.512		0.78829			4
2026.03.20	00:43:01.054	0.78803				2
2026.03.20	00:43:56.012		0.78829			4
2026.03.20	00:44:00.093	0.78803				2
2026.03.20	00:44:15.255	0.78802				2
2026.03.20	00:44:23.003	0.78803				2
2026.03.20	00:44:28.455	0.78804				2
2026.03.20	00:44:30.406	0.78801				2
2026.03.20	00:44:30.706	0.78802				2
2026.03.20	00:44:36.296	0.78801				2
2026.03.20	00:44:46.376	0.78802				2
2026.03.20	00:44:55.202	0.78801				2
2026.03.20	00:45:03.032	0.78798	0.78832			6
2026.03.20	00:45:03.331	0.78808	0.78867			6
2026.03.20	00:45:06.639	0.78801	0.78829			6
2026.03.20	00:45:15.913	0.78800	0.78832			6
2026.03.20	00:45:46.735	0.78801				2
2026.03.20	00:45:58.097	0.78802				2
2026.03.20	00:46:00.291	0.78802				2
2026.03.20	00:46:07.685	0.78801				2
2026.03.20	00:46:16.459		0.78832			4
2026.03.20	00:46:30.854	0.78802				2
2026.03.20	00:46:49.454	0.78803				2
2026.03.20	00:46:58.570	0.78804				2
2026.03.20	00:47:00.174	0.78804				2
2026.03.20	00:47:03.063	0.78808	0.78867			6
2026.03.20	00:47:06.068	0.78804	0.78832			6
2026.03.20	00:47:07.910	0.78803				2
2026.03.20	00:47:15.821		0.78837			4
2026.03.20	00:47:35.460		0.78835			4
2026.03.20	00:47:43.683	0.78805				2
2026.03.20	00:47:46.846		0.78838			4
2026.03.20	00:47:47.147		0.78837			4
2026.03.20	00:47:50.677		0.78835			4
2026.03.20	00:47:52.911	0.78803				2
2026.03.20	00:47:58.463		0.78841			4
2026.03.20	00:47:59.272		0.78835			4
2026.03.20	00:47:59.771		0.78830			4
2026.03.20	00:48:00.272	0.78803	0.78841			6
2026.03.20	00:48:00.772		0.78835			4
2026.03.20	00:48:13.457	0.78804				2
2026.03.20	00:48:13.757	0.78805				2
2026.03.20	00:49:01.056	0.78805	0.78835			6
2026.03.20	00:49:37.687	0.78803				2
2026.03.20	00:49:47.860		0.78837			4
2026.03.20	00:49:51.596		0.78835			4
2026.03.20	00:50:00.855	0.78803				2
2026.03.20	00:50:07.989	0.78804				2
2026.03.20	00:50:08.292	0.78803				2
2026.03.20	00:50:16.983	0.78804	0.78836			6
2026.03.20	00:50:17.285		0.78835			4
2026.03.20	00:50:56.844	0.78805				2
2026.03.20	00:50:57.145	0.78806				2
2026.03.20	00:51:00.289	0.78806				2
2026.03.20	00:51:06.298	0.78804				2
2026.03.20	00:51:11.095		0.78837			4
2026.03.20	00:51:21.359		0.78835			4
2026.03.20	00:51:41.698	0.78805				2
2026.03.20	00:51:41.999	0.78806				2
2026.03.20	00:51:51.299	0.78804				2
2026.03.20	00:52:00.174	0.78804				2
2026.03.20	00:52:21.396		0.78835			4
2026.03.20	00:52:26.874		0.78830			4
2026.03.20	00:53:00.173	0.78804				2
2026.03.20	00:53:08.998	0.78806				2
2026.03.20	00:53:18.455	0.78805				2
2026.03.20	00:53:28.197		0.78830			4
2026.03.20	00:53:28.498	0.78804				2
2026.03.20	00:53:38.631	0.78805				2
2026.03.20	00:53:38.932	0.78806				2
2026.03.20	00:54:01.067	0.78806				2
2026.03.20	00:54:03.609	0.78804				2
2026.03.20	00:54:27.798		0.78835			4
2026.03.20	00:54:32.640		0.78837			4
2026.03.20	00:54:53.520	0.78805				2
2026.03.20	00:54:53.824	0.78806				2
2026.03.20	00:55:02.417	0.78806	0.78838			6
2026.03.20	00:55:02.716		0.78837			4
2026.03.20	00:55:03.017		0.78836			4
2026.03.20	00:55:03.455	0.78805				2
2026.03.20	00:55:04.073		0.78837			4
2026.03.20	00:55:04.675		0.78836			4
2026.03.20	00:55:07.809	0.78804	0.78838			6
2026.03.20	00:55:09.199	0.78800	0.78843			6
2026.03.20	00:55:09.499	0.78804	0.78836			6
2026.03.20	00:55:14.947		0.78835			4
2026.03.20	00:55:42.600	0.78805	0.78838			6
2026.03.20	00:55:42.899		0.78839			4
2026.03.20	00:56:00.043	0.78805				2
2026.03.20	00:56:03.649	0.78804				2
2026.03.20	00:56:07.263	0.78805				2
2026.03.20	00:56:11.178		0.78838			4
2026.03.20	00:56:21.422		0.78836			4
2026.03.20	00:56:23.836	0.78806				2
2026.03.20	00:56:46.700	0.78805				2
2026.03.20	00:56:48.805		0.78838			4
2026.03.20	00:56:49.708	0.78806	0.78839			6
2026.03.20	00:56:50.009		0.78836			4
2026.03.20	00:56:50.911		0.78838			4
2026.03.20	00:56:51.814	0.78800	0.78835			6
2026.03.20	00:56:52.117	0.78804	0.78849			6
2026.03.20	00:56:53.317	0.78800	0.78845			6
2026.03.20	00:56:54.523	0.78802	0.78848			6
2026.03.20	00:56:54.821		0.78836			4
2026.03.20	00:56:55.722	0.78806	0.78837			6
2026.03.20	00:56:56.021	0.78805				2
2026.03.20	00:56:56.323		0.78835			4
2026.03.20	00:56:56.924	0.78806				2
2026.03.20	00:56:57.223	0.78805				2
2026.03.20	00:56:57.825		0.78837			4
2026.03.20	00:56:58.425	0.78806				2
2026.03.20	00:57:00.233	0.78806				2
2026.03.20	00:57:01.433		0.78834			4
2026.03.20	00:57:05.343		0.78835			4
2026.03.20	00:57:05.938	0.78805	0.78834			6
2026.03.20	00:57:07.741		0.78835			4
2026.03.20	00:57:08.940		0.78834			4
2026.03.20	00:57:09.541	0.78804				2
2026.03.20	00:57:12.244		0.78835			4
2026.03.20	00:57:13.144	0.78806				2
2026.03.20	00:57:13.745		0.78834			4
2026.03.20	00:57:14.344		0.78835			4
2026.03.20	00:57:14.946		0.78834			4
2026.03.20	00:57:15.248		0.78835			4
2026.03.20	00:57:16.757		0.78834			4
2026.03.20	00:57:17.354		0.78835			4
2026.03.20	00:57:17.954		0.78834			4
2026.03.20	00:57:18.258		0.78835			4
2026.03.20	00:57:18.857		0.78834			4
2026.03.20	00:57:19.456		0.78835			4
2026.03.20	00:57:20.659		0.78834			4
2026.03.20	00:57:24.860		0.78835			4
2026.03.20	00:57:26.366		0.78834			4
2026.03.20	00:57:26.665		0.78835			4
2026.03.20	00:57:27.866		0.78834			4
2026.03.20	00:57:29.969	0.78805				2
2026.03.20	00:57:30.869		0.78835			4
2026.03.20	00:57:34.770		0.78834			4
2026.03.20	00:57:43.195	0.78806				2
2026.03.20	00:57:52.818	0.78804				2
2026.03.20	00:58:00.039	0.78804				2
2026.03.20	00:58:02.441	0.78805				2
2026.03.20	00:58:05.447	0.78825	0.78835			6
2026.03.20	00:58:05.749	0.78798	0.78890			6
2026.03.20	00:58:06.653	0.78801				2
2026.03.20	00:58:07.859		0.78889			4
2026.03.20	00:59:00.216	0.78801				2
2026.03.20	00:59:08.035		0.78889			4
2026.03.20	00:59:58.251	0.78776	0.78912			6
2026.03.20	00:59:58.855	0.78775				2
2026.03.20	00:59:59.758	0.78773				2
2026.03.20	01:00:00.059	0.78774				2
2026.03.20	01:00:00.361	0.78762				2
2026.03.20	01:00:00.661	0.78764				2
2026.03.20	01:00:00.961	0.78766				2
2026.03.20	01:00:01.568		0.78994			4
2026.03.20	01:00:01.864	0.78764	0.78957			6
2026.03.20	01:00:02.168	0.78765	0.78967			6
2026.03.20	01:00:02.464	0.78767	0.78867			6
2026.03.20	01:00:02.762	0.78768	0.78865			6
2026.03.20	01:00:03.361	0.78767	0.78875			6
2026.03.20	01:00:03.666	0.78757	0.78889			6
2026.03.20	01:00:03.961		0.78886			4
2026.03.20	01:00:04.265		0.78889			4
2026.03.20	01:00:04.562		0.78886			4
2026.03.20	01:00:04.867	0.78758	0.78889			6
2026.03.20	01:00:05.162		0.78885			4
2026.03.20	01:00:05.469	0.78761	0.78912			6
2026.03.20	01:00:05.768	0.78760	0.78882			6
2026.03.20	01:00:06.366	0.78750	0.78874			6
2026.03.20	01:00:07.271	0.78770	0.78855			6
2026.03.20	01:00:08.167	0.78779	0.78847			6
2026.03.20	01:00:08.471	0.78789				2
2026.03.20	01:00:08.766	0.78788				2
2026.03.20	01:00:09.669	0.78789				2
2026.03.20	01:00:11.173	0.78790	0.78849			6
2026.03.20	01:00:13.578		0.78856			4
2026.03.20	01:00:13.879		0.78852			4
2026.03.20	01:00:14.484		0.78855			4
2026.03.20	01:00:18.386		0.78856			4
2026.03.20	01:00:18.688		0.78853			4
2026.03.20	01:00:21.098		0.78852			4
2026.03.20	01:00:21.403		0.78848			4
2026.03.20	01:00:22.898	0.78789	0.78849			6
2026.03.20	01:00:23.499		0.78855			4
2026.03.20	01:00:24.400	0.78788	0.78856			6
2026.03.20	01:00:25.902	0.78789				2
2026.03.20	01:00:29.809		0.78852			4
2026.03.20	01:00:30.109		0.78856			4
2026.03.20	01:00:31.916	0.78784	0.78850			6
2026.03.20	01:00:32.212		0.78846			4
2026.03.20	01:00:34.014	0.78782	0.78847			6
2026.03.20	01:00:34.617	0.78783	0.78846			6
2026.03.20	01:00:35.514	0.78784				2
2026.03.20	01:00:37.016	0.78781	0.78839			6
2026.03.20	01:00:37.915	0.78782	0.78838			6
2026.03.20	01:00:43.926	0.78783	0.78846			6
2026.03.20	01:00:47.527	0.78782	0.78847			6
2026.03.20	01:00:47.828	0.78780	0.78845			6
2026.03.20	01:00:48.731	0.78781	0.78841			6
2026.03.20	01:00:49.029	0.78784	0.78840			6
2026.03.20	01:00:51.436	0.78783	0.78838			6
2026.03.20	01:00:52.332	0.78771	0.78839			6
2026.03.20	01:00:52.633		0.78837			4
2026.03.20	01:00:53.532		0.78853			4
2026.03.20	01:00:57.733	0.78775				2
2026.03.20	01:00:58.334	0.78773	0.78835			6
2026.03.20	01:00:59.236		0.78836			4
2026.03.20	01:00:59.537	0.78776	0.78834			6
2026.03.20	01:00:59.838	0.78773	0.78830			6
2026.03.20	01:01:00.143	0.78773				2
2026.03.20	01:01:00.743		0.78836			4
2026.03.20	01:01:01.037	0.78777	0.78831			6
2026.03.20	01:01:01.338	0.78771	0.78817			6
2026.03.20	01:01:01.938		0.78831			4
2026.03.20	01:01:02.239		0.78833			4
2026.03.20	01:01:02.840		0.78817			4
2026.03.20	01:01:03.741		0.78825			4
2026.03.20	01:01:04.039	0.78772	0.78832			6
2026.03.20	01:01:04.339	0.78771	0.78830			6
2026.03.20	01:01:04.641		0.78831			4
2026.03.20	01:01:04.940	0.78770	0.78833			6
2026.03.20	01:01:05.239	0.78769	0.78834			6
2026.03.20	01:01:06.144		0.78832			4
2026.03.20	01:01:06.441		0.78836			4
2026.03.20	01:01:06.746		0.78832			4
2026.03.20	01:01:07.045		0.78837			4
2026.03.20	01:01:07.347		0.78831			4
2026.03.20	01:01:07.945		0.78830			4
2026.03.20	01:01:08.243	0.78772	0.78822			6
2026.03.20	01:01:12.147		0.78821			4
2026.03.20	01:01:15.750	0.78770	0.78819			6
2026.03.20	01:01:16.352	0.78768				2
2026.03.20	01:01:16.652	0.78767	0.78820			6
2026.03.20	01:01:16.956	0.78768				2
2026.03.20	01:01:18.154	0.78769				2
2026.03.20	01:01:19.656		0.78819			4
2026.03.20	01:01:25.662		0.78818			4
2026.03.20	01:01:25.962		0.78820			4
2026.03.20	01:01:27.160		0.78821			4
2026.03.20	01:01:30.166	0.78770				2
2026.03.20	01:01:35.869	0.78769				2
2026.03.20	01:01:37.070	0.78770				2
2026.03.20	01:01:42.179		0.78820			4
2026.03.20	01:01:47.588		0.78816			4
2026.03.20	01:01:51.791	0.78753	0.78804			6
2026.03.20	01:01:52.092	0.78750				2
2026.03.20	01:01:52.393		0.78808			4
2026.03.20	01:01:52.999	0.78749	0.78801			6
2026.03.20	01:01:53.600	0.78748	0.78799			6
2026.03.20	01:01:53.897	0.78744	0.78795			6
2026.03.20	01:01:54.200	0.78743				2
2026.03.20	01:01:54.499	0.78746	0.78796			6
2026.03.20	01:01:55.095		0.78794			4
2026.03.20	01:01:55.698	0.78747				2
2026.03.20	01:01:55.996	0.78748				2
2026.03.20	01:01:56.299	0.78747				2
2026.03.20	01:01:57.202		0.78795			4
2026.03.20	01:01:57.502		0.78793			4
2026.03.20	01:02:00.204	0.78746				2
2026.03.20	01:02:01.405	0.78744	0.78786			6
2026.03.20	01:02:02.600	0.78746				2
2026.03.20	01:02:03.504		0.78784			4
2026.03.20	01:02:06.810	0.78744				2
2026.03.20	01:02:11.618	0.78749				2
2026.03.20	01:02:14.620	0.78747				2
2026.03.20	01:02:20.333	0.78748				2
2026.03.20	01:02:35.051	0.78750				2
2026.03.20	01:02:35.352	0.78748				2
2026.03.20	01:02:36.851	0.78750				2
2026.03.20	01:02:37.153		0.78786			4
2026.03.20	01:02:37.448	0.78748	0.78784			6
2026.03.20	01:02:41.357		0.78786			4
2026.03.20	01:02:42.857	0.78747	0.78784			6
2026.03.20	01:02:44.366		0.78786			4
2026.03.20	01:02:45.865	0.78749				2
2026.03.20	01:02:46.465	0.78748				2
2026.03.20	01:02:49.168	0.78749				2
2026.03.20	01:02:52.174		0.78784			4
2026.03.20	01:02:52.478		0.78786			4
2026.03.20	01:02:53.680		0.78785			4
2026.03.20	01:02:56.685		0.78784			4
2026.03.20	01:02:58.186	0.78748				2
2026.03.20	01:02:58.492		0.78785			4
2026.03.20	01:02:59.692	0.78749				2
2026.03.20	01:03:00.291	0.78749				2
2026.03.20	01:03:02.397		0.78784			4
2026.03.20	01:03:04.201		0.78783			4
2026.03.20	01:03:06.004		0.78785			4
2026.03.20	01:03:06.303	0.78751				2
2026.03.20	01:03:06.902	0.78750				2
2026.03.20	01:03:07.809	0.78751	0.78783			6
2026.03.20	01:03:08.109	0.78750				2
2026.03.20	01:03:09.612	0.78751				2
2026.03.20	01:03:27.337		0.78782			4
2026.03.20	01:03:27.937		0.78779			4
2026.03.20	01:03:30.340		0.78784			4
2026.03.20	01:03:30.639		0.78783			4
2026.03.20	01:03:33.644	0.78748				2
2026.03.20	01:03:33.946	0.78751				2
2026.03.20	01:03:37.543	0.78753	0.78795			6
2026.03.20	01:03:46.565	0.78752	0.78793			6
2026.03.20	01:03:50.466		0.78792			4
2026.03.20	01:03:56.485	0.78751	0.78788			6
2026.03.20	01:03:56.782	0.78752	0.78790			6
2026.03.20	01:03:59.492		0.78788			4
2026.03.20	01:03:59.796		0.78789			4
2026.03.20	01:04:00.097	0.78752				2
2026.03.20	01:04:00.396		0.78795			4
2026.03.20	01:04:00.698	0.78749	0.78788			6
2026.03.20	01:04:03.702	0.78748				2
2026.03.20	01:04:05.504	0.78749				2
2026.03.20	01:04:07.306	0.78740	0.78781			6
2026.03.20	01:04:07.603		0.78780			4
2026.03.20	01:04:07.905		0.78781			4
2026.03.20	01:04:08.205	0.78743	0.78778			6
2026.03.20	01:04:08.506	0.78741	0.78773			6
2026.03.20	01:04:10.907		0.78774			4
2026.03.20	01:04:11.504	0.78742				2
2026.03.20	01:04:13.610	0.78743	0.78775			6
2026.03.20	01:04:13.906		0.78774			4
2026.03.20	01:04:22.920	0.78745	0.78776			6
2026.03.20	01:04:23.224	0.78743				2
2026.03.20	01:04:23.824		0.78775			4
2026.03.20	01:04:27.733	0.78741				2
2026.03.20	01:04:38.237	0.78739				2
2026.03.20	01:04:39.442		0.78774			4
2026.03.20	01:04:46.654	0.78740				2
2026.03.20	01:04:48.457		0.78775			4
2026.03.20	01:04:48.758	0.78739				2
2026.03.20	01:04:49.061	0.78740				2
2026.03.20	01:04:53.869	0.78739				2
2026.03.20	01:04:58.371	0.78740				2
2026.03.20	01:05:00.182	0.78745	0.78777			6
2026.03.20	01:05:00.481	0.78755	0.78786			6
2026.03.20	01:05:00.775	0.78754	0.78787			6
2026.03.20	01:05:02.576	0.78753	0.78786			6
2026.03.20	01:05:02.879		0.78785			4
2026.03.20	01:05:03.178		0.78786			4
2026.03.20	01:05:07.691	0.78754	0.78785			6
2026.03.20	01:05:20.310		0.78784			4
2026.03.20	01:05:22.713	0.78753	0.78795			6
2026.03.20	01:05:23.014	0.78754				2
2026.03.20	01:05:23.316		0.78796			4
2026.03.20	01:05:24.812	0.78753	0.78793			6
2026.03.20	01:05:25.717		0.78792			4
2026.03.20	01:05:26.013	0.78752				2
2026.03.20	01:05:26.917		0.78791			4
2026.03.20	01:05:27.214		0.78790			4
2026.03.20	01:05:27.519		0.78792			4
2026.03.20	01:05:27.815		0.78791			4
2026.03.20	01:05:28.118		0.78792			4
2026.03.20	01:05:28.416		0.78791			4
2026.03.20	01:05:29.919	0.78751				2
2026.03.20	01:05:30.219		0.78792			4
2026.03.20	01:05:30.522		0.78794			4
2026.03.20	01:05:30.820	0.78752				2
2026.03.20	01:05:31.423	0.78751	0.78795			6
2026.03.20	01:05:31.723		0.78796			4
2026.03.20	01:05:32.323		0.78795			4
2026.03.20	01:05:33.223		0.78793			4
2026.03.20	01:05:33.522		0.78795			4
2026.03.20	01:05:33.824		0.78792			4
2026.03.20	01:05:34.127		0.78791			4
2026.03.20	01:05:35.930		0.78792			4
2026.03.20	01:05:36.526		0.78793			4
2026.03.20	01:05:42.843		0.78794			4
2026.03.20	01:05:44.043		0.78803			4
2026.03.20	01:05:45.542		0.78802			4
2026.03.20	01:05:46.442		0.78803			4
2026.03.20	01:05:47.343	0.78752				2
2026.03.20	01:05:48.544	0.78751	0.78801			6
2026.03.20	01:05:48.845		0.78793			4
2026.03.20	01:05:49.748		0.78794			4
2026.03.20	01:05:50.351		0.78793			4
2026.03.20	01:05:56.968		0.78794			4
2026.03.20	01:05:57.271		0.78793			4
2026.03.20	01:05:58.778		0.78813			4
2026.03.20	01:05:59.079	0.78758				2
2026.03.20	01:05:59.680	0.78752	0.78805			6
2026.03.20	01:05:59.984	0.78758	0.78813			6
2026.03.20	01:06:00.280	0.78751	0.78805			6
2026.03.20	01:06:00.585	0.78758	0.78813			6
2026.03.20	01:06:00.883	0.78751	0.78805			6
2026.03.20	01:06:01.186	0.78758	0.78813			6
2026.03.20	01:06:01.488	0.78751	0.78805			6
2026.03.20	01:06:01.791	0.78758	0.78813			6
2026.03.20	01:06:02.090	0.78751	0.78805			6
2026.03.20	01:06:02.389	0.78758	0.78814			6
2026.03.20	01:06:02.689		0.78812			4
2026.03.20	01:06:02.994	0.78751	0.78805			6
2026.03.20	01:06:03.292		0.78812			4
2026.03.20	01:06:03.896		0.78785			4
2026.03.20	01:06:06.301		0.78787			4
2026.03.20	01:06:06.902		0.78779			4
2026.03.20	01:06:07.202		0.78785			4
2026.03.20	01:06:09.304		0.78779			4
2026.03.20	01:06:09.904		0.78785			4
2026.03.20	01:06:10.805		0.78784			4
2026.03.20	01:06:13.505	0.78750				2
2026.03.20	01:06:21.316	0.78751				2
2026.03.20	01:06:24.925	0.78750				2
2026.03.20	01:06:34.836	0.78749				2
2026.03.20	01:06:43.249	0.78747	0.78782			6
2026.03.20	01:06:43.549	0.78748	0.78784			6
2026.03.20	01:06:44.152	0.78750				2
2026.03.20	01:06:51.965		0.78783			4
2026.03.20	01:06:55.576		0.78784			4
2026.03.20	01:06:57.686	0.78751				2
2026.03.20	01:06:58.585		0.78783			4
2026.03.20	01:06:59.493		0.78784			4
2026.03.20	01:07:00.096	0.78751				2
2026.03.20	01:07:03.704	0.78750				2
2026.03.20	01:07:11.525	0.78748				2
2026.03.20	01:07:13.327	0.78747				2
2026.03.20	01:07:14.229	0.78748				2
2026.03.20	01:07:15.431	0.78749				2
2026.03.20	01:07:27.739		0.78783			4
2026.03.20	01:07:35.244		0.78784			4
2026.03.20	01:07:36.448	0.78748				2
2026.03.20	01:07:38.555		0.78783			4
2026.03.20	01:07:52.098	0.78747				2
2026.03.20	01:08:00.214	0.78748				2
2026.03.20	01:08:01.114	0.78751				2
2026.03.20	01:08:01.413	0.78752				2
2026.03.20	01:08:05.620		0.78784			4
2026.03.20	01:08:07.125	0.78751				2
2026.03.20	01:08:08.024		0.78782			4
2026.03.20	01:08:12.834		0.78781			4
2026.03.20	01:08:15.535	0.78752				2
2026.03.20	01:08:18.241		0.78782			4
2026.03.20	01:08:19.444	0.78753				2
2026.03.20	01:08:19.743	0.78752				2
2026.03.20	01:08:23.950	0.78753				2
2026.03.20	01:08:24.257	0.78751				2
2026.03.20	01:08:24.855		0.78784			4
2026.03.20	01:08:25.759		0.78783			4
2026.03.20	01:08:27.262		0.78784			4
2026.03.20	01:08:29.666		0.78783			4
2026.03.20	01:08:31.165	0.78752	0.78794			6
2026.03.20	01:08:31.465	0.78753				2
2026.03.20	01:08:31.766	0.78752				2
2026.03.20	01:08:32.067	0.78753				2
2026.03.20	01:08:32.368		0.78795			4
2026.03.20	01:08:32.667		0.78794			4
2026.03.20	01:08:32.969	0.78752	0.78796			6
2026.03.20	01:08:33.272		0.78793			4
2026.03.20	01:08:33.879	0.78753	0.78792			6
2026.03.20	01:08:34.479	0.78754				2
2026.03.20	01:08:34.780		0.78793			4
2026.03.20	01:08:35.685	0.78753	0.78791			6
2026.03.20	01:08:35.984	0.78752	0.78793			6
2026.03.20	01:08:36.285		0.78792			4
2026.03.20	01:08:36.887		0.78794			4
2026.03.20	01:08:37.790		0.78795			4
2026.03.20	01:08:38.090	0.78753				2
2026.03.20	01:08:38.390	0.78752				2
2026.03.20	01:08:38.691	0.78751	0.78781			6
2026.03.20	01:08:41.698		0.78782			4
2026.03.20	01:08:48.906	0.78749	0.78783			6
2026.03.20	01:08:51.907		0.78781			4
2026.03.20	01:08:52.508		0.78782			4
2026.03.20	01:08:52.809		0.78784			4
2026.03.20	01:08:56.417	0.78750				2
2026.03.20	01:08:57.317	0.78751				2
2026.03.20	01:09:00.025	0.78751				2
2026.03.20	01:09:01.826	0.78749	0.78783			6
2026.03.20	01:09:02.123	0.78750	0.78782			6
2026.03.20	01:09:02.424	0.78749				2
2026.03.20	01:09:02.724	0.78750				2
2026.03.20	01:09:03.026		0.78783			4
2026.03.20	01:09:05.131		0.78782			4
2026.03.20	01:09:05.731	0.78751				2
2026.03.20	01:09:08.137	0.78752	0.78794			6
2026.03.20	01:09:08.434	0.78753	0.78792			6
2026.03.20	01:09:08.735		0.78781			4
2026.03.20	01:09:09.034	0.78752	0.78780			6
2026.03.20	01:09:09.336		0.78781			4
2026.03.20	01:09:11.439		0.78780			4
2026.03.20	01:09:12.040		0.78779			4
2026.03.20	01:09:19.553	0.78751				2
2026.03.20	01:09:19.853		0.78778			4
2026.03.20	01:09:21.655	0.78753	0.78779			6
2026.03.20	01:09:24.065		0.78780			4
2026.03.20	01:09:24.666	0.78751	0.78770			6
2026.03.20	01:09:24.965		0.78771			4
2026.03.20	01:09:28.571	0.78749	0.78770			6
2026.03.20	01:09:34.580	0.78750				2
2026.03.20	01:09:34.883	0.78751				2
2026.03.20	01:09:43.900	0.78752	0.78771			6
2026.03.20	01:09:46.004	0.78755	0.78774			6
2026.03.20	01:10:00.126	0.78755				2
2026.03.20	01:10:00.433	0.78756	0.78773			6
2026.03.20	01:10:00.732	0.78765	0.78782			6
2026.03.20	01:10:01.032	0.78766	0.78784			6
2026.03.20	01:10:01.927	0.78768	0.78785			6
2026.03.20	01:10:05.534	0.78767				2
2026.03.20	01:10:09.439	0.78768				2
2026.03.20	01:10:11.542	0.78767				2
2026.03.20	01:10:14.547	0.78768				2
2026.03.20	01:10:15.152	0.78767				2
2026.03.20	01:10:16.956	0.78766				2
2026.03.20	01:10:19.660	0.78767				2
2026.03.20	01:10:20.563	0.78766				2
2026.03.20	01:10:22.364	0.78767				2
2026.03.20	01:10:25.065	0.78768				2
2026.03.20	01:10:28.069	0.78769	0.78786			6
2026.03.20	01:10:31.379	0.78768				2
2026.03.20	01:10:36.201	0.78769	0.78787			6
2026.03.20	01:10:40.704	0.78768	0.78786			6
2026.03.20	01:10:43.712	0.78777	0.78796			6
2026.03.20	01:10:50.319		0.78795			4
2026.03.20	01:10:56.631	0.78776	0.78793			6
2026.03.20	01:11:00.235	0.78776				2
2026.03.20	01:11:01.136	0.78777				2
2026.03.20	01:11:27.322	0.78778	0.78794			6
2026.03.20	01:11:52.587	0.78777	0.78793			6
2026.03.20	01:11:59.809	0.78783	0.78799			6
2026.03.20	01:12:00.111	0.78783				2
2026.03.20	01:12:01.308	0.78784				2
2026.03.20	01:12:05.218	0.78785	0.78800			6
2026.03.20	01:12:05.514	0.78787	0.78802			6
2026.03.20	01:12:15.735	0.78785	0.78801			6
2026.03.20	01:12:17.840	0.78788	0.78803			6
2026.03.20	01:12:23.843	0.78786	0.78802			6
2026.03.20	01:12:29.862	0.78787	0.78803			6
2026.03.20	01:12:30.764	0.78790	0.78806			6
2026.03.20	01:12:40.094	0.78792	0.78808			6
2026.03.20	01:13:00.235	0.78792				2
2026.03.20	01:13:20.065	0.78793	0.78809			6
2026.03.20	01:13:35.703	0.78791	0.78806			6
2026.03.20	01:13:35.998	0.78789	0.78804			6
2026.03.20	01:13:41.108	0.78787				2
2026.03.20	01:13:51.320	0.78788	0.78805			6
2026.03.20	01:14:00.034	0.78788				2
2026.03.20	01:14:17.161	0.78789	0.78804			6
2026.03.20	01:14:19.263	0.78793	0.78809			6
2026.03.20	01:14:21.365		0.78808			4
2026.03.20	01:14:21.666		0.78809			4
2026.03.20	01:14:27.382		0.78808			4
2026.03.20	01:14:27.982		0.78809			4
2026.03.20	01:14:38.812	0.78787	0.78804			6
2026.03.20	01:14:39.110	0.78784	0.78801			6
2026.03.20	01:14:40.018	0.78778	0.78795			6
2026.03.20	01:14:43.015	0.78780	0.78796			6
2026.03.20	01:14:49.024	0.78778	0.78794			6
2026.03.20	01:14:49.625	0.78780	0.78795			6
2026.03.20	01:14:52.331	0.78782	0.78797			6
2026.03.20	01:14:52.633	0.78785	0.78800			6
2026.03.20	01:14:58.040	0.78784	0.78799			6
2026.03.20	01:14:59.246	0.78788	0.78803			6
2026.03.20	01:14:59.542	0.78789	0.78804			6
2026.03.20	01:14:59.843	0.78788	0.78803			6
2026.03.20	01:15:00.144	0.78788				2
2026.03.20	01:15:01.949	0.78787	0.78802			6
2026.03.20	01:15:05.252	0.78784	0.78800			6
2026.03.20	01:15:40.713		0.78799			4
2026.03.20	01:15:51.234		0.78800			4
2026.03.20	01:15:52.436		0.78799			4
2026.03.20	01:15:53.332		0.78800			4
2026.03.20	01:16:00.242	0.78784				2
2026.03.20	01:16:01.143		0.78799			4
2026.03.20	01:16:03.546	0.78786	0.78802			6
2026.03.20	01:16:17.068	0.78785	0.78800			6
2026.03.20	01:16:17.368	0.78784	0.78799			6
2026.03.20	01:16:20.972	0.78785	0.78800			6
2026.03.20	01:16:29.393	0.78782	0.78798			6
2026.03.20	01:16:33.305	0.78788	0.78804			6
2026.03.20	01:16:36.300	0.78789	0.78805			6
2026.03.20	01:16:36.601		0.78804			4
2026.03.20	01:16:37.200		0.78805			4
2026.03.20	01:16:38.400		0.78804			4
2026.03.20	01:16:38.704		0.78803			4
2026.03.20	01:16:39.002		0.78804			4
2026.03.20	01:16:39.305		0.78803			4
2026.03.20	01:16:39.602		0.78804			4
2026.03.20	01:16:41.715		0.78803			4
2026.03.20	01:16:42.318		0.78804			4
2026.03.20	01:16:45.620		0.78803			4
2026.03.20	01:16:47.125		0.78802			4
2026.03.20	01:16:47.427		0.78803			4
2026.03.20	01:16:48.332		0.78804			4
2026.03.20	01:16:48.636	0.78787	0.78802			6
2026.03.20	01:16:48.932	0.78789				2
2026.03.20	01:16:51.934	0.78788	0.78803			6
2026.03.20	01:16:57.339	0.78789	0.78802			6
2026.03.20	01:17:00.044	0.78789				2
2026.03.20	01:17:00.343		0.78803			4
2026.03.20	01:17:01.844	0.78788				2
2026.03.20	01:17:04.252		0.78802			4
2026.03.20	01:17:07.256	0.78789	0.78803			6
2026.03.20	01:17:10.562	0.78790	0.78804			6
2026.03.20	01:17:10.863		0.78803			4
2026.03.20	01:17:11.163		0.78804			4
2026.03.20	01:17:34.306		0.78802			4
2026.03.20	01:17:34.608		0.78803			4
2026.03.20	01:17:34.915	0.78794	0.78805			6
2026.03.20	01:17:35.211		0.78806			4
2026.03.20	01:17:37.318	0.78793				2
2026.03.20	01:17:38.517	0.78795	0.78808			6
2026.03.20	01:17:39.118		0.78807			4
2026.03.20	01:17:40.323	0.78794				2
2026.03.20	01:17:41.821	0.78795	0.78810			6
2026.03.20	01:17:43.322	0.78794				2
2026.03.20	01:17:43.625		0.78809			4
2026.03.20	01:17:44.224	0.78796	0.78810			6
2026.03.20	01:17:46.625	0.78794	0.78809			6
2026.03.20	01:18:00.166	0.78794				2
2026.03.20	01:18:05.281	0.78795	0.78810			6
2026.03.20	01:18:05.584	0.78796	0.78812			6
2026.03.20	01:18:05.887	0.78798	0.78813			6
2026.03.20	01:18:15.804	0.78800	0.78815			6
2026.03.20	01:18:16.706		0.78816			4
2026.03.20	01:18:17.006		0.78815			4
2026.03.20	01:18:17.306		0.78816			4
2026.03.20	01:18:18.809		0.78815			4
2026.03.20	01:18:19.112		0.78814			4
2026.03.20	01:18:19.408	0.78799				2
2026.03.20	01:18:27.830	0.78798	0.78813			6
2026.03.20	01:18:36.241	0.78801	0.78816			6
2026.03.20	01:18:52.769	0.78804	0.78819			6
2026.03.20	01:18:53.373		0.78818			4
2026.03.20	01:18:55.476		0.78819			4
2026.03.20	01:18:55.778	0.78802	0.78818			6
2026.03.20	01:18:58.186		0.78816			4
2026.03.20	01:18:58.483		0.78818			4
2026.03.20	01:18:59.085		0.78816			4
2026.03.20	01:18:59.385		0.78818			4
2026.03.20	01:19:00.283	0.78802				2
2026.03.20	01:19:08.104	0.78803				2
2026.03.20	01:19:10.504	0.78802	0.78817			6
2026.03.20	01:19:20.726		0.78816			4
2026.03.20	01:19:21.027		0.78817			4
2026.03.20	01:19:54.079	0.78803	0.78818			6
2026.03.20	01:19:58.289	0.78801	0.78816			6
2026.03.20	01:19:59.792	0.78800	0.78815			6
2026.03.20	01:20:00.098	0.78802	0.78817			6
2026.03.20	01:20:02.798	0.78800	0.78815			6
2026.03.20	01:20:03.101	0.78801	0.78816			6
2026.03.20	01:20:09.705	0.78800	0.78815			6
2026.03.20	01:20:10.005	0.78799	0.78814			6
2026.03.20	01:20:19.325	0.78800	0.78815			6
2026.03.20	01:20:19.926	0.78801	0.78816			6
2026.03.20	01:20:23.226	0.78800	0.78815			6
2026.03.20	01:20:23.528		0.78814			4
2026.03.20	01:20:29.832		0.78813			4
2026.03.20	01:20:31.335		0.78814			4
2026.03.20	01:20:32.840		0.78813			4
2026.03.20	01:20:34.037	0.78798				2
2026.03.20	01:20:35.845	0.78800	0.78815			6
2026.03.20	01:20:36.443	0.78801	0.78816			6
2026.03.20	01:20:36.746	0.78800	0.78814			6
2026.03.20	01:20:38.547	0.78801	0.78816			6
2026.03.20	01:20:46.954	0.78799	0.78814			6
2026.03.20	01:20:47.258		0.78813			4
2026.03.20	01:20:49.365	0.78798				2
2026.03.20	01:20:49.968	0.78797	0.78812			6
2026.03.20	01:20:50.264	0.78798				2
2026.03.20	01:20:57.183		0.78813			4
2026.03.20	01:21:00.193	0.78798				2
2026.03.20	01:21:05.601	0.78799	0.78814			6
2026.03.20	01:21:13.121	0.78797	0.78812			6
2026.03.20	01:21:21.542	0.78800	0.78814			6
2026.03.20	01:21:25.746	0.78799				2
2026.03.20	01:21:28.445	0.78801	0.78815			6
2026.03.20	01:21:31.451	0.78800	0.78814			6
2026.03.20	01:21:32.657	0.78799				2
2026.03.20	01:21:35.659	0.78800	0.78815			6
2026.03.20	01:21:42.870	0.78798	0.78813			6
2026.03.20	01:21:43.477		0.78812			4
2026.03.20	01:21:44.380	0.78796	0.78811			6
2026.03.20	01:21:45.881	0.78797	0.78812			6
2026.03.20	01:21:59.125	0.78796	0.78811			6
2026.03.20	01:22:00.026	0.78796				2
2026.03.20	01:22:02.131	0.78797	0.78812			6
2026.03.20	01:22:05.435	0.78798	0.78813			6
2026.03.20	01:22:14.146	0.78797	0.78812			6
2026.03.20	01:22:14.445	0.78793	0.78808			6
2026.03.20	01:22:21.067	0.78792				2
2026.03.20	01:22:22.270	0.78793	0.78809			6
2026.03.20	01:22:31.877	0.78794				2
2026.03.20	01:22:32.476	0.78796	0.78812			6
2026.03.20	01:22:34.886	0.78797	0.78813			6
2026.03.20	01:22:36.689	0.78798	0.78812			6
2026.03.20	01:22:37.291	0.78797				2
2026.03.20	01:22:39.696	0.78803	0.78819			6
2026.03.20	01:22:43.599	0.78805	0.78820			6
2026.03.20	01:22:48.709	0.78806	0.78821			6
2026.03.20	01:22:49.911	0.78807	0.78822			6
2026.03.20	01:22:50.507	0.78802	0.78818			6
2026.03.20	01:22:50.808	0.78801	0.78816			6
2026.03.20	01:22:51.116	0.78804	0.78819			6
2026.03.20	01:22:51.712	0.78805	0.78820			6
2026.03.20	01:22:52.911	0.78803	0.78817			6
2026.03.20	01:22:53.215	0.78804	0.78819			6
2026.03.20	01:22:57.419	0.78806	0.78821			6
2026.03.20	01:22:58.023	0.78805				2
2026.03.20	01:22:59.221	0.78804	0.78820			6
2026.03.20	01:23:00.121	0.78804				2
2026.03.20	01:23:00.425		0.78821			4
2026.03.20	01:23:01.626	0.78805				2
2026.03.20	01:23:07.929	0.78806	0.78822			6
2026.03.20	01:23:15.137	0.78807	0.78823			6
2026.03.20	01:23:15.445	0.78808	0.78824			6
2026.03.20	01:23:15.739	0.78807	0.78823			6
2026.03.20	01:23:17.242	0.78806				2
2026.03.20	01:23:20.555	0.78805	0.78821			6
2026.03.20	01:23:20.856	0.78804	0.78820			6
2026.03.20	01:23:25.972	0.78803				2
2026.03.20	01:23:30.487	0.78806	0.78821			6
2026.03.20	01:23:32.896	0.78804	0.78819			6
2026.03.20	01:23:33.797	0.78802	0.78817			6
2026.03.20	01:23:35.302	0.78801	0.78815			6
2026.03.20	01:23:36.502	0.78795	0.78810			6
2026.03.20	01:23:38.905	0.78796				2
2026.03.20	01:23:45.210	0.78793	0.78809			6
2026.03.20	01:23:45.511	0.78794				2
2026.03.20	01:23:47.017	0.78793				2
2026.03.20	01:23:47.315	0.78794				2
2026.03.20	01:23:47.616	0.78793				2
2026.03.20	01:23:50.923	0.78794				2
2026.03.20	01:23:51.221	0.78793				2
2026.03.20	01:23:54.832	0.78794				2
2026.03.20	01:23:59.036	0.78795				2
2026.03.20	01:24:00.243	0.78795				2
2026.03.20	01:24:00.541		0.78810			4
2026.03.20	01:24:02.348	0.78797	0.78812			6
2026.03.20	01:24:02.649	0.78798				2
2026.03.20	01:24:02.943		0.78813			4
2026.03.20	01:24:04.147	0.78799				2
2026.03.20	01:24:07.758		0.78814			4
2026.03.20	01:24:08.357	0.78800				2
2026.03.20	01:24:10.765	0.78802	0.78818			6
2026.03.20	01:24:11.067		0.78816			4
2026.03.20	01:24:16.176	0.78796	0.78811			6
2026.03.20	01:24:16.473	0.78797				2
2026.03.20	01:24:17.378	0.78798				2
2026.03.20	01:24:18.277		0.78813			4
2026.03.20	01:24:19.779	0.78799				2
2026.03.20	01:24:23.699	0.78800	0.78814			6
2026.03.20	01:24:27.602	0.78799				2
2026.03.20	01:24:28.502	0.78800	0.78815			6
2026.03.20	01:24:30.308	0.78797	0.78812			6
2026.03.20	01:24:38.115	0.78796				2
2026.03.20	01:24:44.124	0.78797				2
2026.03.20	01:24:45.326	0.78798				2
2026.03.20	01:24:45.628	0.78799				2
2026.03.20	01:24:50.440		0.78814			4
2026.03.20	01:24:50.734	0.78800	0.78815			6
2026.03.20	01:24:54.636	0.78799	0.78812			6
2026.03.20	01:24:56.140		0.78813			4
2026.03.20	01:25:00.043	0.78799				2
2026.03.20	01:25:00.342	0.78803	0.78819			6
2026.03.20	01:25:01.248	0.78804				2
2026.03.20	01:25:01.544		0.78820			4
2026.03.20	01:25:03.351		0.78818			4
2026.03.20	01:25:04.553	0.78803	0.78817			6
2026.03.20	01:25:08.465	0.78804	0.78819			6
2026.03.20	01:25:09.667	0.78805	0.78820			6
2026.03.20	01:25:09.966		0.78819			4
2026.03.20	01:25:19.298	0.78804				2
2026.03.20	01:25:22.910	0.78802	0.78816			6
2026.03.20	01:25:24.408	0.78803				2
2026.03.20	01:25:24.712	0.78800				2
2026.03.20	01:25:25.011		0.78815			4
2026.03.20	01:25:31.622	0.78801				2
2026.03.20	01:25:34.628	0.78802	0.78816			6
2026.03.20	01:25:40.029	0.78804	0.78819			6
2026.03.20	01:25:40.331		0.78818			4
2026.03.20	01:25:40.630		0.78819			4
2026.03.20	01:25:41.832	0.78805				2
2026.03.20	01:25:42.736		0.78818			4
2026.03.20	01:25:43.033	0.78803				2
2026.03.20	01:25:43.336	0.78804				2
2026.03.20	01:25:43.932	0.78803				2
2026.03.20	01:25:44.237		0.78816			4
2026.03.20	01:25:54.141	0.78804	0.78815			6
2026.03.20	01:25:54.442		0.78816			4
2026.03.20	01:25:54.741		0.78818			4
2026.03.20	01:25:55.643		0.78816			4
2026.03.20	01:25:55.950		0.78817			4
2026.03.20	01:25:57.750	0.78803				2
2026.03.20	01:25:58.654		0.78816			4
2026.03.20	01:26:00.159	0.78803				2
2026.03.20	01:26:01.964	0.78802				2
2026.03.20	01:26:02.264		0.78815			4
2026.03.20	01:26:03.466	0.78801				2
2026.03.20	01:26:10.074		0.78814			4
2026.03.20	01:26:10.374	0.78800				2
2026.03.20	01:26:10.673	0.78801	0.78815			6
2026.03.20	01:26:20.001	0.78803				2
2026.03.20	01:26:20.293	0.78802				2
2026.03.20	01:26:23.304		0.78814			4
2026.03.20	01:26:24.804	0.78801				2
2026.03.20	01:26:27.513	0.78800				2
2026.03.20	01:26:32.312		0.78815			4
2026.03.20	01:26:36.520		0.78814			4
2026.03.20	01:26:37.121	0.78799				2
2026.03.20	01:26:37.419	0.78800				2
2026.03.20	01:26:40.125	0.78799	0.78812			6
2026.03.20	01:26:52.741	0.78796	0.78811			6
2026.03.20	01:26:53.341	0.78797				2
2026.03.20	01:26:57.853	0.78796				2
2026.03.20	01:27:00.269	0.78796				2
2026.03.20	01:27:03.270	0.78794	0.78809			6
2026.03.20	01:27:03.570	0.78796				2
2026.03.20	01:27:04.169	0.78794				2
2026.03.20	01:27:04.464	0.78795				2
2026.03.20	01:27:05.072	0.78794				2
2026.03.20	01:27:09.884	0.78795				2
2026.03.20	01:27:13.494	0.78794				2
2026.03.20	01:27:14.093	0.78793	0.78807			6
2026.03.20	01:27:14.698		0.78805			4
2026.03.20	01:27:25.507	0.78794				2
2026.03.20	01:27:25.806		0.78806			4
2026.03.20	01:27:26.713	0.78797	0.78811			6
2026.03.20	01:27:27.014	0.78798				2
2026.03.20	01:27:27.919	0.78801	0.78813			6
2026.03.20	01:27:30.931		0.78815			4
2026.03.20	01:27:33.032	0.78802				2
2026.03.20	01:27:43.852	0.78800	0.78813			6
2026.03.20	01:27:44.157	0.78801				2
2026.03.20	01:27:44.455		0.78814			4
2026.03.20	01:27:47.762	0.78802				2
2026.03.20	01:27:48.066	0.78801				2
2026.03.20	01:27:48.363		0.78813			4
2026.03.20	01:27:51.071	0.78800				2
2026.03.20	01:27:54.980		0.78812			4
2026.03.20	01:27:56.186	0.78801				2
2026.03.20	01:28:00.092	0.78801				2
2026.03.20	01:28:00.998		0.78813			4
2026.03.20	01:28:13.015	0.78800	0.78812			6
2026.03.20	01:28:17.528	0.78801				2
2026.03.20	01:28:17.830		0.78813			4
2026.03.20	01:28:19.030	0.78800	0.78812			6
2026.03.20	01:28:23.237		0.78813			4
2026.03.20	01:28:23.532	0.78801				2
2026.03.20	01:28:25.940	0.78800				2
2026.03.20	01:28:28.940	0.78799				2
2026.03.20	01:28:31.045	0.78801				2
2026.03.20	01:28:31.346	0.78802	0.78815			6
2026.03.20	01:28:35.252		0.78814			4
2026.03.20	01:28:40.965	0.78801	0.78815			6
2026.03.20	01:28:44.868	0.78802				2
2026.03.20	01:28:46.378	0.78801				2
2026.03.20	01:28:47.577	0.78802				2
2026.03.20	01:28:49.680	0.78801				2
2026.03.20	01:28:50.882	0.78802				2
2026.03.20	01:29:00.211	0.78802				2
2026.03.20	01:29:05.320	0.78801	0.78814			6
2026.03.20	01:29:05.619		0.78815			4
2026.03.20	01:29:06.522	0.78803	0.78816			6
2026.03.20	01:29:11.929		0.78815			4
2026.03.20	01:29:12.836	0.78801				2
2026.03.20	01:29:13.137		0.78814			4
2026.03.20	01:29:14.632		0.78815			4
2026.03.20	01:29:22.153		0.78814			4
2026.03.20	01:29:25.465		0.78815			4
2026.03.20	01:29:37.197		0.78814			4
2026.03.20	01:29:37.498		0.78815			4
2026.03.20	01:29:38.099	0.78802	0.78814			6
2026.03.20	01:29:38.399	0.78801	0.78815			6
2026.03.20	01:29:41.104		0.78814			4
2026.03.20	01:29:41.407		0.78815			4
2026.03.20	01:29:46.511		0.78814			4
2026.03.20	01:29:47.719		0.78815			4
2026.03.20	01:29:52.829		0.78814			4
2026.03.20	01:29:54.631	0.78800	0.78815			6
2026.03.20	01:29:56.138		0.78814			4
2026.03.20	01:29:56.437		0.78815			4
2026.03.20	01:29:57.342	0.78802				2
2026.03.20	01:29:57.639	0.78801				2
2026.03.20	01:30:00.044	0.78801				2
2026.03.20	01:30:03.348	0.78807	0.78810			6
2026.03.20	01:30:06.363	0.78814	0.78817			6
2026.03.20	01:30:06.667	0.78801	0.78815			6
2026.03.20	01:30:06.968	0.78810	0.78822			6
2026.03.20	01:30:07.264		0.78824			4
2026.03.20	01:30:09.673	0.78811	0.78825			6
2026.03.20	01:30:10.577		0.78824			4
2026.03.20	01:30:11.783	0.78810				2
2026.03.20	01:30:12.081		0.78823			4
2026.03.20	01:30:16.292	0.78811	0.78824			6
2026.03.20	01:30:23.215	0.78809	0.78823			6
2026.03.20	01:30:23.510	0.78811				2
2026.03.20	01:30:26.825		0.78824			4
2026.03.20	01:30:36.743		0.78823			4
2026.03.20	01:30:38.244		0.78824			4
2026.03.20	01:30:39.441	0.78810				2
2026.03.20	01:30:48.157		0.78823			4
2026.03.20	01:30:56.273	0.78811				2
2026.03.20	01:30:56.870		0.78824			4
2026.03.20	01:31:00.185	0.78811				2
2026.03.20	01:31:02.591		0.78825			4
2026.03.20	01:31:03.190	0.78810	0.78824			6
2026.03.20	01:31:25.432	0.78806	0.78820			6
2026.03.20	01:31:37.455	0.78807				2
2026.03.20	01:31:40.162		0.78821			4
2026.03.20	01:31:41.964	0.78806	0.78820			6
2026.03.20	01:31:42.564		0.78819			4
2026.03.20	01:31:42.868		0.78820			4
2026.03.20	01:31:46.470	0.78807	0.78821			6
2026.03.20	01:31:47.673	0.78808				2
2026.03.20	01:31:50.674	0.78807				2
2026.03.20	01:31:58.802	0.78806				2
2026.03.20	01:31:59.098		0.78820			4
2026.03.20	01:32:00.301	0.78806				2
2026.03.20	01:32:02.399		0.78821			4
2026.03.20	01:32:05.707	0.78807				2
2026.03.20	01:32:07.811	0.78806				2
2026.03.20	01:32:14.435	0.78805	0.78820			6
2026.03.20	01:32:14.727	0.78810	0.78824			6
2026.03.20	01:32:24.648		0.78825			4
2026.03.20	01:32:24.944		0.78824			4
2026.03.20	01:32:26.748	0.78815	0.78829			6
2026.03.20	01:32:27.053		0.78830			4
2026.03.20	01:32:28.853	0.78813	0.78828			6
2026.03.20	01:32:32.760	0.78814				2
2026.03.20	01:32:36.366	0.78815				2
2026.03.20	01:32:38.171	0.78816	0.78830			6
2026.03.20	01:32:40.885	0.78815	0.78829			6
2026.03.20	01:32:47.500	0.78816	0.78830			6
2026.03.20	01:32:47.800	0.78815				2
2026.03.20	01:32:48.105	0.78816				2
2026.03.20	01:32:48.700	0.78815				2
2026.03.20	01:32:49.900		0.78829			4
2026.03.20	01:32:50.200		0.78830			4
2026.03.20	01:32:50.501		0.78829			4
2026.03.20	01:32:52.302	0.78814				2
2026.03.20	01:32:58.908	0.78815	0.78830			6
2026.03.20	01:33:00.111	0.78816				2
2026.03.20	01:33:08.820	0.78815				2
2026.03.20	01:33:11.525		0.78829			4
2026.03.20	01:33:11.825	0.78814				2
2026.03.20	01:33:25.645	0.78810	0.78825			6
2026.03.20	01:33:25.946	0.78811				2
2026.03.20	01:33:26.250	0.78813	0.78827			6
2026.03.20	01:33:34.974	0.78811	0.78826			6
2026.03.20	01:33:40.376	0.78810	0.78825			6
2026.03.20	01:33:52.391	0.78811	0.78826			6
2026.03.20	01:33:55.993	0.78812	0.78827			6
2026.03.20	01:33:57.803	0.78813				2
2026.03.20	01:33:58.401	0.78814	0.78829			6
2026.03.20	01:33:58.701	0.78815	0.78830			6
2026.03.20	01:33:58.998		0.78829			4
2026.03.20	01:33:59.297	0.78813				2
2026.03.20	01:33:59.898	0.78812	0.78825			6
2026.03.20	01:34:00.198	0.78812	0.78826			6
2026.03.20	01:34:00.499		0.78825			4
2026.03.20	01:34:02.899	0.78811				2
2026.03.20	01:34:05.906	0.78812	0.78827			6
2026.03.20	01:34:08.011	0.78814	0.78828			6
2026.03.20	01:34:13.722	0.78815	0.78830			6
2026.03.20	01:34:16.429	0.78819	0.78834			6
2026.03.20	01:34:16.730	0.78820	0.78835			6
2026.03.20	01:34:24.236	0.78817	0.78832			6
2026.03.20	01:34:24.542	0.78816	0.78830			6
2026.03.20	01:34:32.651	0.78817				2
2026.03.20	01:34:40.761		0.78831			4
2026.03.20	01:34:43.766	0.78818				2
2026.03.20	01:34:44.663	0.78821	0.78834			6
2026.03.20	01:34:44.968	0.78823	0.78836			6
2026.03.20	01:34:46.172	0.78822				2
2026.03.20	01:34:49.477	0.78824	0.78838			6
2026.03.20	01:34:51.289	0.78825				2
2026.03.20	01:34:58.500	0.78824				2
2026.03.20	01:35:00.009	0.78824				2
2026.03.20	01:35:00.302	0.78825				2
2026.03.20	01:35:09.610		0.78839			4
2026.03.20	01:35:11.414	0.78824	0.78838			6
2026.03.20	01:35:11.718	0.78825				2
2026.03.20	01:35:19.231	0.78824				2
2026.03.20	01:35:27.643	0.78823				2
2026.03.20	01:35:34.855	0.78824				2
2026.03.20	01:35:35.456	0.78825				2
2026.03.20	01:35:36.657	0.78826	0.78840			6
2026.03.20	01:35:39.064		0.78838			4
2026.03.20	01:35:39.659	0.78827	0.78841			6
2026.03.20	01:35:44.770	0.78825	0.78839			6
2026.03.20	01:35:45.673	0.78824	0.78837			6
2026.03.20	01:35:48.675	0.78828	0.78841			6
2026.03.20	01:36:00.098	0.78828				2
2026.03.20	01:36:04.003		0.78842			4
2026.03.20	01:36:11.507	0.78830	0.78844			6
2026.03.20	01:36:14.516	0.78835	0.78848			6
2026.03.20	01:36:14.814		0.78849			4
2026.03.20	01:36:15.115	0.78836	0.78850			6
2026.03.20	01:36:16.011	0.78835	0.78848			6
2026.03.20	01:36:17.814	0.78834	0.78847			6
2026.03.20	01:36:18.117	0.78835				2
2026.03.20	01:36:18.717		0.78849			4
2026.03.20	01:36:19.020		0.78847			4
2026.03.20	01:36:19.616	0.78832	0.78846			6
2026.03.20	01:36:19.916	0.78829	0.78843			6
2026.03.20	01:36:20.217	0.78831	0.78844			6
2026.03.20	01:36:20.521	0.78830				2
2026.03.20	01:36:21.720	0.78831				2
2026.03.20	01:36:22.017	0.78830				2
2026.03.20	01:36:22.319	0.78831	0.78845			6
2026.03.20	01:36:23.521	0.78832				2
2026.03.20	01:36:28.926	0.78831				2
2026.03.20	01:36:30.131	0.78829	0.78844			6
2026.03.20	01:36:30.729	0.78832	0.78845			6
2026.03.20	01:36:35.539	0.78829	0.78843			6
2026.03.20	01:36:35.839		0.78841			4
2026.03.20	01:36:36.437	0.78828				2
2026.03.20	01:36:37.636	0.78829				2
2026.03.20	01:36:40.941	0.78828				2
2026.03.20	01:36:50.561	0.78829				2
2026.03.20	01:36:51.759	0.78828				2
2026.03.20	01:36:53.261	0.78829				2
2026.03.20	01:36:53.863	0.78827	0.78840			6
2026.03.20	01:36:55.365		0.78841			4
2026.03.20	01:36:55.968	0.78828	0.78842			6
2026.03.20	01:36:59.274	0.78829				2
2026.03.20	01:37:00.183	0.78829				2
2026.03.20	01:37:00.774	0.78828	0.78841			6
2026.03.20	01:37:04.682	0.78827	0.78840			6
2026.03.20	01:37:05.585	0.78826	0.78841			6
2026.03.20	01:37:06.486	0.78827				2
2026.03.20	01:37:07.088	0.78826				2
2026.03.20	01:37:07.387	0.78827				2
2026.03.20	01:37:07.987	0.78826				2
2026.03.20	01:37:08.584	0.78828	0.78842			6
2026.03.20	01:37:12.494	0.78829				2
2026.03.20	01:37:15.198	0.78828				2
2026.03.20	01:37:20.915	0.78826	0.78839			6
2026.03.20	01:37:22.119	0.78824	0.78837			6
2026.03.20	01:37:24.828	0.78826	0.78839			6
2026.03.20	01:37:28.433		0.78838			4
2026.03.20	01:37:32.637	0.78825				2
2026.03.20	01:37:32.933		0.78839			4
2026.03.20	01:37:33.241	0.78823	0.78837			6
2026.03.20	01:37:44.955	0.78822				2
2026.03.20	01:37:45.860	0.78823				2
2026.03.20	01:38:00.292	0.78824				2
2026.03.20	01:38:06.904	0.78828	0.78840			6
2026.03.20	01:38:07.205	0.78829	0.78843			6
2026.03.20	01:38:12.306		0.78842			4
2026.03.20	01:38:12.606		0.78843			4
2026.03.20	01:38:13.508		0.78842			4
2026.03.20	01:38:18.619	0.78830				2
2026.03.20	01:38:19.220		0.78843			4
2026.03.20	01:38:27.638		0.78842			4
2026.03.20	01:38:32.142		0.78843			4
2026.03.20	01:38:33.341	0.78828	0.78839			6
2026.03.20	01:38:35.746	0.78831				2
2026.03.20	01:38:36.046	0.78828	0.78835			6
2026.03.20	01:38:36.348	0.78831	0.78839			6
2026.03.20	01:38:36.649	0.78828	0.78835			6
2026.03.20	01:38:36.950	0.78831	0.78839			6
2026.03.20	01:38:37.249	0.78828	0.78835			6
2026.03.20	01:38:37.549	0.78833	0.78842			6
2026.03.20	01:38:37.850	0.78829	0.78837			6
2026.03.20	01:38:38.147	0.78833	0.78842			6
2026.03.20	01:38:38.455	0.78829	0.78837			6
2026.03.20	01:38:38.748	0.78833	0.78842			6
2026.03.20	01:38:39.047	0.78829	0.78837			6
2026.03.20	01:38:39.350		0.78842			4
2026.03.20	01:38:45.359		0.78841			4
2026.03.20	01:38:46.565		0.78843			4
2026.03.20	01:39:00.093	0.78829				2
2026.03.20	01:39:09.708	0.78830	0.78845			6
2026.03.20	01:39:10.910	0.78829	0.78843			6
2026.03.20	01:39:13.311	0.78830				2
2026.03.20	01:39:14.816		0.78842			4
2026.03.20	01:39:20.225	0.78832	0.78841			6
2026.03.20	01:39:21.425	0.78833	0.78844			6
2026.03.20	01:39:24.431	0.78836	0.78847			6
2026.03.20	01:39:25.337		0.78844			4
2026.03.20	01:39:25.630	0.78835				2
2026.03.20	01:39:28.339	0.78834				2
2026.03.20	01:39:29.236		0.78843			4
2026.03.20	01:39:33.442		0.78844			4
2026.03.20	01:39:41.261	0.78833				2
2026.03.20	01:39:41.866	0.78834				2
2026.03.20	01:39:42.763	0.78833				2
2026.03.20	01:39:52.074	0.78834				2
2026.03.20	01:39:52.377		0.78843			4
2026.03.20	01:39:52.678		0.78844			4
2026.03.20	01:39:57.180		0.78843			4
2026.03.20	01:40:00.185	0.78834				2
2026.03.20	01:40:01.686	0.78833	0.78844			6
2026.03.20	01:40:08.303	0.78835	0.78845			6
2026.03.20	01:40:08.597	0.78836	0.78849			6
2026.03.20	01:40:13.407	0.78837	0.78848			6
2026.03.20	01:40:17.912		0.78847			4
2026.03.20	01:40:18.211		0.78849			4
2026.03.20	01:40:21.821	0.78836	0.78847			6
2026.03.20	01:40:22.121	0.78837	0.78849			6
2026.03.20	01:40:26.025		0.78848			4
2026.03.20	01:40:31.735	0.78836	0.78847			6
2026.03.20	01:40:34.737		0.78848			4
2026.03.20	01:40:40.744		0.78847			4
2026.03.20	01:40:44.049		0.78848			4
2026.03.20	01:40:45.859	0.78837	0.78847			6
2026.03.20	01:40:48.263	0.78836	0.78848			6
2026.03.20	01:40:53.365		0.78849			4
2026.03.20	01:40:53.968		0.78848			4
2026.03.20	01:40:57.277	0.78833	0.78842			6
2026.03.20	01:40:57.580		0.78844			4
2026.03.20	01:40:57.877		0.78845			4
2026.03.20	01:40:58.786	0.78832				2
2026.03.20	01:41:00.281	0.78832				2
2026.03.20	01:41:01.483		0.78844			4
2026.03.20	01:41:02.388		0.78845			4
2026.03.20	01:41:03.582		0.78844			4
2026.03.20	01:41:03.882	0.78831	0.78842			6
2026.03.20	01:41:05.392	0.78830	0.78843			6
2026.03.20	01:41:05.693	0.78831	0.78845			6
2026.03.20	01:41:05.990	0.78832	0.78846			6
2026.03.20	01:41:06.891		0.78845			4
2026.03.20	01:41:08.394		0.78844			4
2026.03.20	01:41:12.599	0.78831	0.78843			6
2026.03.20	01:41:14.407	0.78833	0.78846			6
2026.03.20	01:41:16.812		0.78845			4
2026.03.20	01:41:17.110		0.78844			4
2026.03.20	01:41:17.406	0.78832	0.78845			6
2026.03.20	01:41:19.512	0.78833	0.78846			6
2026.03.20	01:41:23.111	0.78832				2
2026.03.20	01:41:26.727	0.78831	0.78843			6
2026.03.20	01:41:27.027		0.78844			4
2026.03.20	01:41:27.327		0.78843			4
2026.03.20	01:41:34.232	0.78830				2
2026.03.20	01:41:36.339		0.78844			4
2026.03.20	01:41:37.538		0.78843			4
2026.03.20	01:41:39.037	0.78831				2
2026.03.20	01:41:39.336		0.78845			4
2026.03.20	01:41:39.637	0.78832	0.78846			6
2026.03.20	01:41:39.940	0.78833				2
2026.03.20	01:41:44.448		0.78847			4
2026.03.20	01:41:46.243	0.78832				2
2026.03.20	01:41:49.254		0.78846			4
2026.03.20	01:41:54.061		0.78844			4
2026.03.20	01:41:54.361		0.78846			4
2026.03.20	01:41:54.664		0.78847			4
2026.03.20	01:41:57.366		0.78846			4
2026.03.20	01:42:00.075	0.78832				2
2026.03.20	01:42:00.375	0.78833	0.78847			6
2026.03.20	01:42:01.279	0.78835	0.78849			6
2026.03.20	01:42:02.781	0.78836	0.78850			6
2026.03.20	01:42:05.188		0.78851			4
2026.03.20	01:42:06.387	0.78835	0.78850			6
2026.03.20	01:42:09.090		0.78849			4
2026.03.20	01:42:09.389		0.78851			4
2026.03.20	01:42:10.893	0.78837				2
2026.03.20	01:42:13.294		0.78850			4
2026.03.20	01:42:16.300	0.78834	0.78847			6
2026.03.20	01:42:16.900	0.78836	0.78850			6
2026.03.20	01:42:25.021		0.78851			4
2026.03.20	01:42:25.324		0.78850			4
2026.03.20	01:42:27.725		0.78849			4
2026.03.20	01:42:28.025		0.78850			4
2026.03.20	01:42:41.239	0.78835	0.78847			6
2026.03.20	01:42:41.541	0.78833				2
2026.03.20	01:42:46.643		0.78848			4
2026.03.20	01:42:48.747		0.78847			4
2026.03.20	01:42:49.648		0.78848			4
2026.03.20	01:42:51.151		0.78847			4
2026.03.20	01:42:51.751		0.78848			4
2026.03.20	01:42:52.051	0.78830	0.78844			6
2026.03.20	01:42:52.353		0.78845			4
2026.03.20	01:42:52.655	0.78833	0.78847			6
2026.03.20	01:42:54.454		0.78848			4
2026.03.20	01:42:54.754		0.78847			4
2026.03.20	01:42:55.357		0.78848			4
2026.03.20	01:42:56.259		0.78847			4
2026.03.20	01:43:00.165	0.78833				2
2026.03.20	01:43:01.369		0.78848			4
2026.03.20	01:43:07.694		0.78846			4
2026.03.20	01:43:09.494		0.78847			4
2026.03.20	01:43:09.796		0.78848			4
2026.03.20	01:43:10.100		0.78847			4
2026.03.20	01:43:13.398		0.78848			4
2026.03.20	01:43:14.600	0.78835	0.78846			6
2026.03.20	01:43:14.903		0.78848			4
2026.03.20	01:43:21.208	0.78834				2
2026.03.20	01:43:22.108		0.78846			4
2026.03.20	01:43:22.414		0.78848			4
2026.03.20	01:43:29.921		0.78847			4
2026.03.20	01:43:30.220	0.78833	0.78848			6
2026.03.20	01:43:36.830		0.78846			4
2026.03.20	01:43:38.029		0.78848			4
2026.03.20	01:43:39.530		0.78846			4
2026.03.20	01:43:39.834		0.78847			4
2026.03.20	01:43:40.432		0.78846			4
2026.03.20	01:43:40.736		0.78848			4
2026.03.20	01:43:42.534	0.78834				2
2026.03.20	01:43:42.836		0.78850			4
2026.03.20	01:43:43.435		0.78849			4
2026.03.20	01:43:44.339	0.78836	0.78850			6
2026.03.20	01:43:44.669	0.78835	0.78851			6
2026.03.20	01:43:49.554	0.78839	0.78854			6
2026.03.20	01:43:50.549	0.78840	0.78855			6
2026.03.20	01:43:53.859		0.78854			4
2026.03.20	01:43:54.460		0.78855			4
2026.03.20	01:43:54.756		0.78854			4
2026.03.20	01:43:55.360	0.78842	0.78857			6
2026.03.20	01:43:57.471	0.78843	0.78858			6
2026.03.20	01:43:57.770	0.78845				2
2026.03.20	01:44:00.179	0.78845				2
2026.03.20	01:44:01.683		0.78857			4
2026.03.20	01:44:01.981		0.78858			4
2026.03.20	01:44:02.877	0.78846	0.78860			6
2026.03.20	01:44:03.782	0.78849	0.78864			6
2026.03.20	01:44:05.880		0.78862			4
2026.03.20	01:44:06.481		0.78861			4
2026.03.20	01:44:09.194	0.78848				2
2026.03.20	01:44:21.209		0.78863			4
2026.03.20	01:44:21.811	0.78849				2
2026.03.20	01:44:22.408		0.78864			4
2026.03.20	01:44:22.713		0.78862			4
2026.03.20	01:44:23.011		0.78864			4
2026.03.20	01:44:25.113		0.78862			4
2026.03.20	01:44:25.714		0.78864			4
2026.03.20	01:44:26.313	0.78850				2
2026.03.20	01:44:27.518		0.78862			4
2026.03.20	01:44:28.419		0.78864			4
2026.03.20	01:44:36.831		0.78862			4
2026.03.20	01:44:39.540	0.78849				2
2026.03.20	01:44:43.440	0.78850	0.78865			6
2026.03.20	01:44:43.745	0.78852				2
2026.03.20	01:44:44.343		0.78864			4
2026.03.20	01:44:45.241		0.78865			4
2026.03.20	01:44:45.841	0.78850	0.78863			6
2026.03.20	01:44:46.147	0.78847	0.78861			6
2026.03.20	01:44:46.441	0.78848				2
2026.03.20	01:44:48.242		0.78862			4
2026.03.20	01:44:54.262		0.78865			4
2026.03.20	01:44:54.562	0.78851	0.78864			6
2026.03.20	01:44:57.564		0.78865			4
2026.03.20	01:44:58.766	0.78854	0.78869			6
2026.03.20	01:44:59.966	0.78855				2
2026.03.20	01:45:00.268	0.78855				2
2026.03.20	01:45:02.668		0.78868			4
2026.03.20	01:45:03.572		0.78867			4
2026.03.20	01:45:03.872	0.78860	0.78873			6
2026.03.20	01:45:06.882	0.78857	0.78868			6
2026.03.20	01:45:07.182	0.78858	0.78869			6
2026.03.20	01:45:08.984	0.78857				2
2026.03.20	01:45:11.086		0.78868			4
2026.03.20	01:45:11.389	0.78858				2
2026.03.20	01:45:16.617	0.78857	0.78869			6
2026.03.20	01:45:24.233	0.78858				2
2026.03.20	01:45:27.417	0.78856	0.78870			6
2026.03.20	01:45:30.428	0.78855	0.78868			6
2026.03.20	01:45:33.256		0.78867			4
2026.03.20	01:45:39.649		0.78866			4
2026.03.20	01:45:39.948	0.78856	0.78868			6
2026.03.20	01:45:41.444		0.78867			4
2026.03.20	01:45:41.745	0.78852	0.78865			6
2026.03.20	01:45:42.045	0.78854	0.78868			6
2026.03.20	01:45:44.147	0.78855				2
2026.03.20	01:45:44.450		0.78866			4
2026.03.20	01:45:49.374		0.78868			4
2026.03.20	01:45:53.308		0.78869			4
2026.03.20	01:45:56.681		0.78868			4
2026.03.20	01:45:57.872	0.78859	0.78871			6
2026.03.20	01:45:58.173	0.78858	0.78870			6
2026.03.20	01:46:00.301	0.78858	0.78871			6
2026.03.20	01:46:07.798	0.78859				2
2026.03.20	01:46:08.771		0.78872			4
2026.03.20	01:46:09.621		0.78871			4
2026.03.20	01:46:16.849		0.78870			4
2026.03.20	01:46:17.977		0.78872			4
2026.03.20	01:46:18.278		0.78871			4
2026.03.20	01:46:22.473		0.78870			4
2026.03.20	01:46:22.773		0.78871			4
2026.03.20	01:46:24.753	0.78856	0.78867			6
2026.03.20	01:46:31.808		0.78868			4
2026.03.20	01:46:32.109	0.78854				2
2026.03.20	01:46:34.438		0.78865			4
2026.03.20	01:46:34.737	0.78853				2
2026.03.20	01:46:42.913	0.78852				2
2026.03.20	01:46:46.094		0.78864			4
2026.03.20	01:46:46.394	0.78851	0.78861			6
2026.03.20	01:46:46.994		0.78863			4
2026.03.20	01:46:50.441	0.78849				2
2026.03.20	01:46:51.040		0.78864			4
2026.03.20	01:46:51.341		0.78863			4
2026.03.20	01:46:55.023		0.78862			4
2026.03.20	01:46:56.060	0.78851	0.78863			6
2026.03.20	01:46:56.363		0.78862			4
2026.03.20	01:46:56.665		0.78863			4
2026.03.20	01:46:56.963	0.78852				2
2026.03.20	01:46:58.746		0.78862			4
2026.03.20	01:47:00.079	0.78852	0.78864			6
2026.03.20	01:47:01.384		0.78863			4
2026.03.20	01:47:01.940	0.78851				2
2026.03.20	01:47:03.239		0.78864			4
2026.03.20	01:47:04.712	0.78850	0.78862			6
2026.03.20	01:47:05.013		0.78864			4
2026.03.20	01:47:06.883		0.78863			4
2026.03.20	01:47:07.363		0.78862			4
2026.03.20	01:47:07.663		0.78863			4
2026.03.20	01:47:19.199	0.78849	0.78861			6
2026.03.20	01:47:19.499	0.78850				2
2026.03.20	01:47:22.269		0.78862			4
2026.03.20	01:47:24.022		0.78861			4
2026.03.20	01:47:24.323		0.78862			4
2026.03.20	01:47:27.431		0.78861			4
2026.03.20	01:47:29.504		0.78863			4
2026.03.20	01:47:30.587	0.78849	0.78861			6
2026.03.20	01:47:34.454	0.78850				2
2026.03.20	01:47:42.172		0.78862			4
2026.03.20	01:47:45.113	0.78854	0.78866			6
2026.03.20	01:47:45.415		0.78867			4
2026.03.20	01:47:49.893	0.78853				2
2026.03.20	01:47:52.101		0.78866			4
2026.03.20	01:47:53.601		0.78867			4
2026.03.20	01:48:00.271	0.78853				2
2026.03.20	01:48:00.571	0.78855	0.78868			6
2026.03.20	01:48:00.873		0.78867			4
2026.03.20	01:48:01.173		0.78868			4
2026.03.20	01:48:22.739	0.78856				2
2026.03.20	01:48:23.039		0.78869			4
2026.03.20	01:48:28.684		0.78868			4
2026.03.20	01:48:30.821	0.78857				2
2026.03.20	01:48:32.681		0.78869			4
2026.03.20	01:48:40.752	0.78856	0.78868			6
2026.03.20	01:48:52.454	0.78857				2
2026.03.20	01:48:57.303	0.78855				2
2026.03.20	01:49:00.411	0.78857				2
2026.03.20	01:49:01.161		0.78867			4
2026.03.20	01:49:01.460		0.78868			4
2026.03.20	01:49:06.255	0.78856				2
2026.03.20	01:49:13.777	0.78857				2
2026.03.20	01:49:15.088	0.78856				2
2026.03.20	01:49:29.655	0.78857				2
2026.03.20	01:49:30.406	0.78856				2
2026.03.20	01:49:36.722	0.78859	0.78870			6
2026.03.20	01:49:37.022	0.78860	0.78873			6
2026.03.20	01:49:38.954	0.78858	0.78872			6
2026.03.20	01:49:39.258		0.78870			4
2026.03.20	01:49:43.514	0.78859	0.78874			6
2026.03.20	01:49:43.815	0.78858	0.78870			6
2026.03.20	01:49:51.482	0.78859	0.78871			6
2026.03.20	01:49:53.184	0.78858	0.78870			6
2026.03.20	01:50:00.188	0.78858				2
2026.03.20	01:50:00.487		0.78871			4
2026.03.20	01:50:02.259	0.78862	0.78876			6
2026.03.20	01:50:02.560	0.78865	0.78877			6
2026.03.20	01:50:04.162		0.78878			4
2026.03.20	01:50:05.533		0.78879			4
2026.03.20	01:50:06.967	0.78866				2
2026.03.20	01:50:08.268	0.78865				2
2026.03.20	01:50:09.690		0.78877			4
2026.03.20	01:50:10.923		0.78879			4
2026.03.20	01:50:13.340	0.78866	0.78878			6
2026.03.20	01:50:16.431		0.78879			4
2026.03.20	01:50:20.366	0.78864	0.78876			6
2026.03.20	01:50:21.061		0.78877			4
2026.03.20	01:50:21.835		0.78876			4
2026.03.20	01:50:22.437	0.78865	0.78877			6
2026.03.20	01:50:23.215		0.78878			4
2026.03.20	01:50:24.791	0.78866	0.78879			6
2026.03.20	01:50:25.091		0.78880			4
2026.03.20	01:50:29.915		0.78879			4
2026.03.20	01:50:35.422	0.78865				2
2026.03.20	01:50:38.615	0.78866	0.78880			6
2026.03.20	01:50:38.925		0.78881			4
2026.03.20	01:50:44.844	0.78864	0.78877			6
2026.03.20	01:50:52.134		0.78876			4
2026.03.20	01:50:53.595		0.78877			4
2026.03.20	01:50:57.372	0.78863				2
2026.03.20	01:50:59.977	0.78864				2
2026.03.20	01:51:00.277	0.78864				2
2026.03.20	01:51:03.984	0.78863				2
2026.03.20	01:51:07.873	0.78865	0.78876			6
2026.03.20	01:51:12.663	0.78866	0.78877			6
2026.03.20	01:51:15.104		0.78876			4
2026.03.20	01:51:17.397		0.78875			4
2026.03.20	01:51:18.384	0.78865	0.78876			6
2026.03.20	01:51:22.408	0.78864				2
2026.03.20	01:51:23.010	0.78865				2
2026.03.20	01:51:24.610		0.78878			4
2026.03.20	01:51:26.553	0.78866				2
2026.03.20	01:51:26.853		0.78877			4
2026.03.20	01:51:27.153		0.78878			4
2026.03.20	01:51:27.453		0.78877			4
2026.03.20	01:51:28.250		0.78878			4
2026.03.20	01:51:29.628	0.78865	0.78877			6
2026.03.20	01:51:29.929		0.78879			4
2026.03.20	01:51:30.230	0.78866	0.78877			6
2026.03.20	01:51:32.489	0.78865	0.78876			6
2026.03.20	01:51:35.097	0.78866	0.78878			6
2026.03.20	01:51:37.640	0.78865	0.78879			6
2026.03.20	01:51:39.717		0.78877			4
2026.03.20	01:51:43.557	0.78864	0.78876			6
2026.03.20	01:51:46.580	0.78863	0.78877			6
2026.03.20	01:51:47.063		0.78876			4
2026.03.20	01:51:48.507	0.78864	0.78877			6
2026.03.20	01:51:50.598	0.78867	0.78881			6
2026.03.20	01:51:50.899	0.78868				2
2026.03.20	01:51:51.209	0.78871	0.78884			6
2026.03.20	01:51:51.503	0.78872	0.78885			6
2026.03.20	01:51:54.437	0.78871				2
2026.03.20	01:51:54.779	0.78873				2
2026.03.20	01:51:55.079	0.78872				2
2026.03.20	01:51:56.060	0.78874	0.78886			6
2026.03.20	01:52:01.405	0.78874				2
2026.03.20	01:52:01.705		0.78887			4
2026.03.20	01:52:03.412	0.78876	0.78889			6
2026.03.20	01:52:04.613		0.78888			4
2026.03.20	01:52:04.913		0.78889			4
2026.03.20	01:52:08.589		0.78888			4
2026.03.20	01:52:09.006		0.78889			4
2026.03.20	01:52:10.772		0.78888			4
2026.03.20	01:52:11.073		0.78889			4
2026.03.20	01:52:14.137	0.78877				2
2026.03.20	01:52:14.438		0.78888			4
2026.03.20	01:52:22.780	0.78878	0.78891			6
2026.03.20	01:52:26.221	0.78880	0.78892			6
2026.03.20	01:52:29.370	0.78879	0.78893			6
2026.03.20	01:52:30.255		0.78892			4
2026.03.20	01:52:31.753	0.78871	0.78883			6
2026.03.20	01:52:32.354		0.78882			4
2026.03.20	01:52:33.856	0.78870				2
2026.03.20	01:52:35.381		0.78883			4
2026.03.20	01:52:35.682	0.78866	0.78879			6
2026.03.20	01:52:36.566	0.78862	0.78875			6
2026.03.20	01:52:38.302	0.78860	0.78873			6
2026.03.20	01:52:39.114		0.78872			4
2026.03.20	01:52:40.893	0.78864	0.78877			6
2026.03.20	01:52:51.056		0.78876			4
2026.03.20	01:52:51.356	0.78865				2
2026.03.20	01:52:52.516	0.78866	0.78880			6
2026.03.20	01:52:54.346		0.78878			4
2026.03.20	01:52:54.646		0.78880			4
2026.03.20	01:53:08.449	0.78866				2
2026.03.20	01:53:09.911	0.78871	0.78885			6
2026.03.20	01:53:26.976	0.78870	0.78884			6
2026.03.20	01:53:27.278	0.78871	0.78885			6
2026.03.20	01:53:28.867	0.78869	0.78882			6
2026.03.20	01:53:30.871	0.78868				2
2026.03.20	01:53:31.172	0.78867	0.78881			6
2026.03.20	01:53:31.824	0.78868				2
2026.03.20	01:53:32.792	0.78869				2
2026.03.20	01:53:33.092	0.78870	0.78883			6
2026.03.20	01:53:33.393		0.78884			4
2026.03.20	01:53:38.087	0.78871				2
2026.03.20	01:53:41.390	0.78872	0.78886			6
2026.03.20	01:54:03.936	0.78872				2
2026.03.20	01:54:04.235	0.78870	0.78882			6
2026.03.20	01:54:05.622	0.78869				2
2026.03.20	01:54:12.108	0.78870				2
2026.03.20	01:54:28.554	0.78866	0.78878			6
2026.03.20	01:54:51.599	0.78865				2
2026.03.20	01:54:53.768	0.78866				2
2026.03.20	01:54:58.324	0.78867	0.78880			6
2026.03.20	01:55:00.630	0.78867				2
2026.03.20	01:55:08.369	0.78866	0.78879			6
2026.03.20	01:55:13.357	0.78864	0.78877			6
2026.03.20	01:55:18.303	0.78863				2
2026.03.20	01:55:23.557		0.78876			4
2026.03.20	01:55:34.702		0.78875			4
2026.03.20	01:55:51.734	0.78865	0.78878			6
2026.03.20	01:55:52.034		0.78877			4
2026.03.20	01:55:54.996	0.78864				2
2026.03.20	01:56:00.004	0.78864				2
2026.03.20	01:56:04.568	0.78863				2
2026.03.20	01:56:05.450	0.78861	0.78875			6
2026.03.20	01:56:12.062	0.78860	0.78873			6
2026.03.20	01:56:21.142	0.78862	0.78875			6
2026.03.20	01:56:26.735	0.78860	0.78872			6
2026.03.20	01:56:31.565	0.78857	0.78871			6
2026.03.20	01:56:32.184		0.78870			4
2026.03.20	01:56:42.524	0.78858				2
2026.03.20	01:56:43.425		0.78871			4
2026.03.20	01:56:50.285		0.78872			4
2026.03.20	01:56:50.891	0.78855	0.78868			6
2026.03.20	01:56:54.076	0.78853	0.78867			6
2026.03.20	01:56:57.128	0.78854	0.78868			6
2026.03.20	01:57:01.441	0.78854				2
2026.03.20	01:57:01.742	0.78861	0.78874			6
2026.03.20	01:57:02.043		0.78873			4
2026.03.20	01:57:04.022		0.78874			4
2026.03.20	01:57:05.491	0.78866	0.78878			6
2026.03.20	01:57:05.790		0.78876			4
2026.03.20	01:57:06.092	0.78865				2
2026.03.20	01:57:10.915	0.78867	0.78877			6
2026.03.20	01:57:12.089	0.78868	0.78878			6
2026.03.20	01:57:12.390		0.78877			4
2026.03.20	01:57:14.046		0.78878			4
2026.03.20	01:57:19.273	0.78867	0.78877			6
2026.03.20	01:57:28.609	0.78868	0.78878			6
2026.03.20	01:57:31.672		0.78877			4
2026.03.20	01:57:31.972		0.78878			4
2026.03.20	01:57:34.385		0.78877			4
2026.03.20	01:57:58.754		0.78878			4
2026.03.20	01:58:00.202	0.78868				2
2026.03.20	01:58:03.768	0.78867				2
2026.03.20	01:58:11.944	0.78868				2
2026.03.20	01:58:17.651	0.78866				2
2026.03.20	01:58:18.613		0.78879			4
2026.03.20	01:58:19.515		0.78878			4
2026.03.20	01:58:26.384	0.78867				2
2026.03.20	01:58:35.678	0.78868				2
2026.03.20	01:58:44.976	0.78869	0.78879			6
2026.03.20	01:58:45.276		0.78880			4
2026.03.20	01:58:45.576		0.78881			4
2026.03.20	01:58:49.457	0.78870				2
2026.03.20	01:58:50.062		0.78882			4
2026.03.20	01:59:04.694	0.78870				2
2026.03.20	01:59:04.995	0.78869				2
2026.03.20	01:59:15.169	0.78871	0.78881			6
2026.03.20	01:59:19.233		0.78882			4
2026.03.20	01:59:19.852	0.78873	0.78885			6
2026.03.20	01:59:23.274		0.78887			4
2026.03.20	01:59:24.790		0.78886			4
2026.03.20	01:59:25.091		0.78887			4
2026.03.20	01:59:25.391	0.78870	0.78884			6
2026.03.20	01:59:29.772	0.78872	0.78886			6
2026.03.20	01:59:49.103	0.78871	0.78885			6
2026.03.20	02:00:00.005	0.78872	0.78884			6
2026.03.20	02:00:00.607	0.78873	0.78885			6
2026.03.20	02:00:01.207	0.78870	0.78881			6
2026.03.20	02:00:01.507		0.78882			4
2026.03.20	02:00:01.807	0.78871				2
2026.03.20	02:00:02.107	0.78870				2
2026.03.20	02:00:02.407	0.78871				2
2026.03.20	02:00:02.848	0.78870				2
2026.03.20	02:00:03.847		0.78881			4
2026.03.20	02:00:04.151	0.78868	0.78880			6
2026.03.20	02:00:04.451	0.78864	0.78876			6
2026.03.20	02:00:04.749	0.78863	0.78875			6
2026.03.20	02:00:05.349	0.78864				2
2026.03.20	02:00:05.853	0.78863				2
2026.03.20	02:00:06.153	0.78860	0.78872			6
2026.03.20	02:00:08.445		0.78871			4
2026.03.20	02:00:11.402	0.78858	0.78869			6
2026.03.20	02:00:11.705	0.78857	0.78868			6
2026.03.20	02:00:12.003		0.78869			4
2026.03.20	02:00:12.662	0.78858				2
2026.03.20	02:00:14.548	0.78857	0.78868			6
2026.03.20	02:00:18.977	0.78858	0.78869			6
2026.03.20	02:00:20.889	0.78851	0.78862			6
2026.03.20	02:00:21.489		0.78863			4
2026.03.20	02:00:24.190	0.78852				2
2026.03.20	02:00:27.671		0.78864			4
2026.03.20	02:00:32.723		0.78863			4
2026.03.20	02:00:33.647		0.78864			4
2026.03.20	02:00:33.948		0.78862			4
2026.03.20	02:00:37.650	0.78851				2
2026.03.20	02:00:37.952	0.78847	0.78858			6
2026.03.20	02:00:38.252		0.78857			4
2026.03.20	02:00:38.553	0.78845	0.78856			6
2026.03.20	02:00:40.365	0.78843	0.78855			6
2026.03.20	02:00:41.051		0.78854			4
2026.03.20	02:00:45.624	0.78842				2
2026.03.20	02:00:45.921		0.78853			4
2026.03.20	02:00:47.438	0.78840	0.78852			6
2026.03.20	02:00:47.738	0.78839	0.78851			6
2026.03.20	02:01:00.379	0.78839				2
2026.03.20	02:01:00.678	0.78840				2
2026.03.20	02:01:03.019	0.78849	0.78861			6
2026.03.20	02:01:03.620		0.78860			4
2026.03.20	02:01:03.919		0.78861			4
2026.03.20	02:01:06.086		0.78860			4
2026.03.20	02:01:09.069	0.78850	0.78861			6
2026.03.20	02:01:10.336	0.78849				2
2026.03.20	02:01:10.637	0.78850				2
2026.03.20	02:01:10.936		0.78862			4
2026.03.20	02:01:11.237	0.78851				2
2026.03.20	02:01:11.537	0.78849	0.78860			6
2026.03.20	02:01:14.101	0.78850	0.78861			6
2026.03.20	02:01:14.402	0.78849	0.78860			6
2026.03.20	02:01:15.781	0.78845	0.78857			6
2026.03.20	02:01:16.381	0.78846				2
2026.03.20	02:01:17.565	0.78845				2
2026.03.20	02:01:17.865	0.78844	0.78855			6
2026.03.20	02:01:19.011	0.78846	0.78857			6
2026.03.20	02:01:22.519	0.78843	0.78854			6
2026.03.20	02:01:24.430		0.78855			4
2026.03.20	02:01:24.731	0.78844	0.78856			6
2026.03.20	02:01:25.031		0.78855			4
2026.03.20	02:01:25.332		0.78856			4
2026.03.20	02:01:25.711	0.78845				2
2026.03.20	02:01:26.011		0.78857			4
2026.03.20	02:01:27.926	0.78848	0.78860			6
2026.03.20	02:01:28.528		0.78859			4
2026.03.20	02:01:30.523	0.78847				2
2026.03.20	02:01:31.074	0.78848				2
2026.03.20	02:01:31.374	0.78849	0.78860			6
2026.03.20	02:01:35.612	0.78851	0.78862			6
2026.03.20	02:01:38.868	0.78852	0.78863			6
2026.03.20	02:01:39.169		0.78862			4
2026.03.20	02:01:42.422		0.78863			4
2026.03.20	02:01:42.723	0.78854	0.78865			6
2026.03.20	02:01:46.792	0.78851	0.78861			6
2026.03.20	02:01:47.614		0.78862			4
2026.03.20	02:01:51.158	0.78852	0.78863			6
2026.03.20	02:01:56.100	0.78853	0.78864			6
2026.03.20	02:01:58.388	0.78852				2
2026.03.20	02:02:00.244	0.78852				2
2026.03.20	02:02:00.545		0.78863			4
2026.03.20	02:02:15.209	0.78850	0.78860			6
2026.03.20	02:02:15.509		0.78861			4
2026.03.20	02:02:16.537	0.78849	0.78859			6
2026.03.20	02:02:16.837		0.78861			4
2026.03.20	02:02:18.225		0.78860			4
2026.03.20	02:02:18.526		0.78861			4
2026.03.20	02:02:20.523	0.78851	0.78862			6
2026.03.20	02:02:22.206		0.78863			4
2026.03.20	02:02:25.574	0.78852	0.78862			6
2026.03.20	02:02:30.568	0.78853	0.78864			6
2026.03.20	02:02:35.364	0.78857	0.78868			6
2026.03.20	02:02:38.039	0.78858				2
2026.03.20	02:02:40.578	0.78855	0.78865			6
2026.03.20	02:02:40.879		0.78866			4
2026.03.20	02:02:51.633	0.78854	0.78864			6
2026.03.20	02:02:55.609		0.78865			4
2026.03.20	02:02:58.052		0.78864			4
2026.03.20	02:02:58.351	0.78853				2
2026.03.20	02:03:00.144	0.78853				2
2026.03.20	02:03:01.409	0.78854	0.78865			6
2026.03.20	02:03:02.009	0.78855	0.78866			6
2026.03.20	02:03:02.815	0.78854				2
2026.03.20	02:03:03.673		0.78865			4
2026.03.20	02:03:08.737	0.78852	0.78864			6
2026.03.20	02:03:09.038	0.78853	0.78865			6
2026.03.20	02:03:09.338	0.78854				2
2026.03.20	02:03:12.004		0.78866			4
2026.03.20	02:03:14.346	0.78855				2
2026.03.20	02:03:21.159		0.78867			4
2026.03.20	02:03:21.461		0.78866			4
2026.03.20	02:03:35.321	0.78856	0.78867			6
2026.03.20	02:03:35.622	0.78857	0.78868			6
2026.03.20	02:03:36.841	0.78859	0.78871			6
2026.03.20	02:03:40.095		0.78870			4
2026.03.20	02:03:40.395		0.78871			4
2026.03.20	02:03:41.702		0.78870			4
2026.03.20	02:03:42.002	0.78858	0.78869			6
2026.03.20	02:03:46.867	0.78859				2
2026.03.20	02:03:53.493	0.78858				2
2026.03.20	02:03:55.688	0.78859				2
2026.03.20	02:04:00.328	0.78859				2
2026.03.20	02:04:00.625	0.78860	0.78872			6
2026.03.20	02:04:01.364	0.78863	0.78874			6
2026.03.20	02:04:04.688	0.78861	0.78870			6
2026.03.20	02:04:10.102		0.78871			4
2026.03.20	02:04:10.400		0.78872			4
2026.03.20	02:04:13.860		0.78870			4
2026.03.20	02:04:21.490		0.78872			4
2026.03.20	02:04:24.602	0.78862	0.78873			6
2026.03.20	02:04:25.942	0.78863	0.78874			6
2026.03.20	02:04:26.543		0.78873			4
2026.03.20	02:04:27.500	0.78862				2
2026.03.20	02:04:27.799	0.78867	0.78868			6
2026.03.20	02:04:29.004	0.78866	0.78867			6
2026.03.20	02:04:29.304	0.78865				2
2026.03.20	02:04:29.605	0.78864	0.78866			6
2026.03.20	02:04:30.205		0.78867			4
2026.03.20	02:04:31.406	0.78860	0.78871			6
2026.03.20	02:04:33.366		0.78872			4
2026.03.20	02:04:33.750	0.78861				2
2026.03.20	02:04:34.051		0.78869			4
2026.03.20	02:04:34.351		0.78872			4
2026.03.20	02:04:34.736	0.78862	0.78869			6
2026.03.20	02:04:35.037		0.78872			4
2026.03.20	02:04:35.337		0.78869			4
2026.03.20	02:04:37.211	0.78860	0.78871			6
2026.03.20	02:04:42.885		0.78869			4
2026.03.20	02:04:43.188		0.78871			4
2026.03.20	02:04:43.794	0.78865	0.78866			6
2026.03.20	02:04:45.595	0.78863	0.78864			6
2026.03.20	02:04:46.197	0.78862	0.78865			6
2026.03.20	02:04:47.399	0.78858	0.78869			6
2026.03.20	02:05:00.163	0.78858				2
2026.03.20	02:05:02.623	0.78857	0.78868			6
2026.03.20	02:05:07.945	0.78858				2
2026.03.20	02:05:12.381		0.78869			4
2026.03.20	02:05:20.376	0.78856	0.78867			6
2026.03.20	02:05:24.908	0.78855				2
2026.03.20	02:05:26.186	0.78856				2
2026.03.20	02:05:30.288		0.78866			4
2026.03.20	02:05:32.629		0.78867			4
2026.03.20	02:05:43.139	0.78857	0.78869			6
2026.03.20	02:05:43.439	0.78858				2
2026.03.20	02:05:47.090	0.78857	0.78868			6
2026.03.20	02:05:47.690		0.78869			4
2026.03.20	02:05:47.991	0.78858				2
2026.03.20	02:05:48.293	0.78861	0.78873			6
2026.03.20	02:05:48.592	0.78863	0.78874			6
2026.03.20	02:05:49.795		0.78875			4
2026.03.20	02:05:50.159	0.78864				2
2026.03.20	02:05:50.744	0.78863				2
2026.03.20	02:05:51.048		0.78873			4
2026.03.20	02:05:51.976		0.78874			4
2026.03.20	02:05:52.932		0.78875			4
2026.03.20	02:05:53.233	0.78864				2
2026.03.20	02:05:55.413	0.78863	0.78874			6
2026.03.20	02:06:00.139	0.78863				2
2026.03.20	02:06:00.441	0.78864	0.78875			6
2026.03.20	02:06:01.391	0.78865	0.78876			6
2026.03.20	02:06:01.692	0.78866				2
2026.03.20	02:06:01.993	0.78868	0.78879			6
2026.03.20	02:06:02.293		0.78878			4
2026.03.20	02:06:02.594	0.78869	0.78880			6
2026.03.20	02:06:02.895	0.78868	0.78879			6
2026.03.20	02:06:05.573		0.78878			4
2026.03.20	02:06:05.874		0.78879			4
2026.03.20	02:06:06.996		0.78877			4
2026.03.20	02:06:09.172	0.78870	0.78881			6
2026.03.20	02:06:13.426	0.78871				2
2026.03.20	02:06:14.680		0.78882			4
2026.03.20	02:06:18.664	0.78873	0.78883			6
2026.03.20	02:06:19.270		0.78882			4
2026.03.20	02:06:19.568	0.78872				2
2026.03.20	02:06:19.867		0.78881			4
2026.03.20	02:06:21.849	0.78871				2
2026.03.20	02:06:23.386		0.78880			4
2026.03.20	02:06:23.687		0.78882			4
2026.03.20	02:06:25.740	0.78869	0.78879			6
2026.03.20	02:06:26.640		0.78878			4
2026.03.20	02:06:30.970	0.78868				2
2026.03.20	02:06:31.271	0.78867				2
2026.03.20	02:06:31.572	0.78868	0.78879			6
2026.03.20	02:06:32.398		0.78877			4
2026.03.20	02:06:40.216	0.78869				2
2026.03.20	02:06:41.270	0.78868	0.78876			6
2026.03.20	02:06:42.472		0.78877			4
2026.03.20	02:06:42.772		0.78878			4
2026.03.20	02:06:45.212		0.78876			4
2026.03.20	02:06:46.469	0.78866				2
2026.03.20	02:06:47.069		0.78875			4
2026.03.20	02:06:47.671		0.78876			4
2026.03.20	02:06:48.473		0.78875			4
2026.03.20	02:06:49.218		0.78876			4
2026.03.20	02:06:55.268	0.78867				2
2026.03.20	02:07:00.270	0.78867				2
2026.03.20	02:07:02.168		0.78877			4
2026.03.20	02:07:02.469		0.78876			4
2026.03.20	02:07:05.736	0.78866				2
2026.03.20	02:07:08.161	0.78867	0.78877			6
2026.03.20	02:07:08.762		0.78876			4
2026.03.20	02:07:09.061	0.78865	0.78874			6
2026.03.20	02:07:09.361		0.78875			4
2026.03.20	02:07:09.662	0.78864	0.78873			6
2026.03.20	02:07:10.263	0.78862				2
2026.03.20	02:07:10.863		0.78874			4
2026.03.20	02:07:22.293	0.78863				2
2026.03.20	02:07:22.755	0.78862				2
2026.03.20	02:07:28.657	0.78865	0.78877			6
2026.03.20	02:07:28.957		0.78876			4
2026.03.20	02:07:29.722	0.78866	0.78878			6
2026.03.20	02:07:30.619		0.78877			4
2026.03.20	02:07:30.919		0.78878			4
2026.03.20	02:07:36.948		0.78877			4
2026.03.20	02:07:37.549	0.78867	0.78878			6
2026.03.20	02:07:37.850	0.78865	0.78876			6
2026.03.20	02:07:38.150	0.78864				2
2026.03.20	02:07:38.451	0.78865				2
2026.03.20	02:07:42.079	0.78864				2
2026.03.20	02:07:42.379	0.78865				2
2026.03.20	02:07:43.926	0.78864	0.78875			6
2026.03.20	02:07:47.821	0.78861	0.78872			6
2026.03.20	02:07:50.124	0.78862	0.78873			6
2026.03.20	02:07:50.979	0.78863				2
2026.03.20	02:07:51.693	0.78862				2
2026.03.20	02:07:51.993	0.78861	0.78871			6
2026.03.20	02:07:52.293		0.78872			4
2026.03.20	02:07:53.426		0.78871			4
2026.03.20	02:07:54.005		0.78872			4
2026.03.20	02:07:54.736		0.78871			4
2026.03.20	02:07:55.037		0.78872			4
2026.03.20	02:07:55.673		0.78871			4
2026.03.20	02:07:55.973		0.78872			4
2026.03.20	02:07:56.873		0.78871			4
2026.03.20	02:07:57.173		0.78872			4
2026.03.20	02:07:59.023		0.78870			4
2026.03.20	02:07:59.528		0.78872			4
2026.03.20	02:08:00.146	0.78861				2
2026.03.20	02:08:00.445		0.78873			4
2026.03.20	02:08:00.745	0.78862				2
2026.03.20	02:08:02.772		0.78870			4
2026.03.20	02:08:03.072		0.78873			4
2026.03.20	02:08:03.372		0.78870			4
2026.03.20	02:08:05.778		0.78872			4
2026.03.20	02:08:06.078		0.78873			4
2026.03.20	02:08:06.377	0.78861	0.78871			6
2026.03.20	02:08:07.403	0.78862	0.78873			6
2026.03.20	02:08:16.691	0.78861	0.78871			6
2026.03.20	02:08:19.640		0.78872			4
2026.03.20	02:08:24.158	0.78857	0.78867			6
2026.03.20	02:08:24.454	0.78860	0.78871			6
2026.03.20	02:08:28.715	0.78858	0.78869			6
2026.03.20	02:08:30.686	0.78859	0.78870			6
2026.03.20	02:08:31.676	0.78862	0.78873			6
2026.03.20	02:08:31.976		0.78872			4
2026.03.20	02:08:32.276		0.78873			4
2026.03.20	02:08:32.576	0.78859	0.78869			6
2026.03.20	02:08:33.789		0.78870			4
2026.03.20	02:08:34.088	0.78860				2
2026.03.20	02:08:39.065	0.78861	0.78871			6
2026.03.20	02:08:39.768	0.78860	0.78870			6
2026.03.20	02:08:40.378		0.78871			4
2026.03.20	02:08:42.746	0.78863	0.78874			6
2026.03.20	02:08:46.098		0.78873			4
2026.03.20	02:08:47.162		0.78874			4
2026.03.20	02:08:49.786	0.78868	0.78878			6
2026.03.20	02:08:50.085	0.78865	0.78876			6
2026.03.20	02:08:51.079	0.78864	0.78874			6
2026.03.20	02:08:53.029	0.78865	0.78876			6
2026.03.20	02:08:53.329	0.78866				2
2026.03.20	02:08:55.068	0.78865	0.78875			6
2026.03.20	02:08:59.989		0.78874			4
2026.03.20	02:09:00.289	0.78865				2
2026.03.20	02:09:00.589		0.78875			4
2026.03.20	02:09:01.452	0.78866				2
2026.03.20	02:09:01.752	0.78865	0.78877			6
2026.03.20	02:09:02.053	0.78866	0.78876			6
2026.03.20	02:09:03.335	0.78867				2
2026.03.20	02:09:08.015		0.78877			4
2026.03.20	02:09:11.105		0.78878			4
2026.03.20	02:09:11.405		0.78877			4
2026.03.20	02:09:12.071	0.78868	0.78878			6
2026.03.20	02:09:12.372	0.78867				2
2026.03.20	02:09:14.122	0.78866				2
2026.03.20	02:09:14.422		0.78876			4
2026.03.20	02:09:17.976		0.78877			4
2026.03.20	02:09:20.372	0.78867	0.78878			6
2026.03.20	02:09:20.672	0.78866				2
2026.03.20	02:09:20.972	0.78867				2
2026.03.20	02:09:22.689	0.78871	0.78883			6
2026.03.20	02:09:23.290	0.78874	0.78885			6
2026.03.20	02:09:27.807	0.78878	0.78889			6
2026.03.20	02:09:28.106	0.78877	0.78888			6
2026.03.20	02:09:28.407	0.78876				2
2026.03.20	02:09:29.007		0.78887			4
2026.03.20	02:09:31.986	0.78877	0.78888			6
2026.03.20	02:09:37.389	0.78876	0.78887			6
2026.03.20	02:09:37.690	0.78877				2
2026.03.20	02:09:38.853		0.78888			4
2026.03.20	02:09:39.153	0.78878	0.78889			6
2026.03.20	02:09:44.485		0.78888			4
2026.03.20	02:09:46.295	0.78877				2
2026.03.20	02:09:49.563		0.78887			4
2026.03.20	02:09:49.864	0.78873	0.78886			6
2026.03.20	02:09:50.766		0.78885			4
2026.03.20	02:09:51.368	0.78874				2
2026.03.20	02:09:53.170	0.78873				2
2026.03.20	02:10:00.235	0.78873				2
2026.03.20	02:10:00.535	0.78872	0.78884			6
2026.03.20	02:10:01.436	0.78873				2
2026.03.20	02:10:03.450	0.78864	0.78874			6
2026.03.20	02:10:03.750		0.78875			4
2026.03.20	02:10:04.980	0.78859	0.78870			6
2026.03.20	02:10:06.806		0.78869			4
2026.03.20	02:10:15.732		0.78870			4
2026.03.20	02:10:17.322		0.78869			4
2026.03.20	02:10:17.622		0.78870			4
2026.03.20	02:10:20.004		0.78869			4
2026.03.20	02:10:20.303		0.78868			4
2026.03.20	02:10:21.779	0.78858				2
2026.03.20	02:10:22.080	0.78859				2
2026.03.20	02:10:29.367	0.78857	0.78867			6
2026.03.20	02:10:29.969		0.78868			4
2026.03.20	02:10:30.571	0.78858	0.78867			6
2026.03.20	02:10:30.871	0.78857	0.78869			6
2026.03.20	02:10:31.172	0.78859	0.78868			6
2026.03.20	02:10:38.653		0.78869			4
2026.03.20	02:10:39.867		0.78871			4
2026.03.20	02:10:40.167	0.78860	0.78869			6
2026.03.20	02:10:44.114	0.78864	0.78870			6
2026.03.20	02:10:44.414	0.78860	0.78867			6
2026.03.20	02:10:44.717	0.78864	0.78870			6
2026.03.20	02:10:45.017	0.78860	0.78867			6
2026.03.20	02:10:45.317	0.78864	0.78870			6
2026.03.20	02:10:45.617	0.78860	0.78867			6
2026.03.20	02:10:45.917	0.78864	0.78870			6
2026.03.20	02:10:46.218	0.78860	0.78867			6
2026.03.20	02:10:46.518	0.78864	0.78870			6
2026.03.20	02:10:46.818	0.78860	0.78867			6
2026.03.20	02:10:47.118	0.78864	0.78870			6
2026.03.20	02:10:47.419	0.78860	0.78867			6
2026.03.20	02:10:47.720		0.78870			4
2026.03.20	02:10:51.952	0.78866	0.78877			6
2026.03.20	02:10:52.254	0.78867				2
2026.03.20	02:10:53.650		0.78876			4
2026.03.20	02:10:58.769		0.78879			4
2026.03.20	02:11:03.090	0.78867				2
2026.03.20	02:11:03.390	0.78868	0.78877			6
2026.03.20	02:11:03.689		0.78879			4
2026.03.20	02:11:10.860	0.78867	0.78877			6
2026.03.20	02:11:13.799	0.78871	0.78880			6
2026.03.20	02:11:14.097	0.78870	0.78881			6
2026.03.20	02:11:14.398	0.78871				2
2026.03.20	02:11:15.694		0.78882			4
2026.03.20	02:11:15.994	0.78872	0.78881			6
2026.03.20	02:11:22.113	0.78871				2
2026.03.20	02:11:24.083	0.78868	0.78878			6
2026.03.20	02:11:26.849	0.78869				2
2026.03.20	02:11:27.451	0.78868				2
2026.03.20	02:11:31.426	0.78867				2
2026.03.20	02:11:41.596	0.78868				2
2026.03.20	02:11:43.202	0.78867				2
2026.03.20	02:11:44.075	0.78865	0.78874			6
2026.03.20	02:11:44.375	0.78864	0.78875			6
2026.03.20	02:11:44.676	0.78867	0.78878			6
2026.03.20	02:11:53.313	0.78869	0.78879			6
2026.03.20	02:11:54.515	0.78868	0.78880			6
2026.03.20	02:11:55.675		0.78878			4
2026.03.20	02:11:56.276	0.78871	0.78880			6
2026.03.20	02:12:01.013	0.78871				2
2026.03.20	02:12:01.314	0.78870	0.78881			6
2026.03.20	02:12:03.346	0.78873	0.78882			6
2026.03.20	02:12:04.246	0.78871				2
2026.03.20	02:12:06.137	0.78873				2
2026.03.20	02:12:06.437	0.78871				2
2026.03.20	02:12:06.738	0.78872				2
2026.03.20	02:12:07.676		0.78884			4
2026.03.20	02:12:08.276	0.78871	0.78882			6
2026.03.20	02:12:08.576	0.78872				2
2026.03.20	02:12:09.510	0.78874	0.78885			6
2026.03.20	02:12:09.810	0.78875				2
2026.03.20	02:12:14.185		0.78884			4
2026.03.20	02:12:14.786	0.78874	0.78886			6
2026.03.20	02:12:16.710		0.78884			4
2026.03.20	02:12:22.566		0.78885			4
2026.03.20	02:12:22.866		0.78884			4
2026.03.20	02:12:25.256	0.78875				2
2026.03.20	02:12:28.632		0.78885			4
2026.03.20	02:12:30.484	0.78876				2
2026.03.20	02:12:31.808	0.78877	0.78887			6
2026.03.20	02:12:32.969	0.78881	0.78891			6
2026.03.20	02:12:40.120		0.78890			4
2026.03.20	02:12:41.726	0.78880	0.78892			6
2026.03.20	02:12:43.841		0.78890			4
2026.03.20	02:12:44.142	0.78881				2
2026.03.20	02:12:48.635	0.78880				2
2026.03.20	02:12:48.938	0.78881				2
2026.03.20	02:12:57.586	0.78880				2
2026.03.20	02:12:58.187	0.78881	0.78891			6
2026.03.20	02:13:01.157	0.78881				2
2026.03.20	02:13:01.457	0.78879	0.78887			6
2026.03.20	02:13:01.758		0.78889			4
2026.03.20	02:13:03.451	0.78878	0.78887			6
2026.03.20	02:13:05.421	0.78876				2
2026.03.20	02:13:08.916	0.78879	0.78889			6
2026.03.20	02:13:14.693	0.78878	0.78887			6
2026.03.20	02:13:16.105	0.78877				2
2026.03.20	02:13:17.245	0.78875	0.78885			6
2026.03.20	02:13:18.011	0.78876	0.78887			6
2026.03.20	02:13:19.991	0.78874	0.78885			6
2026.03.20	02:13:20.858		0.78886			4
2026.03.20	02:13:25.204		0.78885			4
2026.03.20	02:13:25.504		0.78884			4
2026.03.20	02:13:29.215	0.78875				2
2026.03.20	02:13:29.814	0.78874				2
2026.03.20	02:13:30.825	0.78875				2
2026.03.20	02:13:32.962		0.78886			4
2026.03.20	02:13:34.454	0.78874				2
2026.03.20	02:13:37.086		0.78884			4
2026.03.20	02:13:37.388	0.78875				2
2026.03.20	02:13:38.917	0.78874				2
2026.03.20	02:13:41.100	0.78873				2
2026.03.20	02:13:45.115	0.78874				2
2026.03.20	02:13:47.111		0.78885			4
2026.03.20	02:13:47.411	0.78875	0.78884			6
2026.03.20	02:13:55.080	0.78874	0.78885			6
2026.03.20	02:13:55.680	0.78877	0.78886			6
2026.03.20	02:13:55.982	0.78875				2
2026.03.20	02:13:59.516	0.78876				2
2026.03.20	02:14:01.450	0.78876				2
2026.03.20	02:14:02.050		0.78888			4
2026.03.20	02:14:02.350		0.78886			4
2026.03.20	02:14:03.663		0.78888			4
2026.03.20	02:14:04.094	0.78877	0.78886			6
2026.03.20	02:14:04.394	0.78876				2
2026.03.20	02:14:06.023	0.78877				2
2026.03.20	02:14:06.323	0.78876	0.78888			6
2026.03.20	02:14:07.282		0.78887			4
2026.03.20	02:14:14.750	0.78875	0.78886			6
2026.03.20	02:14:19.462	0.78876	0.78887			6
2026.03.20	02:14:26.397	0.78877				2
2026.03.20	02:14:48.430		0.78888			4
2026.03.20	02:14:50.511	0.78873	0.78884			6
2026.03.20	02:14:50.813	0.78875	0.78885			6
2026.03.20	02:14:51.112	0.78873	0.78884			6
2026.03.20	02:14:59.911	0.78875				2
2026.03.20	02:15:00.212	0.78875	0.78883			6
2026.03.20	02:15:13.491		0.78884			4
2026.03.20	02:15:14.416	0.78876				2
2026.03.20	02:15:15.158	0.78875				2
2026.03.20	02:15:15.760	0.78876	0.78885			6
2026.03.20	02:15:24.852		0.78884			4
2026.03.20	02:15:26.457	0.78875				2
2026.03.20	02:15:35.375		0.78883			4
2026.03.20	02:15:39.149	0.78878				2
2026.03.20	02:15:39.449	0.78876	0.78880			6
2026.03.20	02:15:39.750	0.78872	0.78881			6
2026.03.20	02:15:40.050	0.78874				2
2026.03.20	02:15:40.350	0.78878	0.78883			6
2026.03.20	02:15:41.252	0.78874	0.78881			6
2026.03.20	02:15:42.148	0.78878	0.78883			6
2026.03.20	02:15:42.748	0.78875				2
2026.03.20	02:15:48.647	0.78874	0.78884			6
2026.03.20	02:15:51.169	0.78876	0.78885			6
2026.03.20	02:15:53.392	0.78877				2
2026.03.20	02:15:57.149	0.78878	0.78886			6
2026.03.20	02:16:02.481	0.78878				2
2026.03.20	02:16:07.667	0.78876	0.78884			6
2026.03.20	02:16:10.347	0.78875				2
2026.03.20	02:16:11.431	0.78873	0.78882			6
2026.03.20	02:16:11.732	0.78874				2
2026.03.20	02:16:12.554	0.78875				2
2026.03.20	02:16:20.870		0.78881			4
2026.03.20	02:16:23.801	0.78873	0.78880			6
2026.03.20	02:16:30.405	0.78874	0.78881			6
2026.03.20	02:16:30.707	0.78876	0.78882			6
2026.03.20	02:16:33.352		0.78884			4
2026.03.20	02:16:34.855	0.78877				2
2026.03.20	02:16:36.107	0.78878				2
2026.03.20	02:16:38.094	0.78877				2
2026.03.20	02:16:46.572	0.78876				2
2026.03.20	02:16:48.502	0.78877				2
2026.03.20	02:16:54.014	0.78876				2
2026.03.20	02:16:54.314	0.78877	0.78885			6
2026.03.20	02:16:55.153	0.78876	0.78883			6
2026.03.20	02:16:56.454	0.78877	0.78884			6
2026.03.20	02:16:59.062	0.78878				2
2026.03.20	02:17:00.257	0.78878				2
2026.03.20	02:17:00.558	0.78880	0.78888			6
2026.03.20	02:17:03.437		0.78887			4
2026.03.20	02:17:12.723		0.78888			4
2026.03.20	02:17:13.456	0.78881				2
2026.03.20	02:17:13.757	0.78882	0.78889			6
2026.03.20	02:17:14.594	0.78883				2
2026.03.20	02:17:14.895	0.78884	0.78892			6
2026.03.20	02:17:17.506		0.78891			4
2026.03.20	02:17:17.804		0.78892			4
2026.03.20	02:17:23.653	0.78885				2
2026.03.20	02:17:31.810	0.78884				2
2026.03.20	02:17:33.189	0.78885				2
2026.03.20	02:17:38.550	0.78884				2
2026.03.20	02:17:41.074		0.78891			4
2026.03.20	02:17:42.476		0.78892			4
2026.03.20	02:17:42.777		0.78891			4
2026.03.20	02:17:43.742		0.78892			4
2026.03.20	02:17:44.343		0.78891			4
2026.03.20	02:17:44.643		0.78892			4
2026.03.20	02:17:48.708	0.78885	0.78893			6
2026.03.20	02:17:53.171	0.78886				2
2026.03.20	02:17:53.471	0.78885				2
2026.03.20	02:17:58.129	0.78886				2
2026.03.20	02:18:01.097	0.78886				2
2026.03.20	02:18:02.353	0.78885				2
2026.03.20	02:18:02.652	0.78882	0.78889			6
2026.03.20	02:18:10.450	0.78880	0.78888			6
2026.03.20	02:18:10.752		0.78887			4
2026.03.20	02:18:20.990		0.78888			4
2026.03.20	02:18:22.715		0.78887			4
2026.03.20	02:18:25.194		0.78888			4
2026.03.20	02:18:27.474		0.78887			4
2026.03.20	02:18:31.455	0.78879				2
2026.03.20	02:18:31.756	0.78880				2
2026.03.20	02:18:33.571		0.78888			4
2026.03.20	02:18:37.700		0.78887			4
2026.03.20	02:18:49.199		0.78888			4
2026.03.20	02:18:49.500	0.78884	0.78890			6
2026.03.20	02:18:49.801		0.78891			4
2026.03.20	02:18:53.308	0.78885	0.78892			6
2026.03.20	02:18:56.751	0.78882	0.78890			6
2026.03.20	02:18:59.204	0.78883				2
2026.03.20	02:19:00.379	0.78883				2
2026.03.20	02:19:03.367	0.78880	0.78887			6
2026.03.20	02:19:14.380		0.78886			4
2026.03.20	02:19:23.831		0.78887			4
2026.03.20	02:19:25.344	0.78879	0.78886			6
2026.03.20	02:19:33.756	0.78880				2
2026.03.20	02:19:34.056		0.78887			4
2026.03.20	02:19:35.269	0.78881	0.78889			6
2026.03.20	02:19:37.701		0.78888			4
2026.03.20	02:19:38.707	0.78880				2
2026.03.20	02:19:39.007		0.78887			4
2026.03.20	02:19:40.176	0.78881	0.78888			6
2026.03.20	02:19:43.132		0.78887			4
2026.03.20	02:19:44.132	0.78880	0.78886			6
2026.03.20	02:19:59.020	0.78879				2
2026.03.20	02:19:59.321	0.78880				2
2026.03.20	02:19:59.991	0.78882	0.78888			6
2026.03.20	02:20:00.292	0.78882				2
2026.03.20	02:20:02.303		0.78887			4
2026.03.20	02:20:04.115		0.78889			4
2026.03.20	02:20:04.988	0.78883	0.78890			6
2026.03.20	02:20:05.588		0.78889			4
2026.03.20	02:20:10.407	0.78882				2
2026.03.20	02:20:17.300		0.78890			4
2026.03.20	02:20:20.902	0.78883				2
2026.03.20	02:20:25.708	0.78882				2
2026.03.20	02:20:29.666	0.78883				2
2026.03.20	02:20:30.515		0.78891			4
2026.03.20	02:20:38.466		0.78888			4
2026.03.20	02:20:40.847	0.78882				2
2026.03.20	02:21:00.335	0.78882				2
2026.03.20	02:21:03.394	0.78872	0.78879			6
2026.03.20	02:21:07.790	0.78869	0.78875			6
2026.03.20	02:21:08.090	0.78870				2
2026.03.20	02:21:11.092	0.78869				2
2026.03.20	02:21:14.535	0.78870				2
2026.03.20	02:21:16.362	0.78869				2
2026.03.20	02:21:24.816	0.78872	0.78878			6
2026.03.20	02:21:26.097	0.78873	0.78880			6
2026.03.20	02:21:28.010		0.78881			4
2026.03.20	02:21:40.869		0.78882			4
2026.03.20	02:21:44.515	0.78875	0.78883			6
2026.03.20	02:21:58.775	0.78874				2
2026.03.20	02:22:05.964	0.78874				2
2026.03.20	02:22:06.571	0.78877	0.78886			6
2026.03.20	02:22:08.550	0.78876	0.78885			6
2026.03.20	02:22:10.666	0.78878	0.78886			6
2026.03.20	02:22:19.444	0.78877				2
2026.03.20	02:22:19.745	0.78876	0.78885			6
2026.03.20	02:22:28.945	0.78877				2
2026.03.20	02:22:38.365		0.78886			4
2026.03.20	02:22:39.428	0.78879	0.78887			6
2026.03.20	02:22:39.729		0.78888			4
2026.03.20	02:22:44.297	0.78880				2
2026.03.20	02:22:51.840	0.78881				2
2026.03.20	02:22:52.140		0.78889			4
2026.03.20	02:22:55.087	0.78880				2
2026.03.20	02:22:55.387	0.78879	0.78888			6
2026.03.20	02:23:00.700	0.78879				2
2026.03.20	02:23:01.877	0.78878				2
2026.03.20	02:23:02.742	0.78880				2
2026.03.20	02:23:17.123	0.78878	0.78887			6
2026.03.20	02:23:21.682	0.78877	0.78886			6
2026.03.20	02:23:23.165		0.78885			4
2026.03.20	02:23:35.446	0.78878	0.78887			6
2026.03.20	02:23:44.461	0.78876				2
2026.03.20	02:23:47.408	0.78878	0.78888			6
2026.03.20	02:23:48.477	0.78881	0.78890			6
2026.03.20	02:23:49.078	0.78886	0.78891			6
2026.03.20	02:23:49.713	0.78884	0.78892			6
2026.03.20	02:23:50.613	0.78883	0.78890			6
2026.03.20	02:23:51.331	0.78887	0.78892			6
2026.03.20	02:23:51.630	0.78883	0.78890			6
2026.03.20	02:23:51.937		0.78891			4
2026.03.20	02:23:52.233	0.78884	0.78892			6
2026.03.20	02:24:00.023	0.78884				2
2026.03.20	02:24:01.432	0.78881	0.78889			6
2026.03.20	02:24:02.876		0.78890			4
2026.03.20	02:24:03.537		0.78889			4
2026.03.20	02:24:03.839	0.78883				2
2026.03.20	02:24:07.755	0.78884	0.78890			6
2026.03.20	02:24:10.970	0.78883				2
2026.03.20	02:24:18.545	0.78884				2
2026.03.20	02:24:20.922	0.78883				2
2026.03.20	02:24:26.211		0.78891			4
2026.03.20	02:24:27.441		0.78890			4
2026.03.20	02:24:27.740		0.78892			4
2026.03.20	02:24:31.462	0.78884				2
2026.03.20	02:24:34.989		0.78891			4
2026.03.20	02:24:36.070		0.78892			4
2026.03.20	02:24:36.371		0.78891			4
2026.03.20	02:24:36.672		0.78892			4
2026.03.20	02:24:41.741	0.78886	0.78893			6
2026.03.20	02:24:46.776		0.78895			4
2026.03.20	02:24:47.076	0.78887				2
2026.03.20	02:24:51.047	0.78888				2
2026.03.20	02:24:51.349		0.78896			4
2026.03.20	02:24:51.649	0.78886	0.78894			6
2026.03.20	02:24:55.287	0.78888	0.78895			6
2026.03.20	02:24:58.022		0.78896			4
2026.03.20	02:24:58.589	0.78889				2
2026.03.20	02:24:58.889	0.78890	0.78897			6
2026.03.20	02:24:59.789	0.78889	0.78896			6
2026.03.20	02:25:00.089	0.78890	0.78897			6
2026.03.20	02:25:00.389	0.78888	0.78896			6
2026.03.20	02:25:04.090	0.78886	0.78893			6
2026.03.20	02:25:04.389	0.78885				2
2026.03.20	02:25:04.690		0.78892			4
2026.03.20	02:25:08.088	0.78883				2
2026.03.20	02:25:08.690	0.78882	0.78890			6
2026.03.20	02:25:19.221		0.78889			4
2026.03.20	02:25:19.521	0.78879	0.78887			6
2026.03.20	02:25:20.424		0.78886			4
2026.03.20	02:25:27.525	0.78881	0.78889			6
2026.03.20	02:25:28.617	0.78882				2
2026.03.20	02:25:29.991		0.78890			4
2026.03.20	02:25:33.531	0.78880	0.78889			6
2026.03.20	02:25:34.737	0.78881				2
2026.03.20	02:25:37.159	0.78885	0.78893			6
2026.03.20	02:25:38.294	0.78886	0.78895			6
2026.03.20	02:25:40.724	0.78887				2
2026.03.20	02:25:45.003		0.78894			4
2026.03.20	02:25:45.303		0.78895			4
2026.03.20	02:25:45.953	0.78886				2
2026.03.20	02:25:48.873		0.78893			4
2026.03.20	02:25:49.172		0.78895			4
2026.03.20	02:25:52.333	0.78885	0.78894			6
2026.03.20	02:26:00.194	0.78885	0.78893			6
2026.03.20	02:26:03.558	0.78886	0.78894			6
2026.03.20	02:26:08.484	0.78885	0.78893			6
2026.03.20	02:26:15.402	0.78884	0.78892			6
2026.03.20	02:26:15.701		0.78893			4
2026.03.20	02:26:16.579	0.78885	0.78894			6
2026.03.20	02:26:20.315	0.78884	0.78892			6
2026.03.20	02:26:20.615		0.78893			4
2026.03.20	02:26:30.412		0.78892			4
2026.03.20	02:26:34.537	0.78886	0.78893			6
2026.03.20	02:26:38.920	0.78885	0.78894			6
2026.03.20	02:26:41.558	0.78886				2
2026.03.20	02:26:45.564		0.78892			4
2026.03.20	02:26:47.004		0.78894			4
2026.03.20	02:26:49.012		0.78893			4
2026.03.20	02:26:53.406		0.78894			4
2026.03.20	02:26:53.706		0.78893			4
2026.03.20	02:27:00.877	0.78886				2
2026.03.20	02:27:02.911	0.78885				2
2026.03.20	02:27:03.681	0.78884				2
2026.03.20	02:27:03.981	0.78885				2
2026.03.20	02:27:15.899	0.78883	0.78890			6
2026.03.20	02:27:16.199	0.78882				2
2026.03.20	02:27:16.501	0.78884	0.78891			6
2026.03.20	02:27:20.621	0.78885				2
2026.03.20	02:27:21.174		0.78892			4
2026.03.20	02:27:25.125	0.78884	0.78891			6
2026.03.20	02:27:37.069	0.78885				2
2026.03.20	02:27:39.879	0.78884				2
2026.03.20	02:27:49.494	0.78885	0.78892			6
2026.03.20	02:27:57.019	0.78886	0.78894			6
2026.03.20	02:27:57.619	0.78885				2
2026.03.20	02:28:00.053	0.78885				2
2026.03.20	02:28:03.258	0.78884	0.78892			6
2026.03.20	02:28:11.212	0.78881	0.78890			6
2026.03.20	02:28:26.389	0.78882				2
2026.03.20	02:28:29.944	0.78881				2
2026.03.20	02:28:34.054	0.78880	0.78889			6
2026.03.20	02:28:34.353	0.78881				2
2026.03.20	02:28:36.458		0.78890			4
2026.03.20	02:28:38.099	0.78882				2
2026.03.20	02:28:44.072	0.78881				2
2026.03.20	02:28:46.307	0.78882	0.78891			6
2026.03.20	02:28:51.826	0.78883				2
2026.03.20	02:28:52.428	0.78882				2
2026.03.20	02:28:58.488	0.78883				2
2026.03.20	02:28:59.588	0.78882				2
2026.03.20	02:29:01.126	0.78882				2
2026.03.20	02:29:03.445	0.78881	0.78889			6
2026.03.20	02:29:08.331	0.78880				2
2026.03.20	02:29:08.931	0.78881				2
2026.03.20	02:29:11.201		0.78891			4
2026.03.20	02:29:11.901		0.78890			4
2026.03.20	02:29:17.681	0.78882				2
2026.03.20	02:29:19.797	0.78885	0.78893			6
2026.03.20	02:29:31.044	0.78884				2
2026.03.20	02:29:32.299		0.78892			4
2026.03.20	02:30:00.079	0.78884				2
2026.03.20	02:30:00.380	0.78881	0.78890			6
2026.03.20	02:30:09.874	0.78882				2
2026.03.20	02:30:11.428	0.78881				2
2026.03.20	02:30:29.361	0.78879	0.78889			6
2026.03.20	02:30:29.661	0.78878	0.78887			6
2026.03.20	02:30:31.282	0.78879				2
2026.03.20	02:30:34.454	0.78878				2
2026.03.20	02:30:35.891	0.78877	0.78886			6
2026.03.20	02:30:39.179	0.78876	0.78885			6
2026.03.20	02:30:39.479		0.78884			4
