<DATE>	<TIME>	<BID>	<ASK>	<LAST>	<VOLUME>	<FLAGS>
2026.05.28	00:03:30.093	0.78645	0.78727			6
2026.05.28	00:03:33.303		0.78724			4
2026.05.28	00:03:35.041		0.78727			4
2026.05.28	00:03:36.011		0.78724			4
2026.05.28	00:04:14.641	0.78645				2
2026.05.28	00:04:42.789		0.78724			4
2026.05.28	00:05:00.005	0.78645	0.78731			6
2026.05.28	00:05:00.306		0.78741			4
2026.05.28	00:05:05.476		0.78734			4
2026.05.28	00:05:05.776	0.78656	0.78741			6
2026.05.28	00:05:06.377	0.78645	0.78734			6
2026.05.28	00:05:06.678	0.78656	0.78741			6
2026.05.28	00:05:06.978	0.78645	0.78734			6
2026.05.28	00:05:07.586	0.78651	0.78740			6
2026.05.28	00:06:00.195	0.78651				2
2026.05.28	00:06:11.861		0.78740			4
2026.05.28	00:06:59.525		0.78738			4
2026.05.28	00:07:00.183	0.78651				2
2026.05.28	00:08:00.188	0.78651	0.78738			6
2026.05.28	00:09:00.588	0.78651	0.78738			6
2026.05.28	00:10:00.054	0.78651				2
2026.05.28	00:10:00.358	0.78640				2
2026.05.28	00:10:00.995	0.78644	0.78738			6
2026.05.28	00:10:17.422	0.78645	0.78746			6
2026.05.28	00:11:00.172	0.78645				2
2026.05.28	00:11:11.299	0.78640	0.78733			6
2026.05.28	00:11:12.575	0.78644				2
2026.05.28	00:12:00.199	0.78644	0.78737			6
2026.05.28	00:12:04.114		0.78734			4
2026.05.28	00:12:22.587	0.78643				2
2026.05.28	00:12:42.872	0.78644				2
2026.05.28	00:13:01.861	0.78644				2
2026.05.28	00:13:07.773		0.78734			4
2026.05.28	00:13:19.300		0.78735			4
2026.05.28	00:14:00.204	0.78644	0.78738			6
2026.05.28	00:15:00.020	0.78644				2
2026.05.28	00:15:00.320		0.78738			4
2026.05.28	00:15:28.529		0.78733			4
2026.05.28	00:15:59.463	0.78645				2
2026.05.28	00:15:59.769	0.78646				2
2026.05.28	00:16:00.207	0.78646	0.78737			6
2026.05.28	00:16:00.873	0.78647				2
2026.05.28	00:16:04.956	0.78648				2
2026.05.28	00:16:06.842		0.78738			4
2026.05.28	00:16:07.954		0.78737			4
2026.05.28	00:16:23.982		0.78738			4
2026.05.28	00:17:00.873	0.78648				2
2026.05.28	00:17:30.273		0.78738			4
2026.05.28	00:18:01.496	0.78648				2
2026.05.28	00:18:31.773		0.78738			4
2026.05.28	00:19:00.996	0.78648				2
2026.05.28	00:19:33.573		0.78738			4
2026.05.28	00:19:41.534	0.78647				2
2026.05.28	00:19:42.873	0.78646				2
2026.05.28	00:19:49.239		0.78734			4
2026.05.28	00:19:49.539		0.78733			4
2026.05.28	00:20:00.209	0.78646				2
2026.05.28	00:20:50.372		0.78733			4
2026.05.28	00:21:00.274	0.78646				2
2026.05.28	00:21:04.945	0.78645				2
2026.05.28	00:21:38.188	0.78646				2
2026.05.28	00:21:51.272		0.78733			4
2026.05.28	00:22:00.273	0.78646				2
2026.05.28	00:22:05.141	0.78647				2
2026.05.28	00:22:06.273	0.78648				2
2026.05.28	00:22:52.173		0.78733			4
2026.05.28	00:23:00.462	0.78648				2
2026.05.28	00:23:25.793	0.78646				2
2026.05.28	00:23:30.994	0.78648				2
2026.05.28	00:23:34.130	0.78649				2
2026.05.28	00:23:34.431	0.78648				2
2026.05.28	00:23:44.131	0.78649				2
2026.05.28	00:23:44.433	0.78648				2
2026.05.28	00:23:54.135	0.78649	0.78733			6
2026.05.28	00:23:54.436	0.78648				2
2026.05.28	00:24:00.779	0.78648				2
2026.05.28	00:24:01.079	0.78649				2
2026.05.28	00:24:04.135	0.78650				2
2026.05.28	00:24:04.437	0.78649				2
2026.05.28	00:24:13.822	0.78650				2
2026.05.28	00:24:15.575	0.78649				2
2026.05.28	00:24:24.138	0.78651				2
2026.05.28	00:24:24.438	0.78649				2
2026.05.28	00:24:34.137	0.78651				2
2026.05.28	00:24:34.440	0.78649				2
2026.05.28	00:24:37.473	0.78610	0.78685			6
2026.05.28	00:24:37.773		0.78688			4
2026.05.28	00:24:57.293		0.78689			4
2026.05.28	00:25:04.150	0.78610				2
2026.05.28	00:25:13.933	0.78617				2
2026.05.28	00:25:40.387		0.78691			4
2026.05.28	00:26:03.900	0.78617				2
2026.05.28	00:26:08.069		0.78689			4
2026.05.28	00:27:03.401	0.78617				2
2026.05.28	00:27:13.173		0.78689			4
2026.05.28	00:27:22.300		0.78688			4
2026.05.28	00:28:03.273	0.78617				2
2026.05.28	00:28:25.173		0.78688			4
2026.05.28	00:28:33.642		0.78687			4
2026.05.28	00:29:01.861	0.78617				2
2026.05.28	00:29:03.903		0.78691			4
2026.05.28	00:29:11.011		0.78690			4
2026.05.28	00:29:47.299		0.78689			4
2026.05.28	00:30:00.081	0.78617				2
2026.05.28	00:30:00.690		0.78693			4
2026.05.28	00:30:02.692		0.78695			4
2026.05.28	00:30:02.994		0.78699			4
2026.05.28	00:30:03.297		0.78693			4
2026.05.28	00:30:04.409		0.78692			4
2026.05.28	00:30:35.204		0.78698			4
2026.05.28	00:30:45.386		0.78704			4
2026.05.28	00:30:49.774		0.78703			4
2026.05.28	00:30:50.705		0.78702			4
2026.05.28	00:30:55.473		0.78698			4
2026.05.28	00:31:00.079	0.78617	0.78702			6
2026.05.28	00:31:00.380		0.78703			4
2026.05.28	00:31:10.426		0.78698			4
2026.05.28	00:31:10.728		0.78697			4
2026.05.28	00:31:12.025		0.78703			4
2026.05.28	00:31:12.326		0.78702			4
2026.05.28	00:31:16.085		0.78704			4
2026.05.28	00:31:24.209		0.78701			4
2026.05.28	00:31:26.744		0.78698			4
2026.05.28	00:31:27.044		0.78702			4
2026.05.28	00:31:27.345	0.78618				2
2026.05.28	00:31:32.080	0.78623	0.78700			6
2026.05.28	00:31:32.380	0.78620	0.78703			6
2026.05.28	00:31:42.574	0.78617	0.78701			6
2026.05.28	00:31:42.874		0.78698			4
2026.05.28	00:31:47.082		0.78696			4
2026.05.28	00:31:47.383	0.78625	0.78700			6
2026.05.28	00:31:50.706	0.78623	0.78704			6
2026.05.28	00:31:57.876	0.78625	0.78703			6
2026.05.28	00:32:00.474	0.78625				2
2026.05.28	00:32:00.775	0.78622	0.78702			6
2026.05.28	00:32:11.074	0.78617				2
2026.05.28	00:32:11.374		0.78698			4
2026.05.28	00:32:15.680	0.78626	0.78701			6
2026.05.28	00:32:25.997	0.78617	0.78702			6
2026.05.28	00:32:26.297		0.78698			4
2026.05.28	00:32:27.697		0.78699			4
2026.05.28	00:32:30.845	0.78627	0.78701			6
2026.05.28	00:32:40.910	0.78617	0.78702			6
2026.05.28	00:32:41.211		0.78695			4
2026.05.28	00:32:45.575	0.78628	0.78696			6
2026.05.28	00:32:45.875		0.78701			4
2026.05.28	00:32:46.192	0.78625				2
2026.05.28	00:32:50.634	0.78626	0.78700			6
2026.05.28	00:32:53.318	0.78631				2
2026.05.28	00:32:53.618	0.78642	0.78702			6
2026.05.28	00:33:00.634	0.78643	0.78701			6
2026.05.28	00:33:04.132	0.78617	0.78704			6
2026.05.28	00:33:04.437	0.78644	0.78701			6
2026.05.28	00:33:14.843	0.78617	0.78700			6
2026.05.28	00:33:15.874	0.78636	0.78697			6
2026.05.28	00:33:16.175	0.78644	0.78699			6
2026.05.28	00:33:20.635	0.78645				2
2026.05.28	00:33:26.455	0.78617	0.78701			6
2026.05.28	00:33:26.758		0.78700			4
2026.05.28	00:33:32.376		0.78698			4
2026.05.28	00:33:32.677	0.78638	0.78699			6
2026.05.28	00:33:32.977		0.78701			4
2026.05.28	00:33:33.278	0.78640	0.78702			6
2026.05.28	00:33:37.662	0.78645	0.78701			6
2026.05.28	00:33:43.369	0.78617	0.78704			6
2026.05.28	00:33:43.669	0.78646	0.78703			6
2026.05.28	00:33:43.970	0.78648				2
2026.05.28	00:33:44.272		0.78704			4
2026.05.28	00:33:49.473		0.78703			4
2026.05.28	00:33:50.635	0.78649				2
2026.05.28	00:33:54.078	0.78648	0.78701			6
2026.05.28	00:33:54.379		0.78703			4
2026.05.28	00:33:58.394	0.78621	0.78696			6
2026.05.28	00:34:00.304	0.78621				2
2026.05.28	00:34:00.604	0.78633	0.78699			6
2026.05.28	00:34:00.904	0.78636	0.78700			6
2026.05.28	00:34:01.206	0.78620	0.78696			6
2026.05.28	00:34:03.583	0.78630	0.78699			6
2026.05.28	00:34:03.891	0.78632				2
2026.05.28	00:34:04.193	0.78630				2
2026.05.28	00:34:05.374		0.78700			4
2026.05.28	00:34:06.873	0.78621	0.78696			6
2026.05.28	00:34:08.731		0.78695			4
2026.05.28	00:34:09.033		0.78696			4
2026.05.28	00:34:09.336	0.78618				2
2026.05.28	00:34:09.635	0.78617	0.78698			6
2026.05.28	00:34:10.388	0.78621	0.78694			6
2026.05.28	00:34:13.629	0.78618	0.78698			6
2026.05.28	00:34:13.931	0.78617	0.78697			6
2026.05.28	00:34:14.533		0.78699			4
2026.05.28	00:34:14.833	0.78621	0.78692			6
2026.05.28	00:34:17.108	0.78620	0.78697			6
2026.05.28	00:34:17.410	0.78618				2
2026.05.28	00:34:18.625	0.78621	0.78692			6
2026.05.28	00:34:28.090		0.78695			4
2026.05.28	00:34:38.219		0.78692			4
2026.05.28	00:34:43.090		0.78696			4
2026.05.28	00:34:47.179	0.78620				2
2026.05.28	00:34:53.488		0.78691			4
2026.05.28	00:34:55.091		0.78696			4
2026.05.28	00:34:58.173	0.78621				2
2026.05.28	00:35:05.445	0.78621				2
2026.05.28	00:35:06.422		0.78695			4
2026.05.28	00:35:08.189	0.78622				2
2026.05.28	00:35:12.872	0.78621				2
2026.05.28	00:35:15.754		0.78692			4
2026.05.28	00:35:17.373	0.78622				2
2026.05.28	00:35:18.683		0.78698			4
2026.05.28	00:35:18.984		0.78699			4
2026.05.28	00:35:20.061	0.78623				2
2026.05.28	00:35:20.634	0.78624				2
2026.05.28	00:35:25.222	0.78633				2
2026.05.28	00:35:25.522	0.78634	0.78700			6
2026.05.28	00:35:30.634	0.78635				2
2026.05.28	00:35:33.329	0.78629				2
2026.05.28	00:35:33.987	0.78628	0.78699			6
2026.05.28	00:35:34.288	0.78641	0.78700			6
2026.05.28	00:35:34.606	0.78646				2
2026.05.28	00:35:40.635	0.78647				2
2026.05.28	00:35:40.938	0.78645	0.78699			6
2026.05.28	00:35:41.862	0.78646				2
2026.05.28	00:35:44.281	0.78617	0.78695			6
2026.05.28	00:35:44.881		0.78692			4
2026.05.28	00:35:49.475		0.78693			4
2026.05.28	00:35:50.375		0.78694			4
2026.05.28	00:35:57.008		0.78692			4
2026.05.28	00:35:57.609		0.78691			4
2026.05.28	00:36:00.215	0.78617				2
2026.05.28	00:36:08.343	0.78626				2
2026.05.28	00:36:12.109	0.78625				2
2026.05.28	00:36:12.711		0.78692			4
2026.05.28	00:36:23.779	0.78624	0.78693			6
2026.05.28	00:36:27.813	0.78623				2
2026.05.28	00:36:28.113	0.78624				2
2026.05.28	00:36:30.051	0.78623				2
2026.05.28	00:36:31.457		0.78694			4
2026.05.28	00:36:31.758	0.78622	0.78695			6
2026.05.28	00:36:32.078	0.78623	0.78694			6
2026.05.28	00:36:37.019	0.78622	0.78695			6
2026.05.28	00:36:42.910		0.78694			4
2026.05.28	00:36:45.940		0.78695			4
2026.05.28	00:36:47.151		0.78694			4
2026.05.28	00:36:47.451		0.78695			4
2026.05.28	00:36:48.997		0.78696			4
2026.05.28	00:36:49.301	0.78619	0.78697			6
2026.05.28	00:36:49.602		0.78698			4
2026.05.28	00:36:51.187		0.78697			4
2026.05.28	00:36:55.773	0.78653				2
2026.05.28	00:36:56.674	0.78652				2
2026.05.28	00:36:56.974		0.78698			4
2026.05.28	00:37:00.040	0.78652				2
2026.05.28	00:37:01.175	0.78651	0.78699			6
2026.05.28	00:37:02.673	0.78652				2
2026.05.28	00:37:02.973		0.78698			4
2026.05.28	00:37:03.273	0.78650	0.78700			6
2026.05.28	00:37:06.943	0.78651	0.78699			6
2026.05.28	00:37:08.972	0.78650				2
2026.05.28	00:37:09.272		0.78700			4
2026.05.28	00:37:09.572	0.78664	0.78703			6
2026.05.28	00:37:12.328	0.78656	0.78701			6
2026.05.28	00:37:24.781	0.78657				2
2026.05.28	00:37:25.082		0.78702			4
2026.05.28	00:37:28.773		0.78701			4
2026.05.28	00:37:32.073		0.78702			4
2026.05.28	00:37:34.704	0.78666	0.78703			6
2026.05.28	00:37:35.008		0.78701			4
2026.05.28	00:37:37.544	0.78650	0.78700			6
2026.05.28	00:37:38.973	0.78649				2
2026.05.28	00:37:40.824		0.78701			4
2026.05.28	00:37:42.572	0.78648				2
2026.05.28	00:37:47.623	0.78667	0.78703			6
2026.05.28	00:37:48.574	0.78668				2
2026.05.28	00:37:50.702	0.78666	0.78700			6
2026.05.28	00:37:54.255	0.78656				2
2026.05.28	00:37:55.222	0.78657				2
2026.05.28	00:37:55.522		0.78701			4
2026.05.28	00:37:55.823	0.78658				2
2026.05.28	00:38:00.573	0.78658				2
2026.05.28	00:38:02.697		0.78702			4
2026.05.28	00:38:05.612		0.78700			4
2026.05.28	00:38:10.523		0.78701			4
2026.05.28	00:38:11.073		0.78702			4
2026.05.28	00:38:17.374		0.78701			4
2026.05.28	00:38:20.726		0.78699			4
2026.05.28	00:38:25.222		0.78700			4
2026.05.28	00:38:25.523		0.78701			4
2026.05.28	00:38:26.124		0.78702			4
2026.05.28	00:38:33.100	0.78671	0.78704			6
2026.05.28	00:38:41.374	0.78672				2
2026.05.28	00:38:45.496	0.78671				2
2026.05.28	00:38:46.757	0.78670	0.78703			6
2026.05.28	00:38:49.480	0.78671				2
2026.05.28	00:38:51.320		0.78704			4
2026.05.28	00:38:54.621	0.78668	0.78701			6
2026.05.28	00:39:00.635	0.78668				2
2026.05.28	00:39:01.173	0.78667				2
2026.05.28	00:39:03.272	0.78668				2
2026.05.28	00:39:05.326	0.78667				2
2026.05.28	00:39:07.387		0.78704			4
2026.05.28	00:39:19.366	0.78666				2
2026.05.28	00:39:23.418		0.78697			4
2026.05.28	00:39:29.673		0.78696			4
2026.05.28	00:39:45.633	0.78668				2
2026.05.28	00:39:45.935	0.78666				2
2026.05.28	00:40:01.830	0.78666				2
2026.05.28	00:40:31.472		0.78696			4
2026.05.28	00:40:51.036	0.78669	0.78704			6
2026.05.28	00:40:51.335	0.78671				2
2026.05.28	00:40:58.172	0.78670				2
2026.05.28	00:40:59.674	0.78671				2
2026.05.28	00:41:00.874	0.78670				2
2026.05.28	00:41:05.673	0.78671				2
2026.05.28	00:41:05.974		0.78703			4
2026.05.28	00:41:06.273		0.78701			4
2026.05.28	00:41:06.574	0.78670				2
2026.05.28	00:41:10.573		0.78704			4
2026.05.28	00:41:10.875	0.78671				2
2026.05.28	00:41:15.163	0.78670				2
2026.05.28	00:41:20.893		0.78701			4
2026.05.28	00:41:21.493		0.78704			4
2026.05.28	00:41:21.793	0.78645	0.78695			6
2026.05.28	00:41:22.094		0.78696			4
2026.05.28	00:41:22.395	0.78649				2
2026.05.28	00:41:31.802	0.78621				2
2026.05.28	00:41:32.103	0.78622	0.78694			6
2026.05.28	00:41:32.402	0.78624	0.78693			6
2026.05.28	00:41:32.703	0.78649	0.78694			6
2026.05.28	00:41:33.004	0.78648	0.78695			6
2026.05.28	00:41:33.304	0.78650				2
2026.05.28	00:41:34.173		0.78696			4
2026.05.28	00:41:36.388	0.78645				2
2026.05.28	00:41:36.689	0.78647				2
2026.05.28	00:41:40.520	0.78645				2
2026.05.28	00:41:43.714	0.78651	0.78695			6
2026.05.28	00:41:44.972		0.78696			4
2026.05.28	00:41:50.373		0.78695			4
2026.05.28	00:41:51.700	0.78650				2
2026.05.28	00:41:52.001	0.78644				2
2026.05.28	00:41:52.302	0.78646				2
2026.05.28	00:41:53.423	0.78621				2
2026.05.28	00:41:53.724	0.78653	0.78694			6
2026.05.28	00:41:54.025		0.78695			4
2026.05.28	00:41:55.660	0.78647				2
2026.05.28	00:42:00.838	0.78651				2
2026.05.28	00:42:08.826	0.78654				2
2026.05.28	00:42:09.127		0.78696			4
2026.05.28	00:42:18.647	0.78653				2
2026.05.28	00:42:18.950	0.78625	0.78692			6
2026.05.28	00:42:23.043	0.78644	0.78694			6
2026.05.28	00:42:23.343	0.78647	0.78695			6
2026.05.28	00:42:33.762	0.78625	0.78692			6
2026.05.28	00:42:34.064	0.78651	0.78693			6
2026.05.28	00:42:34.365	0.78653				2
2026.05.28	00:42:34.665		0.78694			4
2026.05.28	00:42:44.269	0.78623				2
2026.05.28	00:42:44.570	0.78625	0.78692			6
2026.05.28	00:42:44.870	0.78652	0.78693			6
2026.05.28	00:42:45.170	0.78650	0.78695			6
2026.05.28	00:42:46.773		0.78694			4
2026.05.28	00:42:55.080	0.78622				2
2026.05.28	00:42:55.381	0.78624	0.78693			6
2026.05.28	00:42:55.683	0.78651				2
2026.05.28	00:42:55.985		0.78694			4
2026.05.28	00:42:57.222	0.78653				2
2026.05.28	00:42:59.073		0.78695			4
2026.05.28	00:43:00.634	0.78654				2
2026.05.28	00:43:01.472		0.78694			4
2026.05.28	00:43:01.773	0.78652				2
2026.05.28	00:43:02.074	0.78653				2
2026.05.28	00:43:07.091	0.78622				2
2026.05.28	00:43:07.392	0.78651	0.78693			6
2026.05.28	00:43:07.692	0.78653				2
2026.05.28	00:43:09.272		0.78694			4
2026.05.28	00:43:11.373		0.78693			4
2026.05.28	00:43:17.501	0.78623				2
2026.05.28	00:43:17.800	0.78624				2
2026.05.28	00:43:20.672		0.78692			4
2026.05.28	00:43:22.313	0.78647				2
2026.05.28	00:43:22.615	0.78646	0.78694			6
2026.05.28	00:43:23.642	0.78647				2
2026.05.28	00:43:32.714	0.78623				2
2026.05.28	00:43:33.014	0.78650	0.78693			6
2026.05.28	00:43:33.314	0.78652				2
2026.05.28	00:43:34.722	0.78653	0.78694			6
2026.05.28	00:43:45.027		0.78693			4
2026.05.28	00:43:46.423	0.78654	0.78694			6
2026.05.28	00:43:56.637	0.78646	0.78693			6
2026.05.28	00:43:56.937	0.78623				2
2026.05.28	00:43:57.237	0.78646				2
2026.05.28	00:43:57.536	0.78623				2
2026.05.28	00:43:57.837	0.78646				2
2026.05.28	00:43:58.138	0.78624				2
2026.05.28	00:43:58.439	0.78646				2
2026.05.28	00:43:58.741	0.78624				2
2026.05.28	00:43:59.041	0.78646				2
2026.05.28	00:43:59.343	0.78624				2
2026.05.28	00:43:59.643	0.78646				2
2026.05.28	00:43:59.945	0.78624				2
2026.05.28	00:44:00.245	0.78624				2
2026.05.28	00:44:01.421	0.78646				2
2026.05.28	00:44:01.721	0.78648				2
2026.05.28	00:44:03.872		0.78694			4
2026.05.28	00:44:08.761	0.78651				2
2026.05.28	00:44:09.064	0.78653				2
2026.05.28	00:44:11.149	0.78623				2
2026.05.28	00:44:11.450		0.78693			4
2026.05.28	00:44:14.343		0.78694			4
2026.05.28	00:44:16.120	0.78649				2
2026.05.28	00:44:16.420	0.78646	0.78695			6
2026.05.28	00:44:16.721	0.78648				2
2026.05.28	00:44:26.365	0.78622				2
2026.05.28	00:44:26.664		0.78694			4
2026.05.28	00:44:29.372	0.78623				2
2026.05.28	00:44:31.126	0.78647				2
2026.05.28	00:44:31.427	0.78646				2
2026.05.28	00:44:31.729	0.78649				2
2026.05.28	00:44:32.029		0.78695			4
2026.05.28	00:44:41.179	0.78622				2
2026.05.28	00:44:41.480	0.78623	0.78694			6
2026.05.28	00:44:46.120	0.78647				2
2026.05.28	00:44:46.421	0.78650	0.78695			6
2026.05.28	00:44:46.722	0.78652				2
2026.05.28	00:44:50.635	0.78653				2
2026.05.28	00:44:50.935	0.78642				2
2026.05.28	00:44:51.236	0.78639	0.78691			6
2026.05.28	00:44:53.673	0.78651	0.78693			6
2026.05.28	00:44:53.977	0.78653	0.78694			6
2026.05.28	00:44:54.277	0.78654				2
2026.05.28	00:44:55.655	0.78652				2
2026.05.28	00:44:55.956	0.78649				2
2026.05.28	00:44:56.674	0.78625	0.78691			6
2026.05.28	00:44:59.007	0.78647	0.78693			6
2026.05.28	00:44:59.308	0.78626	0.78691			6
2026.05.28	00:45:00.244	0.78627	0.78690			6
2026.05.28	00:45:00.545	0.78617	0.78701			6
2026.05.28	00:45:00.845		0.78700			4
2026.05.28	00:45:01.146	0.78618	0.78699			6
2026.05.28	00:45:01.446	0.78617	0.78700			6
2026.05.28	00:45:01.746	0.78620				2
2026.05.28	00:45:02.420		0.78699			4
2026.05.28	00:45:02.723		0.78698			4
2026.05.28	00:45:03.023	0.78641	0.78700			6
2026.05.28	00:45:05.426	0.78642	0.78701			6
2026.05.28	00:45:06.029	0.78623	0.78694			6
2026.05.28	00:45:06.833	0.78622	0.78695			6
2026.05.28	00:45:07.136	0.78623	0.78694			6
2026.05.28	00:45:07.439	0.78634	0.78695			6
2026.05.28	00:45:07.739	0.78637				2
2026.05.28	00:45:09.696	0.78630				2
2026.05.28	00:45:09.997		0.78694			4
2026.05.28	00:45:11.965		0.78695			4
2026.05.28	00:45:12.621	0.78640				2
2026.05.28	00:45:12.921	0.78644	0.78696			6
2026.05.28	00:45:14.764	0.78638				2
2026.05.28	00:45:15.065	0.78624	0.78695			6
2026.05.28	00:45:15.365	0.78622				2
2026.05.28	00:45:15.914	0.78623				2
2026.05.28	00:45:16.214		0.78694			4
2026.05.28	00:45:16.990	0.78637				2
2026.05.28	00:45:17.295	0.78645	0.78695			6
2026.05.28	00:45:19.290	0.78642				2
2026.05.28	00:45:19.793	0.78645				2
2026.05.28	00:45:20.394	0.78627	0.78691			6
2026.05.28	00:45:20.694	0.78626				2
2026.05.28	00:45:22.579	0.78638	0.78694			6
2026.05.28	00:45:22.880	0.78640				2
2026.05.28	00:45:23.182	0.78644				2
2026.05.28	00:45:25.473	0.78626	0.78691			6
2026.05.28	00:45:26.428		0.78690			4
2026.05.28	00:45:28.774	0.78637	0.78694			6
2026.05.28	00:45:29.075	0.78639	0.78695			6
2026.05.28	00:45:30.771	0.78625	0.78692			6
2026.05.28	00:45:33.109	0.78636	0.78695			6
2026.05.28	00:45:33.409	0.78639				2
2026.05.28	00:45:40.427	0.78643				2
2026.05.28	00:45:48.794	0.78648				2
2026.05.28	00:45:49.095	0.78649				2
2026.05.28	00:45:49.395	0.78652				2
2026.05.28	00:45:54.222	0.78650				2
2026.05.28	00:45:54.522	0.78648				2
2026.05.28	00:45:58.849	0.78621				2
2026.05.28	00:45:59.150	0.78654				2
2026.05.28	00:46:00.572	0.78654				2
2026.05.28	00:46:01.174	0.78656				2
2026.05.28	00:46:01.474		0.78697			4
2026.05.28	00:46:03.942	0.78655				2
2026.05.28	00:46:10.635	0.78656				2
2026.05.28	00:46:11.661	0.78620				2
2026.05.28	00:46:11.960	0.78621	0.78695			6
2026.05.28	00:46:12.873	0.78622				2
2026.05.28	00:46:16.634	0.78650	0.78697			6
2026.05.28	00:46:24.621	0.78653				2
2026.05.28	00:46:24.922	0.78650				2
2026.05.28	00:46:26.774	0.78621	0.78695			6
2026.05.28	00:46:27.074	0.78652	0.78696			6
2026.05.28	00:46:27.376	0.78655	0.78697			6
2026.05.28	00:46:29.794	0.78650				2
2026.05.28	00:46:30.552	0.78653				2
2026.05.28	00:46:30.853		0.78696			4
2026.05.28	00:46:32.313	0.78651				2
2026.05.28	00:46:33.644	0.78653				2
2026.05.28	00:46:34.492	0.78651				2
2026.05.28	00:46:37.182	0.78622	0.78695			6
2026.05.28	00:46:41.790	0.78646				2
2026.05.28	00:46:42.091		0.78696			4
2026.05.28	00:46:42.394	0.78651				2
2026.05.28	00:46:45.216	0.78654				2
2026.05.28	00:46:47.312	0.78652				2
2026.05.28	00:46:47.612	0.78655				2
2026.05.28	00:46:50.843	0.78654				2
2026.05.28	00:46:52.044	0.78655				2
2026.05.28	00:46:52.345	0.78622	0.78695			6
2026.05.28	00:46:53.373		0.78694			4
2026.05.28	00:47:02.711	0.78618	0.78698			6
2026.05.28	00:47:03.011	0.78643	0.78702			6
2026.05.28	00:47:05.415	0.78622	0.78694			6
2026.05.28	00:47:18.020	0.78647				2
2026.05.28	00:47:18.320	0.78652				2
2026.05.28	00:47:19.172		0.78695			4
2026.05.28	00:47:27.995	0.78623	0.78694			6
2026.05.28	00:47:32.721	0.78645				2
2026.05.28	00:47:33.022		0.78695			4
2026.05.28	00:47:33.323	0.78650				2
2026.05.28	00:47:42.943	0.78622				2
2026.05.28	00:47:44.972	0.78623				2
2026.05.28	00:47:45.275		0.78694			4
2026.05.28	00:47:57.875	0.78646	0.78690			6
2026.05.28	00:47:58.176	0.78649	0.78694			6
2026.05.28	00:47:58.476	0.78642	0.78690			6
2026.05.28	00:47:58.778	0.78643				2
2026.05.28	00:48:01.684	0.78643				2
2026.05.28	00:48:01.986		0.78691			4
2026.05.28	00:48:03.043	0.78653	0.78693			6
2026.05.28	00:48:03.343	0.78652	0.78694			6
2026.05.28	00:48:03.802	0.78654				2
2026.05.28	00:48:04.103		0.78695			4
2026.05.28	00:48:05.749	0.78639	0.78691			6
2026.05.28	00:48:06.133	0.78627				2
2026.05.28	00:48:06.607	0.78626				2
2026.05.28	00:48:08.630	0.78654	0.78693			6
2026.05.28	00:48:10.635	0.78655				2
2026.05.28	00:48:17.134	0.78656				2
2026.05.28	00:48:18.442		0.78694			4
2026.05.28	00:48:20.067	0.78658				2
2026.05.28	00:48:20.368	0.78660	0.78695			6
2026.05.28	00:48:27.246		0.78696			4
2026.05.28	00:48:30.587	0.78621				2
2026.05.28	00:48:30.887	0.78622	0.78694			6
2026.05.28	00:48:32.322	0.78623				2
2026.05.28	00:48:36.907	0.78653				2
2026.05.28	00:48:37.210	0.78657				2
2026.05.28	00:48:37.510		0.78695			4
2026.05.28	00:48:43.544	0.78659				2
2026.05.28	00:48:48.204	0.78622				2
2026.05.28	00:48:48.504	0.78658	0.78694			6
2026.05.28	00:48:51.555	0.78655				2
2026.05.28	00:48:58.912	0.78623				2
2026.05.28	00:49:03.460	0.78623				2
2026.05.28	00:49:03.761	0.78656				2
2026.05.28	00:49:05.374		0.78695			4
2026.05.28	00:49:15.829	0.78624				2
2026.05.28	00:49:16.129		0.78694			4
2026.05.28	00:49:20.804	0.78654				2
2026.05.28	00:49:21.106	0.78649				2
2026.05.28	00:49:21.408	0.78652	0.78695			6
2026.05.28	00:49:31.173	0.78624	0.78694			6
2026.05.28	00:50:05.072	0.78624				2
2026.05.28	00:50:13.474		0.78693			4
2026.05.28	00:50:27.168		0.78694			4
2026.05.28	00:50:53.074		0.78693			4
2026.05.28	00:51:02.679	0.78624				2
2026.05.28	00:51:28.174	0.78651				2
2026.05.28	00:51:32.072		0.78694			4
2026.05.28	00:51:38.359	0.78624				2
2026.05.28	00:51:38.960		0.78693			4
2026.05.28	00:51:39.348	0.78646				2
2026.05.28	00:51:39.647	0.78626	0.78691			6
2026.05.28	00:51:39.948	0.78632				2
2026.05.28	00:51:40.549		0.78690			4
2026.05.28	00:51:40.850	0.78634				2
2026.05.28	00:51:42.153	0.78642	0.78693			6
2026.05.28	00:51:42.759	0.78639				2
2026.05.28	00:51:50.634	0.78640				2
2026.05.28	00:51:52.372	0.78624				2
2026.05.28	00:51:56.447	0.78650				2
2026.05.28	00:51:56.751	0.78652				2
2026.05.28	00:52:06.384	0.78624				2
2026.05.28	00:52:06.986		0.78694			4
2026.05.28	00:52:11.145	0.78648				2
2026.05.28	00:52:11.445	0.78650				2
2026.05.28	00:52:11.745	0.78653				2
2026.05.28	00:52:21.274	0.78624				2
2026.05.28	00:52:26.146	0.78650				2
2026.05.28	00:52:26.447	0.78652				2
2026.05.28	00:52:26.748	0.78654				2
2026.05.28	00:52:30.635	0.78655				2
2026.05.28	00:52:31.777	0.78653				2
2026.05.28	00:52:36.573	0.78624				2
2026.05.28	00:52:39.650	0.78655				2
2026.05.28	00:52:40.634	0.78656				2
2026.05.28	00:52:49.924	0.78624				2
2026.05.28	00:52:54.352	0.78651				2
2026.05.28	00:52:54.655	0.78656				2
2026.05.28	00:52:57.574		0.78695			4
2026.05.28	00:53:00.635	0.78656				2
2026.05.28	00:53:04.438	0.78624				2
2026.05.28	00:53:04.743	0.78656	0.78694			6
2026.05.28	00:53:14.748	0.78624				2
2026.05.28	00:53:15.050	0.78654				2
2026.05.28	00:53:15.351	0.78656				2
2026.05.28	00:53:24.857	0.78624				2
2026.05.28	00:53:29.862	0.78653				2
2026.05.28	00:53:30.162	0.78655	0.78695			6
2026.05.28	00:53:40.370	0.78631				2
2026.05.28	00:53:41.973		0.78694			4
2026.05.28	00:54:01.773	0.78631				2
2026.05.28	00:54:08.859	0.78652	0.78695			6
2026.05.28	00:54:09.160	0.78655				2
2026.05.28	00:54:10.472		0.78696			4
2026.05.28	00:54:14.760		0.78695			4
2026.05.28	00:54:17.036	0.78653				2
2026.05.28	00:54:17.336	0.78652				2
2026.05.28	00:54:17.637		0.78694			4
2026.05.28	00:54:21.299	0.78651				2
2026.05.28	00:54:21.860	0.78652				2
2026.05.28	00:54:27.465	0.78631	0.78692			6
2026.05.28	00:54:27.765		0.78700			4
2026.05.28	00:54:28.066		0.78701			4
2026.05.28	00:54:28.365		0.78708			4
2026.05.28	00:54:28.668		0.78705			4
2026.05.28	00:54:37.772		0.78704			4
2026.05.28	00:54:38.925		0.78706			4
2026.05.28	00:54:39.225		0.78702			4
2026.05.28	00:54:39.525		0.78701			4
2026.05.28	00:54:40.127		0.78699			4
2026.05.28	00:54:40.728		0.78701			4
2026.05.28	00:54:44.509		0.78700			4
2026.05.28	00:54:47.234		0.78701			4
2026.05.28	00:54:47.535		0.78703			4
2026.05.28	00:54:48.138		0.78702			4
2026.05.28	00:54:48.741		0.78704			4
2026.05.28	00:54:49.344		0.78703			4
2026.05.28	00:54:50.977		0.78704			4
2026.05.28	00:54:51.281		0.78707			4
2026.05.28	00:54:52.359		0.78706			4
2026.05.28	00:54:54.888		0.78707			4
2026.05.28	00:54:55.191		0.78706			4
2026.05.28	00:54:56.455		0.78705			4
2026.05.28	00:54:56.758		0.78706			4
2026.05.28	00:54:58.868		0.78705			4
2026.05.28	00:54:59.169		0.78703			4
2026.05.28	00:54:59.769		0.78704			4
2026.05.28	00:55:00.245	0.78631				2
2026.05.28	00:55:00.547		0.78709			4
2026.05.28	00:55:00.847		0.78708			4
2026.05.28	00:55:01.456		0.78706			4
2026.05.28	00:55:01.757		0.78703			4
2026.05.28	00:55:08.763		0.78701			4
2026.05.28	00:55:09.214	0.78608				2
2026.05.28	00:55:09.511	0.78631				2
2026.05.28	00:55:14.927		0.78700			4
2026.05.28	00:55:16.407		0.78702			4
2026.05.28	00:55:18.509		0.78701			4
2026.05.28	00:55:23.020	0.78636				2
2026.05.28	00:55:30.839		0.78703			4
2026.05.28	00:55:32.945		0.78699			4
2026.05.28	00:55:42.274		0.78697			4
2026.05.28	00:55:53.105		0.78706			4
2026.05.28	00:55:53.405		0.78703			4
2026.05.28	00:55:53.706		0.78699			4
2026.05.28	00:55:54.306		0.78696			4
2026.05.28	00:56:00.022	0.78636				2
2026.05.28	00:56:05.128		0.78702			4
2026.05.28	00:56:07.230		0.78692			4
2026.05.28	00:56:07.531		0.78697			4
2026.05.28	00:56:08.431		0.78698			4
2026.05.28	00:56:12.346		0.78699			4
2026.05.28	00:56:22.263		0.78700			4
2026.05.28	00:56:25.572		0.78698			4
2026.05.28	00:56:25.876		0.78700			4
2026.05.28	00:56:26.178		0.78698			4
2026.05.28	00:56:29.188		0.78697			4
2026.05.28	00:56:30.091		0.78696			4
2026.05.28	00:56:30.398		0.78697			4
2026.05.28	00:56:39.707		0.78703			4
2026.05.28	00:56:42.416		0.78702			4
2026.05.28	00:56:43.614		0.78701			4
2026.05.28	00:56:44.517		0.78698			4
2026.05.28	00:56:44.820		0.78701			4
2026.05.28	00:56:54.440		0.78702			4
2026.05.28	00:56:58.653		0.78700			4
2026.05.28	00:56:58.955		0.78693			4
2026.05.28	00:56:59.253		0.78700			4
2026.05.28	00:57:00.160	0.78636				2
2026.05.28	00:57:08.873		0.78703			4
2026.05.28	00:57:09.474		0.78702			4
2026.05.28	00:57:11.285		0.78703			4
2026.05.28	00:57:11.587		0.78702			4
2026.05.28	00:57:13.692		0.78700			4
2026.05.28	00:57:23.913		0.78703			4
2026.05.28	00:57:28.716		0.78701			4
2026.05.28	00:57:36.230		0.78700			4
2026.05.28	00:57:38.331		0.78701			4
2026.05.28	00:57:42.849		0.78699			4
2026.05.28	00:57:43.146		0.78700			4
2026.05.28	00:57:44.946		0.78701			4
2026.05.28	00:57:51.568		0.78698			4
2026.05.28	00:57:52.170		0.78699			4
2026.05.28	00:57:53.373		0.78698			4
2026.05.28	00:57:53.673		0.78699			4
2026.05.28	00:57:54.880		0.78700			4
2026.05.28	00:57:56.693		0.78701			4
2026.05.28	00:57:58.799		0.78700			4
2026.05.28	00:58:00.301	0.78636				2
2026.05.28	00:58:02.705		0.78701			4
2026.05.28	00:58:08.109	0.78631				2
2026.05.28	00:58:08.410		0.78699			4
2026.05.28	00:58:18.628		0.78703			4
2026.05.28	00:58:22.840		0.78702			4
2026.05.28	00:58:23.441		0.78698			4
2026.05.28	00:58:33.669		0.78699			4
2026.05.28	00:58:35.474		0.78702			4
2026.05.28	00:58:38.484		0.78697			4
2026.05.28	00:58:38.781		0.78700			4
2026.05.28	00:58:48.404		0.78702			4
2026.05.28	00:58:52.611		0.78699			4
2026.05.28	00:58:53.513		0.78696			4
2026.05.28	00:58:53.814		0.78698			4
2026.05.28	00:58:55.617		0.78694			4
2026.05.28	00:59:00.130	0.78631				2
2026.05.28	00:59:03.127	0.78625				2
2026.05.28	00:59:05.833		0.78698			4
2026.05.28	00:59:06.731		0.78695			4
2026.05.28	00:59:07.032		0.78693			4
2026.05.28	00:59:07.334		0.78697			4
2026.05.28	00:59:18.156		0.78699			4
2026.05.28	00:59:20.856		0.78700			4
2026.05.28	00:59:30.477		0.78697			4
2026.05.28	00:59:30.777		0.78700			4
2026.05.28	00:59:37.088		0.78699			4
2026.05.28	00:59:45.506		0.78697			4
2026.05.28	00:59:45.805		0.78700			4
2026.05.28	00:59:58.119	0.78629				2
2026.05.28	00:59:58.419		0.78697			4
2026.05.28	00:59:58.718		0.78700			4
2026.05.28	01:00:00.223	0.78629	0.78699			6
2026.05.28	01:00:00.525	0.78654	0.78715			6
2026.05.28	01:00:00.825	0.78657				2
2026.05.28	01:00:01.426	0.78660				2
2026.05.28	01:00:01.727	0.78656				2
2026.05.28	01:00:02.029	0.78658	0.78716			6
2026.05.28	01:00:02.325	0.78659	0.78736			6
2026.05.28	01:00:02.630	0.78657	0.78739			6
2026.05.28	01:00:02.926	0.78656	0.78709			6
2026.05.28	01:00:03.226	0.78659	0.78718			6
2026.05.28	01:00:03.827	0.78661	0.78723			6
2026.05.28	01:00:06.231	0.78655	0.78707			6
2026.05.28	01:00:07.729		0.78702			4
2026.05.28	01:00:08.026	0.78658	0.78700			6
2026.05.28	01:00:08.626		0.78699			4
2026.05.28	01:00:09.226		0.78700			4
2026.05.28	01:00:09.527		0.78699			4
2026.05.28	01:00:09.828	0.78668				2
2026.05.28	01:00:10.127	0.78674	0.78706			6
2026.05.28	01:00:10.732	0.78668	0.78700			6
2026.05.28	01:00:11.030	0.78659	0.78709			6
2026.05.28	01:00:12.233		0.78712			4
2026.05.28	01:00:12.528		0.78708			4
2026.05.28	01:00:12.830		0.78712			4
2026.05.28	01:00:14.633		0.78710			4
2026.05.28	01:00:15.536		0.78708			4
2026.05.28	01:00:15.835		0.78704			4
2026.05.28	01:00:16.141		0.78710			4
2026.05.28	01:00:16.740		0.78708			4
2026.05.28	01:00:17.040		0.78704			4
2026.05.28	01:00:17.344		0.78710			4
2026.05.28	01:00:17.942		0.78708			4
2026.05.28	01:00:18.244		0.78704			4
2026.05.28	01:00:18.540	0.78662	0.78702			6
2026.05.28	01:00:26.954		0.78701			4
2026.05.28	01:00:27.552	0.78666				2
2026.05.28	01:00:29.953	0.78664	0.78700			6
2026.05.28	01:00:37.159	0.78660				2
2026.05.28	01:00:37.458	0.78661				2
2026.05.28	01:00:39.260		0.78699			4
2026.05.28	01:00:41.065		0.78700			4
2026.05.28	01:00:41.363	0.78662	0.78699			6
2026.05.28	01:00:42.263	0.78663				2
2026.05.28	01:00:42.567		0.78703			4
2026.05.28	01:00:43.163	0.78662	0.78706			6
2026.05.28	01:00:43.464	0.78663	0.78705			6
2026.05.28	01:00:43.763	0.78662	0.78713			6
2026.05.28	01:00:44.070		0.78703			4
2026.05.28	01:00:44.370	0.78664	0.78706			6
2026.05.28	01:00:44.670		0.78703			4
2026.05.28	01:00:48.568	0.78665				2
2026.05.28	01:00:49.169		0.78707			4
2026.05.28	01:00:49.470		0.78700			4
2026.05.28	01:00:50.070		0.78699			4
2026.05.28	01:00:50.373	0.78672	0.78698			6
2026.05.28	01:00:59.386	0.78670	0.78696			6
2026.05.28	01:00:59.687		0.78697			4
2026.05.28	01:01:00.290	0.78670				2
2026.05.28	01:01:00.592	0.78672	0.78698			6
2026.05.28	01:01:01.193		0.78699			4
2026.05.28	01:01:01.493	0.78667	0.78702			6
2026.05.28	01:01:01.796		0.78703			4
2026.05.28	01:01:02.098	0.78669	0.78701			6
2026.05.28	01:01:02.393	0.78670	0.78700			6
2026.05.28	01:01:03.596		0.78701			4
2026.05.28	01:01:03.894	0.78671				2
2026.05.28	01:01:04.798	0.78670				2
2026.05.28	01:01:05.099	0.78671				2
2026.05.28	01:01:07.204	0.78675	0.78697			6
2026.05.28	01:01:21.321	0.78674	0.78695			6
2026.05.28	01:01:29.737	0.78675	0.78694			6
2026.05.28	01:01:30.037	0.78676	0.78695			6
2026.05.28	01:01:30.335	0.78674				2
2026.05.28	01:01:30.932	0.78675	0.78694			6
2026.05.28	01:01:31.836	0.78676	0.78695			6
2026.05.28	01:01:37.847	0.78675	0.78693			6
2026.05.28	01:02:00.080	0.78675				2
2026.05.28	01:02:33.428	0.78674	0.78692			6
2026.05.28	01:02:37.330		0.78693			4
2026.05.28	01:02:47.255	0.78673				2
2026.05.28	01:02:49.961		0.78692			4
2026.05.28	01:02:52.369	0.78674	0.78693			6
2026.05.28	01:03:00.188	0.78674				2
2026.05.28	01:03:01.989	0.78675				2
2026.05.28	01:03:15.212	0.78684	0.78700			6
2026.05.28	01:03:20.313	0.78685	0.78702			6
2026.05.28	01:03:21.815	0.78688	0.78704			6
2026.05.28	01:03:26.016		0.78705			4
2026.05.28	01:03:28.120	0.78691	0.78707			6
2026.05.28	01:03:32.025	0.78689				2
2026.05.28	01:03:41.936	0.78688	0.78706			6
2026.05.28	01:03:43.443		0.78705			4
2026.05.28	01:03:44.940	0.78689				2
2026.05.28	01:03:46.743	0.78688				2
2026.05.28	01:03:48.245	0.78689				2
2026.05.28	01:04:00.264	0.78689				2
2026.05.28	01:04:10.183		0.78703			4
2026.05.28	01:04:27.013		0.78705			4
2026.05.28	01:05:00.067	0.78689				2
2026.05.28	01:05:01.271		0.78704			4
2026.05.28	01:05:02.169	0.78690				2
2026.05.28	01:05:10.594	0.78689				2
2026.05.28	01:05:11.796		0.78703			4
2026.05.28	01:05:14.206	0.78690				2
2026.05.28	01:05:18.709		0.78702			4
2026.05.28	01:05:20.514	0.78689				2
2026.05.28	01:05:22.618		0.78703			4
2026.05.28	01:05:23.519		0.78704			4
2026.05.28	01:05:33.429	0.78691	0.78705			6
2026.05.28	01:05:34.931	0.78690				2
2026.05.28	01:05:38.537	0.78691				2
2026.05.28	01:05:39.735	0.78689	0.78704			6
2026.05.28	01:05:41.241	0.78690				2
2026.05.28	01:05:50.265	0.78689	0.78700			6
2026.05.28	01:05:51.467	0.78688				2
2026.05.28	01:05:51.761	0.78689				2
2026.05.28	01:05:58.676	0.78688				2
2026.05.28	01:06:00.179	0.78688				2
2026.05.28	01:06:06.493		0.78701			4
2026.05.28	01:06:10.704		0.78702			4
2026.05.28	01:06:14.307	0.78687				2
2026.05.28	01:06:17.307	0.78688				2
2026.05.28	01:06:22.117	0.78687				2
2026.05.28	01:06:23.617	0.78688				2
2026.05.28	01:06:37.733	0.78687				2
2026.05.28	01:06:41.937	0.78685	0.78699			6
2026.05.28	01:06:43.440	0.78686	0.78700			6
2026.05.28	01:06:50.651	0.78684				2
2026.05.28	01:06:51.855		0.78699			4
2026.05.28	01:07:00.279	0.78684				2
2026.05.28	01:07:01.776	0.78680	0.78696			6
2026.05.28	01:07:03.281	0.78682	0.78699			6
2026.05.28	01:07:03.577	0.78681	0.78697			6
2026.05.28	01:07:03.879	0.78683	0.78699			6
2026.05.28	01:07:05.082	0.78684				2
2026.05.28	01:07:11.689		0.78700			4
2026.05.28	01:07:11.989		0.78699			4
2026.05.28	01:07:13.498		0.78700			4
2026.05.28	01:07:13.801	0.78685				2
2026.05.28	01:07:14.102		0.78699			4
2026.05.28	01:07:14.701		0.78700			4
2026.05.28	01:07:15.002		0.78699			4
2026.05.28	01:07:15.603		0.78700			4
2026.05.28	01:07:19.509	0.78686				2
2026.05.28	01:07:25.215		0.78699			4
2026.05.28	01:07:26.117		0.78700			4
2026.05.28	01:07:26.416		0.78699			4
2026.05.28	01:07:52.559	0.78687				2
2026.05.28	01:08:00.080	0.78687				2
2026.05.28	01:08:26.519		0.78699			4
2026.05.28	01:09:00.198	0.78687				2
2026.05.28	01:09:00.800	0.78688				2
2026.05.28	01:09:01.101	0.78687	0.78698			6
2026.05.28	01:09:01.702	0.78685	0.78696			6
2026.05.28	01:09:02.007		0.78698			4
2026.05.28	01:09:02.304	0.78688	0.78699			6
2026.05.28	01:09:02.604	0.78684	0.78696			6
2026.05.28	01:09:12.208	0.78685				2
2026.05.28	01:09:16.111	0.78686	0.78697			6
2026.05.28	01:09:16.414	0.78687	0.78698			6
2026.05.28	01:09:21.522	0.78685	0.78696			6
2026.05.28	01:09:51.269	0.78686				2
2026.05.28	01:10:00.291	0.78686				2
2026.05.28	01:10:03.301	0.78685				2
2026.05.28	01:10:17.120		0.78695			4
2026.05.28	01:10:56.173	0.78684	0.78694			6
2026.05.28	01:10:59.175	0.78685	0.78695			6
2026.05.28	01:10:59.473	0.78682	0.78694			6
2026.05.28	01:11:00.082	0.78682				2
2026.05.28	01:11:00.675	0.78683	0.78695			6
2026.05.28	01:11:00.978	0.78684				2
2026.05.28	01:11:05.182	0.78683	0.78694			6
2026.05.28	01:11:06.686	0.78685	0.78695			6
2026.05.28	01:11:09.994	0.78683	0.78693			6
2026.05.28	01:11:10.291	0.78682				2
2026.05.28	01:11:13.305		0.78692			4
2026.05.28	01:11:19.310		0.78693			4
2026.05.28	01:11:20.217	0.78679	0.78690			6
2026.05.28	01:11:21.418	0.78680				2
2026.05.28	01:11:21.718	0.78681	0.78691			6
2026.05.28	01:11:22.321	0.78680	0.78690			6
2026.05.28	01:11:31.029		0.78692			4
2026.05.28	01:11:31.330	0.78682	0.78693			6
2026.05.28	01:12:00.185	0.78682				2
2026.05.28	01:12:01.091	0.78679	0.78690			6
2026.05.28	01:12:01.387		0.78689			4
2026.05.28	01:12:01.685		0.78690			4
2026.05.28	01:12:08.000		0.78689			4
2026.05.28	01:12:13.710		0.78690			4
2026.05.28	01:12:17.315		0.78689			4
2026.05.28	01:12:28.137	0.78680				2
2026.05.28	01:12:42.863	0.78679	0.78686			6
2026.05.28	01:12:43.164	0.78677	0.78687			6
2026.05.28	01:12:44.356	0.78678				2
2026.05.28	01:13:00.007	0.78678				2
2026.05.28	01:13:00.610	0.78685	0.78694			6
2026.05.28	01:13:01.205		0.78693			4
2026.05.28	01:13:24.934	0.78683	0.78692			6
2026.05.28	01:13:26.738		0.78690			4
2026.05.28	01:14:00.110	0.78683				2
2026.05.28	01:14:25.353		0.78691			4
2026.05.28	01:14:27.460		0.78692			4
2026.05.28	01:15:00.231	0.78683				2
2026.05.28	01:15:27.555		0.78692			4
2026.05.28	01:15:41.973	0.78682	0.78690			6
2026.05.28	01:15:42.273		0.78691			4
2026.05.28	01:15:47.082		0.78689			4
2026.05.28	01:15:47.386	0.78681				2
2026.05.28	01:15:51.285		0.78690			4
2026.05.28	01:16:00.010	0.78681				2
2026.05.28	01:16:02.108	0.78682				2
2026.05.28	01:16:20.130	0.78685	0.78693			6
2026.05.28	01:16:20.430	0.78684	0.78691			6
2026.05.28	01:16:23.430	0.78683	0.78692			6
2026.05.28	01:16:33.053		0.78691			4
2026.05.28	01:16:42.383		0.78692			4
2026.05.28	01:16:52.005		0.78690			4
2026.05.28	01:16:54.712		0.78686			4
2026.05.28	01:16:55.009		0.78690			4
2026.05.28	01:16:55.313		0.78686			4
2026.05.28	01:16:55.615		0.78690			4
2026.05.28	01:16:55.916		0.78686			4
2026.05.28	01:16:56.214		0.78690			4
2026.05.28	01:16:56.513		0.78686			4
2026.05.28	01:16:56.813		0.78690			4
2026.05.28	01:16:57.114		0.78686			4
2026.05.28	01:16:57.416		0.78690			4
2026.05.28	01:16:57.716		0.78686			4
2026.05.28	01:16:58.017		0.78690			4
2026.05.28	01:17:00.117	0.78683				2
2026.05.28	01:17:15.152		0.78691			4
2026.05.28	01:17:53.919	0.78684	0.78692			6
2026.05.28	01:17:54.213	0.78685				2
2026.05.28	01:18:00.224	0.78685				2
2026.05.28	01:18:00.827		0.78693			4
2026.05.28	01:18:05.034	0.78684	0.78692			6
2026.05.28	01:18:05.338	0.78683	0.78691			6
2026.05.28	01:18:26.361	0.78684				2
2026.05.28	01:18:29.066	0.78683				2
2026.05.28	01:18:40.497		0.78692			4
2026.05.28	01:18:59.736	0.78684				2
2026.05.28	01:19:00.037	0.78684				2
2026.05.28	01:19:05.151	0.78688	0.78695			6
2026.05.28	01:19:06.352		0.78696			4
2026.05.28	01:19:09.052	0.78689				2
2026.05.28	01:19:13.566		0.78697			4
2026.05.28	01:19:15.071		0.78696			4
2026.05.28	01:20:00.152	0.78689				2
2026.05.28	01:20:10.382		0.78697			4
2026.05.28	01:20:18.810		0.78696			4
2026.05.28	01:20:31.733	0.78688	0.78695			6
2026.05.28	01:20:42.560		0.78696			4
2026.05.28	01:20:49.796		0.78694			4
2026.05.28	01:20:51.595	0.78687	0.78695			6
2026.05.28	01:20:52.198	0.78686	0.78694			6
2026.05.28	01:20:57.012	0.78685	0.78693			6
2026.05.28	01:20:57.309		0.78694			4
2026.05.28	01:20:57.611	0.78684	0.78693			6
2026.05.28	01:20:58.213	0.78686	0.78695			6
2026.05.28	01:20:58.812		0.78694			4
2026.05.28	01:21:00.020	0.78686				2
2026.05.28	01:21:03.317	0.78687	0.78697			6
2026.05.28	01:21:05.118	0.78688	0.78696			6
2026.05.28	01:21:14.734		0.78695			4
2026.05.28	01:21:15.939	0.78686	0.78693			6
2026.05.28	01:21:18.345	0.78687				2
2026.05.28	01:21:24.068		0.78697			4
2026.05.28	01:21:24.372		0.78695			4
2026.05.28	01:21:25.579	0.78688	0.78696			6
2026.05.28	01:21:28.284		0.78697			4
2026.05.28	01:21:41.510	0.78687				2
2026.05.28	01:21:42.706		0.78696			4
2026.05.28	01:22:00.133	0.78687				2
2026.05.28	01:22:00.427	0.78688				2
2026.05.28	01:22:00.727	0.78687				2
2026.05.28	01:22:03.430	0.78688				2
2026.05.28	01:22:42.818		0.78696			4
2026.05.28	01:22:56.341		0.78697			4
2026.05.28	01:22:57.838	0.78687				2
2026.05.28	01:23:00.246	0.78687				2
2026.05.28	01:23:02.351	0.78688				2
2026.05.28	01:23:11.361	0.78687				2
2026.05.28	01:23:37.526	0.78688				2
2026.05.28	01:23:56.453		0.78697			4
2026.05.28	01:24:00.053	0.78688				2
2026.05.28	01:24:04.270		0.78696			4
2026.05.28	01:24:10.896	0.78685	0.78693			6
2026.05.28	01:25:00.172	0.78685				2
2026.05.28	01:25:11.004	0.78686	0.78693			6
2026.05.28	01:25:12.510		0.78695			4
2026.05.28	01:25:13.707		0.78694			4
2026.05.28	01:25:14.006		0.78693			4
2026.05.28	01:25:16.410	0.78685				2
2026.05.28	01:25:30.225	0.78686				2
2026.05.28	01:25:34.433	0.78687	0.78696			6
2026.05.28	01:25:35.336		0.78694			4
2026.05.28	01:25:36.539	0.78686				2
2026.05.28	01:25:39.241	0.78687				2
2026.05.28	01:25:41.048	0.78686				2
2026.05.28	01:25:42.557	0.78687				2
2026.05.28	01:25:45.550		0.78693			4
2026.05.28	01:25:47.354		0.78694			4
2026.05.28	01:25:48.553		0.78693			4
2026.05.28	01:26:00.301	0.78686	0.78692			6
2026.05.28	01:26:02.094	0.78687				2
2026.05.28	01:26:06.605		0.78693			4
2026.05.28	01:26:15.311		0.78692			4
2026.05.28	01:26:46.599		0.78694			4
2026.05.28	01:26:46.896		0.78692			4
2026.05.28	01:26:48.999	0.78686				2
2026.05.28	01:27:00.134	0.78686				2
2026.05.28	01:27:09.743	0.78685				2
2026.05.28	01:27:10.344	0.78684	0.78691			6
2026.05.28	01:27:13.651		0.78690			4
2026.05.28	01:27:27.180		0.78691			4
2026.05.28	01:27:28.684		0.78690			4
2026.05.28	01:27:33.195		0.78691			4
2026.05.28	01:27:35.004	0.78685	0.78692			6
2026.05.28	01:27:42.806	0.78686				2
2026.05.28	01:27:55.123		0.78693			4
2026.05.28	01:27:57.823		0.78692			4
2026.05.28	01:28:00.224	0.78686				2
2026.05.28	01:28:02.926	0.78687				2
2026.05.28	01:28:06.831		0.78693			4
2026.05.28	01:28:17.653	0.78686				2
2026.05.28	01:28:27.587		0.78694			4
2026.05.28	01:28:30.293		0.78693			4
2026.05.28	01:28:31.504	0.78687				2
2026.05.28	01:28:37.212	0.78688	0.78696			6
2026.05.28	01:28:37.510	0.78686	0.78692			6
2026.05.28	01:28:38.114	0.78687	0.78693			6
2026.05.28	01:28:40.516		0.78694			4
2026.05.28	01:28:41.116		0.78695			4
2026.05.28	01:28:41.721		0.78694			4
2026.05.28	01:28:42.324		0.78695			4
2026.05.28	01:28:56.137	0.78688				2
2026.05.28	01:28:56.436	0.78689				2
2026.05.28	01:28:58.544	0.78688	0.78696			6
2026.05.28	01:29:00.048	0.78688				2
2026.05.28	01:29:00.348	0.78689				2
2026.05.28	01:29:00.649	0.78690				2
2026.05.28	01:29:01.851	0.78691	0.78698			6
2026.05.28	01:29:05.164		0.78699			4
2026.05.28	01:29:06.067	0.78690	0.78698			6
2026.05.28	01:29:06.368	0.78692	0.78700			6
2026.05.28	01:29:06.673	0.78690	0.78697			6
2026.05.28	01:29:09.072	0.78691				2
2026.05.28	01:29:20.207		0.78698			4
2026.05.28	01:29:21.709		0.78697			4
2026.05.28	01:29:25.618		0.78698			4
2026.05.28	01:29:27.120		0.78697			4
2026.05.28	01:29:28.624	0.78690				2
2026.05.28	01:29:30.725		0.78698			4
2026.05.28	01:29:32.530		0.78697			4
2026.05.28	01:29:37.036		0.78698			4
2026.05.28	01:29:40.642		0.78697			4
2026.05.28	01:29:48.453		0.78698			4
2026.05.28	01:29:49.957		0.78697			4
2026.05.28	01:29:58.978		0.78698			4
2026.05.28	01:30:00.182	0.78690				2
2026.05.28	01:30:01.080	0.78688	0.78699			6
2026.05.28	01:30:02.884	0.78692	0.78695			6
2026.05.28	01:30:05.286	0.78693				2
2026.05.28	01:30:05.886	0.78688	0.78699			6
2026.05.28	01:30:06.488	0.78689	0.78700			6
2026.05.28	01:30:10.996		0.78699			4
2026.05.28	01:30:13.702	0.78690	0.78700			6
2026.05.28	01:30:14.600	0.78691	0.78702			6
2026.05.28	01:30:15.504	0.78692	0.78701			6
2026.05.28	01:30:16.102	0.78694	0.78704			6
2026.05.28	01:30:16.405	0.78692	0.78702			6
2026.05.28	01:30:19.406	0.78693	0.78703			6
2026.05.28	01:30:22.112	0.78692	0.78702			6
2026.05.28	01:30:27.818	0.78694	0.78705			6
2026.05.28	01:30:28.120		0.78703			4
2026.05.28	01:30:29.318		0.78705			4
2026.05.28	01:30:32.921		0.78702			4
2026.05.28	01:30:33.221	0.78693				2
2026.05.28	01:30:33.523	0.78695	0.78705			6
2026.05.28	01:30:35.024	0.78694				2
2026.05.28	01:30:35.325		0.78706			4
2026.05.28	01:30:35.631	0.78695	0.78705			6
2026.05.28	01:30:37.124	0.78694	0.78706			6
2026.05.28	01:30:51.855	0.78693	0.78703			6
2026.05.28	01:30:52.154		0.78704			4
2026.05.28	01:30:52.447	0.78694	0.78706			6
2026.05.28	01:31:00.275	0.78694				2
2026.05.28	01:31:15.907		0.78705			4
2026.05.28	01:31:17.709		0.78706			4
2026.05.28	01:31:20.109	0.78695	0.78705			6
2026.05.28	01:31:20.715	0.78696	0.78704			6
2026.05.28	01:31:21.611	0.78694				2
2026.05.28	01:31:21.913	0.78695				2
2026.05.28	01:31:28.822		0.78705			4
2026.05.28	01:31:31.228		0.78704			4
2026.05.28	01:31:50.756		0.78702			4
2026.05.28	01:31:51.654		0.78704			4
2026.05.28	01:31:51.953	0.78694	0.78703			6
2026.05.28	01:31:53.763	0.78693				2
2026.05.28	01:31:59.165	0.78692	0.78701			6
2026.05.28	01:32:00.069	0.78692				2
2026.05.28	01:32:05.182	0.78693				2
2026.05.28	01:32:12.400		0.78700			4
2026.05.28	01:32:13.900	0.78694	0.78701			6
2026.05.28	01:32:22.311	0.78693				2
2026.05.28	01:32:27.115	0.78694	0.78702			6
2026.05.28	01:32:43.646	0.78693				2
2026.05.28	01:32:44.546		0.78701			4
2026.05.28	01:32:45.750		0.78703			4
2026.05.28	01:32:46.050	0.78694	0.78702			6
2026.05.28	01:32:47.253		0.78701			4
2026.05.28	01:32:49.056		0.78703			4
2026.05.28	01:32:49.956		0.78701			4
2026.05.28	01:32:53.263		0.78702			4
2026.05.28	01:32:57.775		0.78701			4
2026.05.28	01:32:58.373		0.78702			4
2026.05.28	01:33:00.180	0.78694				2
2026.05.28	01:33:00.476		0.78701			4
2026.05.28	01:33:02.283		0.78702			4
2026.05.28	01:33:03.185		0.78700			4
2026.05.28	01:33:05.284	0.78693				2
2026.05.28	01:33:13.402	0.78694	0.78701			6
2026.05.28	01:33:20.306	0.78693				2
2026.05.28	01:33:25.714		0.78700			4
2026.05.28	01:33:32.619	0.78691				2
2026.05.28	01:33:32.919		0.78702			4
2026.05.28	01:33:33.220	0.78693	0.78700			6
2026.05.28	01:33:36.525	0.78692	0.78699			6
2026.05.28	01:33:37.723	0.78693	0.78700			6
2026.05.28	01:33:57.558		0.78701			4
2026.05.28	01:34:00.264	0.78693				2
2026.05.28	01:34:04.767		0.78700			4
2026.05.28	01:34:43.549	0.78694	0.78699			6
2026.05.28	01:35:00.105	0.78694				2
2026.05.28	01:35:01.306	0.78693				2
2026.05.28	01:35:01.605	0.78691	0.78697			6
2026.05.28	01:35:06.708	0.78692				2
2026.05.28	01:35:13.019	0.78690	0.78696			6
2026.05.28	01:35:19.640		0.78695			4
2026.05.28	01:35:23.548	0.78689	0.78696			6
2026.05.28	01:35:26.254		0.78695			4
2026.05.28	01:35:28.958	0.78692	0.78697			6
2026.05.28	01:35:32.561		0.78698			4
2026.05.28	01:35:32.860	0.78691	0.78697			6
2026.05.28	01:35:34.667		0.78696			4
2026.05.28	01:35:50.912	0.78690				2
2026.05.28	01:35:54.215	0.78691				2
2026.05.28	01:35:54.819		0.78697			4
2026.05.28	01:35:59.028		0.78696			4
2026.05.28	01:36:00.230	0.78691				2
2026.05.28	01:36:00.529		0.78697			4
2026.05.28	01:36:03.536	0.78692	0.78699			6
2026.05.28	01:36:03.837	0.78693				2
2026.05.28	01:36:05.046	0.78694				2
2026.05.28	01:36:06.244		0.78700			4
2026.05.28	01:36:54.918		0.78699			4
2026.05.28	01:37:00.036	0.78694				2
2026.05.28	01:37:00.638	0.78693	0.78701			6
2026.05.28	01:37:00.938		0.78700			4
2026.05.28	01:37:04.536	0.78694	0.78699			6
2026.05.28	01:37:21.687	0.78693	0.78700			6
2026.05.28	01:37:22.286		0.78699			4
2026.05.28	01:37:33.699		0.78698			4
2026.05.28	01:37:34.908	0.78692				2
2026.05.28	01:37:46.023	0.78691				2
2026.05.28	01:37:50.532	0.78692				2
2026.05.28	01:37:54.437		0.78697			4
2026.05.28	01:37:59.543		0.78699			4
2026.05.28	01:38:00.152	0.78692				2
2026.05.28	01:38:03.152		0.78698			4
2026.05.28	01:38:03.449		0.78697			4
2026.05.28	01:38:10.056		0.78698			4
2026.05.28	01:38:15.779		0.78697			4
2026.05.28	01:38:26.301	0.78691				2
2026.05.28	01:38:27.504	0.78692				2
2026.05.28	01:38:36.520	0.78691	0.78698			6
2026.05.28	01:39:00.287	0.78691				2
2026.05.28	01:39:01.186		0.78697			4
2026.05.28	01:39:29.436		0.78696			4
2026.05.28	01:39:39.355	0.78689	0.78697			6
2026.05.28	01:39:39.656		0.78695			4
2026.05.28	01:39:41.766	0.78688	0.78694			6
2026.05.28	01:39:44.483	0.78686	0.78692			6
2026.05.28	01:39:45.084	0.78685	0.78693			6
2026.05.28	01:39:47.491		0.78691			4
2026.05.28	01:39:49.598	0.78683				2
2026.05.28	01:39:49.899	0.78684	0.78690			6
2026.05.28	01:39:51.403		0.78691			4
2026.05.28	01:40:00.123	0.78684				2
2026.05.28	01:40:00.421		0.78690			4
2026.05.28	01:40:03.423		0.78691			4
2026.05.28	01:40:05.526	0.78685				2
2026.05.28	01:40:10.039	0.78684				2
2026.05.28	01:40:11.246	0.78685	0.78690			6
2026.05.28	01:40:17.247	0.78684				2
2026.05.28	01:40:20.259		0.78691			4
2026.05.28	01:40:21.753	0.78685	0.78690			6
2026.05.28	01:40:27.170	0.78684	0.78691			6
2026.05.28	01:40:46.118	0.78685				2
2026.05.28	01:40:48.823	0.78684	0.78692			6
2026.05.28	01:40:53.629		0.78691			4
2026.05.28	01:40:58.145		0.78692			4
2026.05.28	01:40:59.046	0.78683				2
2026.05.28	01:40:59.647	0.78686	0.78693			6
2026.05.28	01:40:59.952		0.78692			4
2026.05.28	01:41:00.247	0.78685				2
2026.05.28	01:41:01.748	0.78686				2
2026.05.28	01:41:03.552		0.78693			4
2026.05.28	01:41:03.860	0.78687				2
2026.05.28	01:41:05.352		0.78694			4
2026.05.28	01:41:05.958	0.78686	0.78695			6
2026.05.28	01:41:06.553		0.78694			4
2026.05.28	01:41:07.154		0.78695			4
2026.05.28	01:41:07.755		0.78694			4
2026.05.28	01:41:08.357		0.78693			4
2026.05.28	01:41:08.658	0.78687				2
2026.05.28	01:41:09.560	0.78686	0.78694			6
2026.05.28	01:41:13.768	0.78687				2
2026.05.28	01:41:14.071	0.78686	0.78695			6
2026.05.28	01:41:15.878		0.78694			4
2026.05.28	01:41:41.426		0.78695			4
2026.05.28	01:41:43.229	0.78687	0.78694			6
2026.05.28	01:41:44.435	0.78688	0.78693			6
2026.05.28	01:41:44.730		0.78694			4
2026.05.28	01:41:57.350	0.78689				2
2026.05.28	01:41:57.952		0.78695			4
2026.05.28	01:42:00.064	0.78689				2
2026.05.28	01:42:16.306		0.78694			4
2026.05.28	01:42:27.725	0.78690	0.78695			6
2026.05.28	01:42:28.023		0.78697			4
2026.05.28	01:42:28.326	0.78691				2
2026.05.28	01:42:28.922		0.78698			4
2026.05.28	01:42:30.724		0.78697			4
2026.05.28	01:42:31.624		0.78698			4
2026.05.28	01:42:31.927	0.78692	0.78697			6
2026.05.28	01:42:33.127	0.78691				2
2026.05.28	01:42:52.972		0.78698			4
2026.05.28	01:42:53.277	0.78692				2
2026.05.28	01:43:00.197	0.78692				2
2026.05.28	01:43:01.391		0.78699			4
2026.05.28	01:43:02.296	0.78694				2
2026.05.28	01:43:05.303		0.78700			4
2026.05.28	01:43:18.224		0.78699			4
2026.05.28	01:43:42.580		0.78700			4
2026.05.28	01:43:47.999		0.78699			4
2026.05.28	01:43:50.102	0.78692	0.78701			6
2026.05.28	01:44:00.026	0.78692				2
2026.05.28	01:44:02.727	0.78694	0.78700			6
2026.05.28	01:44:05.438	0.78692	0.78701			6
2026.05.28	01:44:09.641	0.78693				2
2026.05.28	01:44:13.553	0.78692				2
2026.05.28	01:44:21.074	0.78694	0.78700			6
2026.05.28	01:44:26.782		0.78701			4
2026.05.28	01:44:27.079	0.78698	0.78704			6
2026.05.28	01:44:27.379	0.78697				2
2026.05.28	01:44:27.982	0.78699	0.78706			6
2026.05.28	01:44:31.299	0.78700				2
2026.05.28	01:44:32.503	0.78699				2
2026.05.28	01:44:35.806	0.78698				2
2026.05.28	01:44:37.008	0.78697	0.78703			6
2026.05.28	01:45:00.159	0.78697				2
2026.05.28	01:45:03.453		0.78704			4
2026.05.28	01:45:09.169		0.78703			4
2026.05.28	01:45:15.671	0.78698	0.78705			6
2026.05.28	01:45:16.565	0.78697				2
2026.05.28	01:45:16.864		0.78704			4
2026.05.28	01:45:31.408	0.78700	0.78706			6
2026.05.28	01:45:37.806	0.78699				2
2026.05.28	01:45:43.173	0.78700				2
2026.05.28	01:45:46.174	0.78699	0.78707			6
2026.05.28	01:45:50.505	0.78701	0.78706			6
2026.05.28	01:45:51.572	0.78700	0.78707			6
2026.05.28	01:45:54.167		0.78706			4
2026.05.28	01:45:57.654		0.78707			4
2026.05.28	01:46:00.363	0.78700				2
2026.05.28	01:46:00.664		0.78706			4
2026.05.28	01:46:18.132	0.78699				2
2026.05.28	01:46:19.315	0.78700				2
2026.05.28	01:46:21.275		0.78705			4
2026.05.28	01:46:33.598	0.78701	0.78706			6
2026.05.28	01:46:40.477		0.78707			4
2026.05.28	01:46:49.174		0.78706			4
2026.05.28	01:46:53.624	0.78702	0.78709			6
2026.05.28	01:46:54.504		0.78708			4
2026.05.28	01:46:54.804		0.78709			4
2026.05.28	01:46:56.562		0.78708			4
2026.05.28	01:47:00.148	0.78702	0.78709			6
2026.05.28	01:47:00.449	0.78701	0.78706			6
2026.05.28	01:47:01.363	0.78703	0.78709			6
2026.05.28	01:47:16.504		0.78710			4
2026.05.28	01:47:16.802	0.78702	0.78708			6
2026.05.28	01:47:17.485		0.78710			4
2026.05.28	01:47:31.570	0.78703				2
2026.05.28	01:48:00.366	0.78703				2
2026.05.28	01:48:10.172		0.78709			4
2026.05.28	01:48:25.276		0.78711			4
2026.05.28	01:48:32.662		0.78709			4
2026.05.28	01:48:44.977	0.78702	0.78708			6
2026.05.28	01:48:46.269	0.78700	0.78706			6
2026.05.28	01:49:05.556	0.78700				2
2026.05.28	01:49:35.142		0.78707			4
2026.05.28	01:49:41.513	0.78699				2
2026.05.28	01:49:43.144	0.78700				2
2026.05.28	01:49:45.366		0.78706			4
2026.05.28	01:50:01.540	0.78700				2
2026.05.28	01:50:01.841	0.78699	0.78707			6
2026.05.28	01:50:13.344	0.78701	0.78708			6
2026.05.28	01:50:13.644	0.78702				2
2026.05.28	01:50:46.528	0.78703	0.78710			6
2026.05.28	01:50:49.363	0.78704				2
2026.05.28	01:50:49.701	0.78703	0.78708			6
2026.05.28	01:50:50.034	0.78704	0.78710			6
2026.05.28	01:50:50.377	0.78703	0.78708			6
2026.05.28	01:50:50.730	0.78704	0.78710			6
2026.05.28	01:50:51.109	0.78703	0.78708			6
2026.05.28	01:50:51.410	0.78704	0.78710			6
2026.05.28	01:50:51.767	0.78703	0.78708			6
2026.05.28	01:50:52.103	0.78704	0.78710			6
2026.05.28	01:50:52.402		0.78709			4
2026.05.28	01:50:52.702		0.78708			4
2026.05.28	01:50:53.002		0.78709			4
2026.05.28	01:50:53.304		0.78708			4
2026.05.28	01:50:53.604		0.78709			4
2026.05.28	01:50:55.281	0.78703				2
2026.05.28	01:51:00.860	0.78703				2
2026.05.28	01:51:06.735	0.78702	0.78708			6
2026.05.28	01:51:07.036		0.78707			4
2026.05.28	01:51:07.337	0.78700				2
2026.05.28	01:51:07.639	0.78702				2
2026.05.28	01:51:17.484		0.78708			4
2026.05.28	01:51:17.784		0.78707			4
2026.05.28	01:51:18.384		0.78708			4
2026.05.28	01:51:18.684		0.78710			4
2026.05.28	01:51:19.717	0.78703	0.78709			6
2026.05.28	01:51:26.731	0.78702	0.78708			6
2026.05.28	01:51:31.893	0.78703	0.78709			6
2026.05.28	01:51:45.449		0.78708			4
2026.05.28	01:51:45.750		0.78710			4
2026.05.28	01:51:48.384	0.78702	0.78708			6
2026.05.28	01:51:48.685	0.78703				2
2026.05.28	01:51:51.858		0.78709			4
2026.05.28	01:52:00.377	0.78703				2
2026.05.28	01:52:08.973		0.78708			4
2026.05.28	01:52:35.672		0.78709			4
2026.05.28	01:52:37.991	0.78702				2
2026.05.28	01:52:50.949	0.78704				2
2026.05.28	01:53:00.399	0.78704				2
2026.05.28	01:53:00.702	0.78703				2
2026.05.28	01:53:01.404		0.78708			4
2026.05.28	01:53:03.719	0.78702	0.78709			6
2026.05.28	01:53:08.673	0.78703				2
2026.05.28	01:53:38.130	0.78702	0.78708			6
2026.05.28	01:53:38.784		0.78707			4
2026.05.28	01:53:49.313	0.78701	0.78708			6
2026.05.28	01:53:52.145	0.78702				2
2026.05.28	01:53:52.445		0.78707			4
2026.05.28	01:53:57.273		0.78708			4
2026.05.28	01:53:58.496	0.78701	0.78709			6
2026.05.28	01:53:58.797	0.78702	0.78707			6
2026.05.28	01:54:00.396	0.78702				2
2026.05.28	01:54:00.696	0.78701	0.78708			6
2026.05.28	01:54:10.173	0.78702				2
2026.05.28	01:54:10.476		0.78707			4
2026.05.28	01:54:18.070	0.78701				2
2026.05.28	01:54:22.173	0.78702				2
2026.05.28	01:55:04.149	0.78702				2
2026.05.28	01:55:11.708	0.78701	0.78707			6
2026.05.28	01:55:12.006		0.78708			4
2026.05.28	01:55:20.973	0.78702				2
2026.05.28	01:55:25.061		0.78707			4
2026.05.28	01:55:28.172	0.78701				2
2026.05.28	01:55:29.463		0.78710			4
2026.05.28	01:55:31.772	0.78702				2
2026.05.28	01:55:42.449	0.78703				2
2026.05.28	01:55:58.395		0.78709			4
2026.05.28	01:56:00.121	0.78703				2
2026.05.28	01:56:04.064	0.78704				2
2026.05.28	01:56:19.172	0.78703				2
2026.05.28	01:56:23.711	0.78704				2
2026.05.28	01:57:00.146	0.78704	0.78709			6
2026.05.28	01:57:00.446	0.78703				2
2026.05.28	01:57:10.374	0.78704				2
2026.05.28	01:57:13.716	0.78703				2
2026.05.28	01:57:14.017		0.78710			4
2026.05.28	01:57:26.556		0.78709			4
2026.05.28	01:57:55.182		0.78710			4
2026.05.28	01:58:01.059	0.78703				2
2026.05.28	01:58:22.173		0.78709			4
2026.05.28	01:59:07.998	0.78703				2
2026.05.28	01:59:24.955		0.78709			4
2026.05.28	02:00:00.006	0.78703				2
2026.05.28	02:00:00.607		0.78710			4
2026.05.28	02:00:00.906	0.78704				2
2026.05.28	02:00:01.206		0.78711			4
2026.05.28	02:00:02.432	0.78705				2
2026.05.28	02:00:08.529		0.78712			4
2026.05.28	02:00:08.829		0.78711			4
2026.05.28	02:00:14.978		0.78713			4
2026.05.28	02:00:18.300		0.78712			4
2026.05.28	02:00:20.073	0.78704	0.78713			6
2026.05.28	02:00:35.005		0.78712			4
2026.05.28	02:00:38.940	0.78705				2
2026.05.28	02:00:39.241		0.78711			4
2026.05.28	02:00:43.502		0.78712			4
2026.05.28	02:00:48.573	0.78704				2
2026.05.28	02:00:57.525	0.78705				2
2026.05.28	02:01:00.323	0.78705				2
2026.05.28	02:01:00.625	0.78704	0.78711			6
2026.05.28	02:01:04.426	0.78703				2
2026.05.28	02:01:28.173		0.78710			4
2026.05.28	02:01:57.835		0.78711			4
2026.05.28	02:01:58.972		0.78710			4
2026.05.28	02:02:00.327	0.78703				2
2026.05.28	02:02:02.020	0.78704	0.78711			6
2026.05.28	02:02:09.848	0.78703				2
2026.05.28	02:02:15.536		0.78709			4
2026.05.28	02:02:16.034	0.78701	0.78711			6
2026.05.28	02:02:16.335	0.78703	0.78706			6
2026.05.28	02:02:19.346	0.78702	0.78708			6
2026.05.28	02:02:57.429	0.78700				2
2026.05.28	02:03:00.143	0.78700				2
2026.05.28	02:03:05.720	0.78699	0.78707			6
2026.05.28	02:03:31.934	0.78700	0.78706			6
2026.05.28	02:03:43.557	0.78701				2
2026.05.28	02:03:48.878		0.78707			4
2026.05.28	02:03:49.178	0.78700				2
2026.05.28	02:03:53.959	0.78699				2
2026.05.28	02:04:01.102	0.78699				2
2026.05.28	02:04:05.011	0.78700				2
2026.05.28	02:04:05.312		0.78706			4
2026.05.28	02:04:14.684		0.78705			4
2026.05.28	02:04:19.473		0.78706			4
2026.05.28	02:04:26.098		0.78705			4
2026.05.28	02:04:32.604	0.78699	0.78706			6
2026.05.28	02:04:37.195	0.78700	0.78705			6
2026.05.28	02:04:40.939	0.78699				2
2026.05.28	02:04:51.545	0.78700				2
2026.05.28	02:05:02.314	0.78700				2
2026.05.28	02:05:03.572	0.78699	0.78706			6
2026.05.28	02:05:19.784		0.78705			4
2026.05.28	02:05:27.080		0.78706			4
2026.05.28	02:05:37.981		0.78705			4
2026.05.28	02:06:00.569	0.78699				2
2026.05.28	02:06:00.870		0.78704			4
2026.05.28	02:06:14.237	0.78697	0.78703			6
2026.05.28	02:06:15.492	0.78698	0.78705			6
2026.05.28	02:06:22.920	0.78699	0.78706			6
2026.05.28	02:06:28.173	0.78700				2
2026.05.28	02:06:28.473		0.78705			4
2026.05.28	02:07:02.673	0.78700				2
2026.05.28	02:07:04.503		0.78706			4
2026.05.28	02:07:10.137		0.78705			4
2026.05.28	02:07:43.211		0.78706			4
2026.05.28	02:07:56.739		0.78705			4
2026.05.28	02:08:02.761	0.78700				2
2026.05.28	02:08:05.165		0.78706			4
2026.05.28	02:08:15.364		0.78705			4
2026.05.28	02:08:32.016		0.78706			4
2026.05.28	02:08:43.554	0.78699	0.78707			6
2026.05.28	02:08:43.853		0.78706			4
2026.05.28	02:08:50.433	0.78700				2
2026.05.28	02:09:01.860	0.78700				2
2026.05.28	02:09:04.508	0.78699				2
2026.05.28	02:09:25.173		0.78705			4
2026.05.28	02:09:26.780	0.78697	0.78703			6
2026.05.28	02:09:28.370	0.78698	0.78704			6
2026.05.28	02:09:30.184	0.78699	0.78705			6
2026.05.28	02:09:34.772	0.78700				2
2026.05.28	02:09:38.705		0.78706			4
2026.05.28	02:09:39.522		0.78705			4
2026.05.28	02:09:48.656		0.78706			4
2026.05.28	02:09:55.787		0.78705			4
2026.05.28	02:09:56.694		0.78706			4
2026.05.28	02:10:03.651	0.78700				2
2026.05.28	02:10:17.671		0.78705			4
2026.05.28	02:10:29.733		0.78706			4
2026.05.28	02:10:38.027	0.78702				2
2026.05.28	02:10:38.328	0.78700				2
2026.05.28	02:10:39.502	0.78699	0.78705			6
2026.05.28	02:10:51.473		0.78704			4
2026.05.28	02:11:00.634	0.78699				2
2026.05.28	02:11:04.478	0.78698				2
2026.05.28	02:11:22.173	0.78697				2
2026.05.28	02:11:23.231	0.78698	0.78703			6
2026.05.28	02:11:29.607	0.78697	0.78704			6
2026.05.28	02:11:36.937	0.78698	0.78703			6
2026.05.28	02:11:49.155	0.78699	0.78706			6
2026.05.28	02:12:00.396	0.78699				2
2026.05.28	02:12:24.361	0.78700				2
2026.05.28	02:12:24.658		0.78705			4
2026.05.28	02:12:39.572	0.78699				2
2026.05.28	02:12:57.501	0.78698				2
2026.05.28	02:12:57.801		0.78706			4
2026.05.28	02:13:01.862	0.78698				2
2026.05.28	02:13:02.761	0.78699				2
2026.05.28	02:13:06.399		0.78705			4
2026.05.28	02:13:10.175	0.78700				2
2026.05.28	02:13:12.727	0.78699				2
2026.05.28	02:13:13.029		0.78706			4
2026.05.28	02:13:15.747	0.78698				2
2026.05.28	02:13:16.047		0.78707			4
2026.05.28	02:13:16.505	0.78699				2
2026.05.28	02:13:16.804		0.78706			4
2026.05.28	02:13:21.192		0.78705			4
2026.05.28	02:13:26.823		0.78706			4
2026.05.28	02:13:36.932	0.78700	0.78707			6
2026.05.28	02:13:41.375		0.78706			4
2026.05.28	02:14:00.635	0.78700				2
2026.05.28	02:14:37.422	0.78699	0.78707			6
2026.05.28	02:15:00.009	0.78699				2
2026.05.28	02:15:00.883	0.78700	0.78708			6
2026.05.28	02:15:03.540		0.78706			4
2026.05.28	02:15:14.419	0.78699	0.78707			6
2026.05.28	02:15:38.400	0.78698				2
2026.05.28	02:15:45.258	0.78702				2
2026.05.28	02:15:46.161	0.78698	0.78705			6
2026.05.28	02:15:46.763	0.78702	0.78707			6
2026.05.28	02:15:47.665	0.78698				2
2026.05.28	02:15:55.995	0.78700	0.78708			6
2026.05.28	02:15:57.915	0.78699				2
2026.05.28	02:15:58.216		0.78707			4
2026.05.28	02:16:03.295	0.78699				2
2026.05.28	02:16:23.182	0.78702	0.78708			6
2026.05.28	02:16:23.482		0.78707			4
2026.05.28	02:16:23.781	0.78701				2
2026.05.28	02:16:24.742	0.78699	0.78706			6
2026.05.28	02:16:25.043	0.78698	0.78705			6
2026.05.28	02:16:26.107	0.78697	0.78702			6
2026.05.28	02:16:26.406	0.78696	0.78703			6
2026.05.28	02:16:27.800	0.78695	0.78704			6
2026.05.28	02:16:29.186	0.78696	0.78703			6
2026.05.28	02:16:33.426		0.78702			4
2026.05.28	02:16:34.390	0.78697				2
2026.05.28	02:16:41.216	0.78696				2
2026.05.28	02:16:42.107	0.78695				2
2026.05.28	02:16:42.411	0.78696				2
2026.05.28	02:16:43.298	0.78695				2
2026.05.28	02:16:43.598	0.78696				2
2026.05.28	02:16:44.129	0.78695				2
2026.05.28	02:16:44.430	0.78696				2
2026.05.28	02:16:49.786	0.78695				2
2026.05.28	02:16:53.294	0.78696				2
2026.05.28	02:16:58.241	0.78695				2
2026.05.28	02:16:58.542	0.78696				2
2026.05.28	02:17:00.430	0.78696				2
2026.05.28	02:17:01.632	0.78695				2
2026.05.28	02:17:01.931	0.78696				2
2026.05.28	02:17:02.989	0.78695				2
2026.05.28	02:17:03.775	0.78696				2
2026.05.28	02:17:04.324	0.78695				2
2026.05.28	02:17:04.957	0.78696				2
2026.05.28	02:17:06.384	0.78695				2
2026.05.28	02:17:07.135	0.78696				2
2026.05.28	02:17:14.261	0.78695				2
2026.05.28	02:17:14.562	0.78696				2
2026.05.28	02:17:30.189	0.78693	0.78701			6
2026.05.28	02:17:30.489		0.78700			4
2026.05.28	02:17:42.732	0.78696	0.78703			6
2026.05.28	02:17:45.532	0.78695				2
2026.05.28	02:17:46.133	0.78696				2
2026.05.28	02:17:51.840	0.78695				2
2026.05.28	02:17:52.404	0.78696				2
2026.05.28	02:17:53.276	0.78695				2
2026.05.28	02:17:54.214	0.78696				2
2026.05.28	02:17:56.410	0.78695				2
2026.05.28	02:18:00.484	0.78695				2
2026.05.28	02:18:05.668	0.78696	0.78704			6
2026.05.28	02:18:05.968	0.78698				2
2026.05.28	02:18:09.821	0.78697				2
2026.05.28	02:18:11.517	0.78698				2
2026.05.28	02:18:11.817		0.78703			4
2026.05.28	02:18:13.776	0.78697				2
2026.05.28	02:18:15.006	0.78698				2
2026.05.28	02:18:16.603	0.78697				2
2026.05.28	02:18:16.950	0.78698				2
2026.05.28	02:18:21.730	0.78697				2
2026.05.28	02:18:26.746	0.78698				2
2026.05.28	02:18:31.793	0.78697				2
2026.05.28	02:18:45.811	0.78696	0.78704			6
2026.05.28	02:18:49.172	0.78697				2
2026.05.28	02:19:00.389	0.78697				2
2026.05.28	02:19:04.266		0.78705			4
2026.05.28	02:19:04.567		0.78704			4
2026.05.28	02:19:07.332	0.78698				2
2026.05.28	02:19:14.955	0.78697				2
2026.05.28	02:19:17.790	0.78698				2
2026.05.28	02:19:29.287		0.78707			4
2026.05.28	02:19:29.585		0.78706			4
2026.05.28	02:19:30.876		0.78707			4
2026.05.28	02:19:31.184	0.78699	0.78705			6
2026.05.28	02:19:33.489	0.78698	0.78706			6
2026.05.28	02:19:36.717		0.78705			4
2026.05.28	02:19:44.904	0.78701	0.78708			6
2026.05.28	02:19:51.237	0.78702	0.78707			6
2026.05.28	02:19:53.459	0.78701	0.78708			6
2026.05.28	02:19:54.643	0.78700				2
2026.05.28	02:20:00.442	0.78700				2
2026.05.28	02:20:13.174	0.78701				2
2026.05.28	02:20:13.887	0.78702				2
2026.05.28	02:20:14.188	0.78701				2
2026.05.28	02:20:20.463	0.78702				2
2026.05.28	02:20:22.544		0.78709			4
2026.05.28	02:20:34.119	0.78704	0.78711			6
2026.05.28	02:20:36.312		0.78710			4
2026.05.28	02:20:51.322		0.78711			4
2026.05.28	02:20:51.623		0.78712			4
2026.05.28	02:20:54.138	0.78705	0.78713			6
2026.05.28	02:20:57.605		0.78714			4
2026.05.28	02:20:58.345	0.78706				2
2026.05.28	02:21:00.106	0.78706				2
2026.05.28	02:21:00.406	0.78708	0.78716			6
2026.05.28	02:21:00.708		0.78717			4
2026.05.28	02:21:01.368	0.78715	0.78722			6
2026.05.28	02:21:01.668	0.78718	0.78725			6
2026.05.28	02:21:02.265	0.78717				2
2026.05.28	02:21:02.864		0.78724			4
2026.05.28	02:21:03.165		0.78725			4
2026.05.28	02:21:04.304	0.78718	0.78726			6
2026.05.28	02:21:04.602	0.78720	0.78728			6
2026.05.28	02:21:05.503	0.78721				2
2026.05.28	02:21:08.958		0.78727			4
2026.05.28	02:21:12.689	0.78719	0.78726			6
2026.05.28	02:21:12.987		0.78725			4
2026.05.28	02:21:14.872	0.78723	0.78731			6
2026.05.28	02:21:15.173	0.78724				2
2026.05.28	02:21:15.472		0.78730			4
2026.05.28	02:21:16.674		0.78731			4
2026.05.28	02:21:16.975	0.78725	0.78732			6
2026.05.28	02:21:17.275		0.78731			4
2026.05.28	02:21:20.763		0.78730			4
2026.05.28	02:21:22.644	0.78726	0.78733			6
2026.05.28	02:21:22.942	0.78728	0.78735			6
2026.05.28	02:21:23.242		0.78733			4
2026.05.28	02:21:25.302		0.78735			4
2026.05.28	02:21:28.072	0.78726	0.78734			6
2026.05.28	02:21:28.373	0.78728	0.78733			6
2026.05.28	02:21:28.672	0.78726	0.78734			6
2026.05.28	02:21:30.416	0.78729	0.78735			6
2026.05.28	02:21:30.716		0.78737			4
2026.05.28	02:21:31.019	0.78732	0.78740			6
2026.05.28	02:21:35.724	0.78730	0.78737			6
2026.05.28	02:21:40.564		0.78738			4
2026.05.28	02:21:43.953		0.78737			4
2026.05.28	02:21:44.253	0.78731	0.78736			6
2026.05.28	02:21:44.554	0.78730	0.78737			6
2026.05.28	02:21:46.190	0.78731				2
2026.05.28	02:21:47.082	0.78730	0.78736			6
2026.05.28	02:21:47.958	0.78734	0.78741			6
2026.05.28	02:21:48.259	0.78731	0.78737			6
2026.05.28	02:21:48.559		0.78738			4
2026.05.28	02:21:50.611	0.78733	0.78741			6
2026.05.28	02:21:50.931	0.78734				2
2026.05.28	02:21:51.230	0.78735				2
2026.05.28	02:21:51.530	0.78736				2
2026.05.28	02:21:52.992	0.78735				2
2026.05.28	02:21:53.592		0.78739			4
2026.05.28	02:22:01.378	0.78735				2
2026.05.28	02:22:05.524		0.78740			4
2026.05.28	02:22:06.657		0.78741			4
2026.05.28	02:22:09.673	0.78736	0.78742			6
2026.05.28	02:22:14.117		0.78743			4
2026.05.28	02:22:15.760		0.78742			4
2026.05.28	02:22:16.807	0.78738	0.78743			6
2026.05.28	02:22:17.106		0.78744			4
2026.05.28	02:22:19.375	0.78739				2
2026.05.28	02:22:19.675	0.78738	0.78743			6
2026.05.28	02:22:22.413	0.78739	0.78746			6
2026.05.28	02:22:22.713		0.78745			4
2026.05.28	02:22:23.013	0.78740	0.78746			6
2026.05.28	02:22:23.314	0.78739	0.78745			6
2026.05.28	02:22:29.160	0.78738	0.78743			6
2026.05.28	02:22:31.314		0.78744			4
2026.05.28	02:22:31.910	0.78739	0.78745			6
2026.05.28	02:22:34.406		0.78744			4
2026.05.28	02:22:35.308	0.78738				2
2026.05.28	02:22:37.701	0.78739	0.78745			6
2026.05.28	02:22:38.720		0.78744			4
2026.05.28	02:22:39.020	0.78740	0.78745			6
2026.05.28	02:22:39.320	0.78737	0.78743			6
2026.05.28	02:22:39.750	0.78736				2
2026.05.28	02:22:40.051	0.78738				2
2026.05.28	02:22:40.817		0.78745			4
2026.05.28	02:22:44.430		0.78743			4
2026.05.28	02:22:44.731	0.78737				2
2026.05.28	02:22:48.296	0.78739	0.78745			6
2026.05.28	02:22:50.357		0.78746			4
2026.05.28	02:22:52.454	0.78740				2
2026.05.28	02:22:53.223	0.78739				2
2026.05.28	02:22:53.526	0.78740				2
2026.05.28	02:22:57.726	0.78739	0.78747			6
2026.05.28	02:22:58.327	0.78741	0.78746			6
2026.05.28	02:23:00.385	0.78741				2
2026.05.28	02:23:00.686	0.78740	0.78747			6
2026.05.28	02:23:05.427		0.78746			4
2026.05.28	02:23:20.470		0.78745			4
2026.05.28	02:23:28.661		0.78746			4
2026.05.28	02:23:38.177	0.78739				2
2026.05.28	02:23:38.781	0.78741	0.78747			6
2026.05.28	02:23:39.078	0.78740				2
2026.05.28	02:23:39.377	0.78741	0.78748			6
2026.05.28	02:23:39.678		0.78747			4
2026.05.28	02:23:45.859	0.78740				2
2026.05.28	02:23:51.210	0.78741	0.78746			6
2026.05.28	02:23:52.121	0.78740	0.78747			6
2026.05.28	02:23:53.759	0.78742	0.78750			6
2026.05.28	02:23:55.984	0.78743				2
2026.05.28	02:24:00.644	0.78743				2
2026.05.28	02:24:07.661		0.78749			4
2026.05.28	02:24:09.492	0.78741	0.78748			6
2026.05.28	02:24:11.387		0.78747			4
2026.05.28	02:24:14.873		0.78746			4
2026.05.28	02:24:17.206	0.78740	0.78745			6
2026.05.28	02:24:19.068	0.78739	0.78744			6
2026.05.28	02:24:19.369	0.78737	0.78743			6
2026.05.28	02:24:24.366		0.78742			4
2026.05.28	02:24:28.029		0.78743			4
2026.05.28	02:24:28.329		0.78742			4
2026.05.28	02:24:30.172	0.78735	0.78741			6
2026.05.28	02:24:30.472	0.78736				2
2026.05.28	02:24:32.701	0.78735	0.78740			6
2026.05.28	02:24:33.302	0.78734	0.78739			6
2026.05.28	02:24:34.217	0.78733	0.78740			6
2026.05.28	02:24:34.515		0.78739			4
2026.05.28	02:24:37.852	0.78732	0.78737			6
2026.05.28	02:24:40.419	0.78733	0.78740			6
2026.05.28	02:24:41.697	0.78734				2
2026.05.28	02:24:42.715	0.78733	0.78739			6
2026.05.28	02:24:46.148	0.78734	0.78740			6
2026.05.28	02:24:47.777		0.78739			4
2026.05.28	02:24:48.077	0.78733	0.78738			6
2026.05.28	02:24:51.260	0.78734	0.78740			6
2026.05.28	02:24:51.561	0.78733	0.78738			6
2026.05.28	02:24:51.861	0.78734	0.78740			6
2026.05.28	02:24:52.162	0.78733	0.78738			6
2026.05.28	02:24:52.466	0.78734	0.78740			6
2026.05.28	02:24:52.796	0.78733	0.78738			6
2026.05.28	02:24:53.150	0.78734	0.78740			6
2026.05.28	02:24:53.449	0.78733	0.78738			6
2026.05.28	02:24:53.828	0.78734	0.78740			6
2026.05.28	02:24:54.125	0.78733	0.78738			6
2026.05.28	02:24:54.784		0.78737			4
2026.05.28	02:24:55.152		0.78739			4
2026.05.28	02:24:55.450	0.78734				2
2026.05.28	02:24:56.424		0.78740			4
2026.05.28	02:24:59.496	0.78737	0.78742			6
2026.05.28	02:25:00.180	0.78737				2
2026.05.28	02:25:00.480	0.78738	0.78743			6
2026.05.28	02:25:01.080	0.78737				2
2026.05.28	02:25:01.380	0.78738				2
2026.05.28	02:25:02.526	0.78740	0.78746			6
2026.05.28	02:25:02.824	0.78739				2
2026.05.28	02:25:14.075		0.78745			4
2026.05.28	02:25:15.079		0.78746			4
2026.05.28	02:25:15.698		0.78745			4
2026.05.28	02:25:15.998		0.78746			4
2026.05.28	02:25:16.955		0.78745			4
2026.05.28	02:25:17.255	0.78740				2
2026.05.28	02:25:22.022		0.78746			4
2026.05.28	02:25:22.937	0.78739				2
2026.05.28	02:25:24.033		0.78745			4
2026.05.28	02:25:36.807		0.78744			4
2026.05.28	02:25:37.106	0.78738	0.78743			6
2026.05.28	02:25:44.520	0.78739	0.78745			6
2026.05.28	02:25:46.514	0.78740	0.78746			6
2026.05.28	02:25:50.271	0.78739	0.78745			6
2026.05.28	02:25:56.591		0.78744			4
2026.05.28	02:25:56.894	0.78738	0.78743			6
2026.05.28	02:26:01.446	0.78738				2
2026.05.28	02:26:01.746	0.78737				2
2026.05.28	02:26:02.047	0.78738				2
2026.05.28	02:26:04.937	0.78737				2
2026.05.28	02:26:16.238	0.78738				2
2026.05.28	02:26:18.935		0.78744			4
2026.05.28	02:26:19.236	0.78740	0.78746			6
2026.05.28	02:26:19.836	0.78739				2
2026.05.28	02:26:20.816	0.78740				2
2026.05.28	02:26:31.518		0.78747			4
2026.05.28	02:26:32.723	0.78742				2
2026.05.28	02:26:33.022	0.78743	0.78749			6
2026.05.28	02:26:33.623		0.78748			4
2026.05.28	02:26:35.089		0.78749			4
2026.05.28	02:26:46.376	0.78744	0.78751			6
2026.05.28	02:26:52.347	0.78745				2
2026.05.28	02:26:56.917	0.78744				2
2026.05.28	02:27:00.278	0.78745				2
2026.05.28	02:27:01.270	0.78744	0.78750			6
2026.05.28	02:27:43.755	0.78745				2
2026.05.28	02:27:44.057	0.78744	0.78751			6
2026.05.28	02:27:44.359	0.78746				2
2026.05.28	02:27:45.259	0.78744	0.78749			6
2026.05.28	02:27:46.761		0.78751			4
2026.05.28	02:27:59.581		0.78750			4
2026.05.28	02:28:01.989	0.78744				2
2026.05.28	02:28:06.120	0.78745				2
2026.05.28	02:28:06.420	0.78752	0.78757			6
2026.05.28	02:28:07.017	0.78751	0.78756			6
2026.05.28	02:28:07.319		0.78757			4
2026.05.28	02:28:18.617	0.78752				2
2026.05.28	02:28:18.918		0.78756			4
2026.05.28	02:28:22.580	0.78751	0.78757			6
2026.05.28	02:28:22.880	0.78747	0.78754			6
2026.05.28	02:28:26.666	0.78748	0.78753			6
2026.05.28	02:28:29.878	0.78747	0.78754			6
2026.05.28	02:28:37.190	0.78748	0.78755			6
2026.05.28	02:28:51.119	0.78747				2
2026.05.28	02:28:57.974	0.78748				2
2026.05.28	02:29:00.634	0.78748				2
2026.05.28	02:29:06.486		0.78753			4
2026.05.28	02:29:10.174		0.78754			4
2026.05.28	02:29:23.667	0.78746	0.78752			6
2026.05.28	02:29:27.038		0.78751			4
2026.05.28	02:29:27.338		0.78752			4
2026.05.28	02:29:32.757		0.78751			4
2026.05.28	02:29:33.638	0.78745				2
2026.05.28	02:29:34.621	0.78746				2
2026.05.28	02:29:34.922		0.78752			4
2026.05.28	02:29:39.367	0.78751	0.78757			6
2026.05.28	02:29:40.410	0.78750				2
2026.05.28	02:29:41.223		0.78758			4
2026.05.28	02:29:41.524	0.78752	0.78757			6
2026.05.28	02:29:44.422	0.78751				2
2026.05.28	02:29:49.874	0.78752				2
2026.05.28	02:29:53.371	0.78753	0.78760			6
2026.05.28	02:29:55.766		0.78759			4
2026.05.28	02:29:58.457	0.78752	0.78757			6
2026.05.28	02:30:00.491	0.78752	0.78758			6
2026.05.28	02:30:01.627		0.78759			4
2026.05.28	02:30:03.896	0.78754	0.78761			6
2026.05.28	02:30:05.572	0.78755	0.78762			6
2026.05.28	02:30:07.691	0.78758	0.78763			6
2026.05.28	02:30:07.991	0.78759	0.78764			6
2026.05.28	02:30:08.291		0.78766			4
2026.05.28	02:30:09.270	0.78758				2
2026.05.28	02:30:09.924		0.78765			4
2026.05.28	02:30:10.224	0.78757	0.78766			6
2026.05.28	02:30:11.097	0.78754	0.78760			6
2026.05.28	02:30:12.228	0.78756	0.78761			6
2026.05.28	02:30:14.819	0.78753	0.78759			6
2026.05.28	02:30:15.889	0.78750	0.78756			6
2026.05.28	02:30:21.890	0.78751	0.78758			6
2026.05.28	02:30:22.190	0.78752				2
2026.05.28	02:30:27.377		0.78757			4
2026.05.28	02:30:37.033		0.78758			4
2026.05.28	02:30:39.239		0.78757			4
2026.05.28	02:30:39.843	0.78751	0.78756			6
2026.05.28	02:30:40.144	0.78750				2
2026.05.28	02:30:41.011	0.78751				2
2026.05.28	02:30:42.075		0.78757			4
2026.05.28	02:30:45.229	0.78752	0.78758			6
2026.05.28	02:30:45.968	0.78753				2
2026.05.28	02:30:46.267	0.78752				2
2026.05.28	02:30:46.760	0.78753				2
2026.05.28	02:30:47.060	0.78754	0.78760			6
2026.05.28	02:30:52.417		0.78758			4
2026.05.28	02:30:53.098		0.78760			4
2026.05.28	02:30:55.084	0.78755	0.78759			6
2026.05.28	02:30:55.685	0.78759	0.78764			6
2026.05.28	02:30:56.285	0.78757	0.78762			6
2026.05.28	02:30:56.587	0.78758	0.78763			6
2026.05.28	02:30:56.887	0.78756				2
2026.05.28	02:30:57.187	0.78757				2
2026.05.28	02:30:59.319	0.78758				2
2026.05.28	02:30:59.619		0.78762			4
2026.05.28	02:31:01.380	0.78758				2
2026.05.28	02:31:01.681	0.78755	0.78761			6
2026.05.28	02:31:01.980	0.78752	0.78759			6
2026.05.28	02:31:04.784		0.78758			4
2026.05.28	02:31:09.720	0.78750	0.78757			6
2026.05.28	02:31:10.493	0.78751				2
2026.05.28	02:31:12.276	0.78752	0.78758			6
2026.05.28	02:31:12.579		0.78757			4
2026.05.28	02:31:16.639	0.78751				2
2026.05.28	02:31:22.114	0.78752				2
2026.05.28	02:31:28.136		0.78758			4
2026.05.28	02:31:32.110	0.78753				2
2026.05.28	02:31:33.203	0.78752	0.78757			6
2026.05.28	02:31:37.366	0.78750	0.78758			6
2026.05.28	02:31:38.767	0.78751	0.78757			6
2026.05.28	02:31:41.929	0.78750	0.78758			6
2026.05.28	02:31:57.386		0.78757			4
2026.05.28	02:31:58.511	0.78753				2
2026.05.28	02:31:58.807		0.78758			4
2026.05.28	02:32:02.225	0.78753				2
2026.05.28	02:32:05.500		0.78759			4
2026.05.28	02:32:07.754	0.78754				2
2026.05.28	02:32:08.054	0.78755	0.78762			6
2026.05.28	02:32:08.354	0.78756				2
2026.05.28	02:32:24.477	0.78755	0.78761			6
2026.05.28	02:32:25.333	0.78756				2
2026.05.28	02:32:25.935	0.78755	0.78760			6
2026.05.28	02:32:29.493	0.78756	0.78761			6
2026.05.28	02:32:37.074		0.78762			4
2026.05.28	02:32:38.862	0.78758	0.78763			6
2026.05.28	02:32:39.316	0.78757				2
2026.05.28	02:32:39.615	0.78758				2
2026.05.28	02:32:41.430		0.78762			4
2026.05.28	02:32:42.029		0.78763			4
2026.05.28	02:32:43.193		0.78762			4
2026.05.28	02:32:44.394		0.78763			4
2026.05.28	02:32:46.667	0.78757	0.78762			6
2026.05.28	02:32:48.233	0.78756				2
2026.05.28	02:32:48.533	0.78757	0.78763			6
2026.05.28	02:32:49.867		0.78762			4
2026.05.28	02:32:51.747	0.78758	0.78763			6
2026.05.28	02:32:53.411	0.78759	0.78764			6
2026.05.28	02:32:57.665	0.78757	0.78762			6
2026.05.28	02:32:57.968		0.78763			4
2026.05.28	02:32:58.270	0.78758	0.78765			6
2026.05.28	02:33:01.106	0.78758				2
2026.05.28	02:33:05.182	0.78757	0.78763			6
2026.05.28	02:33:05.484		0.78764			4
2026.05.28	02:33:11.561		0.78763			4
2026.05.28	02:33:12.198		0.78764			4
2026.05.28	02:33:12.882		0.78763			4
2026.05.28	02:33:13.182		0.78764			4
2026.05.28	02:33:13.495		0.78763			4
2026.05.28	02:33:15.147		0.78764			4
2026.05.28	02:33:19.429	0.78755	0.78762			6
2026.05.28	02:33:19.730		0.78763			4
2026.05.28	02:33:20.630	0.78756				2
2026.05.28	02:33:22.132	0.78759	0.78764			6
2026.05.28	02:33:23.197	0.78758				2
2026.05.28	02:33:24.400	0.78759				2
2026.05.28	02:33:25.140	0.78758				2
2026.05.28	02:33:25.440	0.78757	0.78763			6
2026.05.28	02:33:28.651		0.78764			4
2026.05.28	02:33:29.724	0.78758	0.78763			6
2026.05.28	02:33:31.693	0.78759	0.78764			6
2026.05.28	02:33:33.360	0.78763	0.78768			6
2026.05.28	02:33:45.941	0.78762	0.78769			6
2026.05.28	02:33:47.233		0.78768			4
2026.05.28	02:33:53.284		0.78767			4
2026.05.28	02:33:54.486	0.78761				2
2026.05.28	02:33:57.229	0.78760				2
2026.05.28	02:33:57.591		0.78766			4
2026.05.28	02:33:57.893	0.78759	0.78765			6
2026.05.28	02:34:00.757	0.78759				2
2026.05.28	02:34:19.862		0.78766			4
2026.05.28	02:34:20.162		0.78765			4
2026.05.28	02:34:29.583	0.78755	0.78763			6
2026.05.28	02:34:29.883		0.78762			4
2026.05.28	02:34:31.071	0.78756	0.78763			6
2026.05.28	02:34:32.231	0.78755	0.78762			6
2026.05.28	02:34:33.147	0.78754	0.78760			6
2026.05.28	02:34:34.370		0.78761			4
2026.05.28	02:34:35.158	0.78755	0.78760			6
2026.05.28	02:34:39.074		0.78761			4
2026.05.28	02:34:39.375	0.78756	0.78763			6
2026.05.28	02:34:39.934		0.78762			4
2026.05.28	02:34:40.987	0.78755				2
2026.05.28	02:34:43.548	0.78756				2
2026.05.28	02:34:43.848	0.78758	0.78764			6
2026.05.28	02:34:44.149	0.78759	0.78765			6
2026.05.28	02:34:45.064	0.78758				2
2026.05.28	02:34:49.536	0.78757	0.78763			6
2026.05.28	02:34:49.835	0.78756	0.78764			6
2026.05.28	02:34:50.136	0.78758				2
2026.05.28	02:34:51.005		0.78765			4
2026.05.28	02:34:53.819	0.78757				2
2026.05.28	02:34:54.119	0.78756	0.78763			6
2026.05.28	02:34:55.595		0.78762			4
2026.05.28	02:34:55.894	0.78755				2
2026.05.28	02:35:01.495	0.78756				2
2026.05.28	02:35:01.795	0.78758	0.78764			6
2026.05.28	02:35:07.393	0.78757				2
2026.05.28	02:35:07.693	0.78758				2
2026.05.28	02:35:08.540	0.78759	0.78765			6
2026.05.28	02:35:08.840	0.78761	0.78767			6
2026.05.28	02:35:09.140	0.78762	0.78768			6
2026.05.28	02:35:10.771	0.78764	0.78771			6
2026.05.28	02:35:16.393	0.78765				2
2026.05.28	02:35:17.668	0.78764				2
2026.05.28	02:35:23.240		0.78772			4
2026.05.28	02:35:23.540	0.78766	0.78771			6
2026.05.28	02:35:27.639	0.78765	0.78772			6
2026.05.28	02:35:30.857	0.78767				2
2026.05.28	02:35:31.157	0.78768	0.78774			6
2026.05.28	02:35:31.457		0.78775			4
2026.05.28	02:35:33.087	0.78765	0.78770			6
2026.05.28	02:35:34.838	0.78764	0.78769			6
2026.05.28	02:35:37.046		0.78771			4
2026.05.28	02:35:37.343		0.78772			4
2026.05.28	02:35:40.488	0.78768	0.78774			6
2026.05.28	02:35:44.515	0.78766	0.78773			6
2026.05.28	02:35:44.815	0.78768				2
2026.05.28	02:35:50.658	0.78767	0.78775			6
2026.05.28	02:35:57.436		0.78774			4
2026.05.28	02:36:00.160	0.78767				2
2026.05.28	02:36:02.502		0.78773			4
2026.05.28	02:36:03.805		0.78774			4
2026.05.28	02:36:05.405		0.78775			4
2026.05.28	02:36:13.996		0.78773			4
2026.05.28	02:36:15.361		0.78774			4
2026.05.28	02:36:16.747	0.78769	0.78775			6
2026.05.28	02:36:17.049	0.78768				2
2026.05.28	02:36:25.874		0.78776			4
2026.05.28	02:36:26.175		0.78775			4
2026.05.28	02:36:26.776	0.78769	0.78776			6
2026.05.28	02:36:29.666	0.78768	0.78775			6
2026.05.28	02:36:32.670		0.78774			4
2026.05.28	02:36:32.971		0.78775			4
2026.05.28	02:36:42.205	0.78764	0.78771			6
2026.05.28	02:36:44.897		0.78772			4
2026.05.28	02:36:53.521	0.78765				2
2026.05.28	02:37:00.351	0.78765				2
2026.05.28	02:37:03.578		0.78771			4
2026.05.28	02:37:09.979		0.78772			4
2026.05.28	02:37:15.676		0.78771			4
2026.05.28	02:37:25.073	0.78762	0.78769			6
2026.05.28	02:37:27.337	0.78763				2
2026.05.28	02:37:28.576		0.78768			4
2026.05.28	02:37:37.717		0.78769			4
2026.05.28	02:37:43.071	0.78764	0.78770			6
2026.05.28	02:37:46.514	0.78765	0.78772			6
2026.05.28	02:37:49.371	0.78764				2
2026.05.28	02:37:49.973		0.78771			4
2026.05.28	02:37:51.404		0.78770			4
2026.05.28	02:37:51.704	0.78763				2
2026.05.28	02:37:53.465	0.78762				2
2026.05.28	02:37:53.765		0.78769			4
2026.05.28	02:37:57.770		0.78768			4
2026.05.28	02:37:58.530	0.78761	0.78769			6
2026.05.28	02:37:58.830		0.78768			4
2026.05.28	02:37:59.130		0.78769			4
2026.05.28	02:38:00.479	0.78761	0.78768			6
2026.05.28	02:38:02.677	0.78762				2
2026.05.28	02:38:02.977		0.78769			4
2026.05.28	02:38:03.909		0.78768			4
2026.05.28	02:38:07.211		0.78769			4
2026.05.28	02:38:12.679	0.78763				2
2026.05.28	02:38:13.612	0.78764				2
2026.05.28	02:38:13.912	0.78765	0.78771			6
2026.05.28	02:38:15.629	0.78766				2
2026.05.28	02:38:21.531		0.78772			4
2026.05.28	02:38:22.979	0.78765				2
2026.05.28	02:38:25.021		0.78771			4
2026.05.28	02:38:25.320		0.78772			4
2026.05.28	02:38:33.794		0.78771			4
2026.05.28	02:38:34.094		0.78772			4
2026.05.28	02:38:50.093		0.78770			4
2026.05.28	02:38:50.393		0.78772			4
2026.05.28	02:38:51.615		0.78771			4
2026.05.28	02:38:56.977		0.78772			4
2026.05.28	02:39:00.322	0.78765				2
2026.05.28	02:39:05.534		0.78771			4
2026.05.28	02:39:05.834	0.78759	0.78766			6
2026.05.28	02:39:11.752		0.78765			4
2026.05.28	02:39:18.097		0.78766			4
2026.05.28	02:39:24.396		0.78765			4
2026.05.28	02:39:24.695	0.78757	0.78763			6
2026.05.28	02:39:29.168		0.78764			4
2026.05.28	02:39:29.468	0.78759	0.78765			6
2026.05.28	02:39:29.768		0.78766			4
2026.05.28	02:39:33.764	0.78760				2
2026.05.28	02:39:38.861	0.78759				2
2026.05.28	02:39:41.815		0.78765			4
2026.05.28	02:40:05.672	0.78759				2
2026.05.28	02:40:24.524	0.78760	0.78767			6
2026.05.28	02:40:25.371		0.78766			4
2026.05.28	02:40:25.671	0.78759				2
2026.05.28	02:40:37.254	0.78760				2
2026.05.28	02:40:43.473	0.78762	0.78768			6
2026.05.28	02:40:53.333	0.78761				2
2026.05.28	02:40:54.884	0.78763	0.78769			6
2026.05.28	02:40:56.658	0.78762				2
2026.05.28	02:41:00.600	0.78762	0.78768			6
2026.05.28	02:41:02.421		0.78769			4
2026.05.28	02:41:09.581		0.78768			4
2026.05.28	02:41:12.740	0.78763	0.78770			6
2026.05.28	02:41:13.489	0.78762	0.78769			6
2026.05.28	02:41:24.234	0.78763				2
2026.05.28	02:41:28.172	0.78762				2
2026.05.28	02:41:28.476		0.78768			4
2026.05.28	02:41:29.944	0.78763	0.78769			6
2026.05.28	02:41:30.545		0.78770			4
2026.05.28	02:41:32.700		0.78768			4
2026.05.28	02:41:33.381		0.78769			4
2026.05.28	02:41:33.681	0.78764	0.78771			6
2026.05.28	02:41:33.981		0.78770			4
2026.05.28	02:41:34.581	0.78763				2
2026.05.28	02:41:41.011		0.78769			4
2026.05.28	02:41:41.834	0.78764	0.78771			6
2026.05.28	02:41:43.328		0.78770			4
2026.05.28	02:41:44.797		0.78769			4
2026.05.28	02:41:45.828	0.78763				2
2026.05.28	02:41:52.160	0.78761	0.78768			6
2026.05.28	02:42:00.105	0.78762				2
2026.05.28	02:42:00.406	0.78764	0.78771			6
2026.05.28	02:42:00.706	0.78762	0.78769			6
2026.05.28	02:42:01.306	0.78761				2
2026.05.28	02:42:01.607		0.78767			4
2026.05.28	02:42:02.207		0.78768			4
2026.05.28	02:42:04.244	0.78760	0.78766			6
2026.05.28	02:42:18.850		0.78767			4
2026.05.28	02:42:19.611		0.78766			4
2026.05.28	02:42:19.912		0.78767			4
2026.05.28	02:42:23.148	0.78761				2
2026.05.28	02:42:24.993	0.78760	0.78766			6
2026.05.28	02:42:25.594		0.78765			4
2026.05.28	02:42:35.225		0.78766			4
2026.05.28	02:43:00.395	0.78760				2
2026.05.28	02:43:01.373	0.78759				2
2026.05.28	02:43:05.866	0.78760				2
2026.05.28	02:43:06.165		0.78767			4
2026.05.28	02:43:10.702	0.78761				2
2026.05.28	02:43:19.289	0.78762	0.78768			6
2026.05.28	02:43:19.590		0.78769			4
2026.05.28	02:43:25.759		0.78768			4
2026.05.28	02:43:36.554		0.78769			4
2026.05.28	02:43:39.232	0.78763	0.78770			6
2026.05.28	02:43:40.449	0.78765				2
2026.05.28	02:43:45.415		0.78771			4
2026.05.28	02:43:56.443		0.78772			4
2026.05.28	02:44:00.342	0.78765	0.78771			6
2026.05.28	02:44:00.642	0.78764				2
2026.05.28	02:44:02.900	0.78759	0.78765			6
2026.05.28	02:44:04.467		0.78764			4
2026.05.28	02:44:05.071	0.78758	0.78765			6
2026.05.28	02:44:08.826	0.78759	0.78764			6
2026.05.28	02:44:11.834	0.78758	0.78765			6
2026.05.28	02:44:25.917		0.78764			4
2026.05.28	02:44:31.164	0.78757				2
2026.05.28	02:44:33.717		0.78765			4
2026.05.28	02:44:35.505	0.78760				2
2026.05.28	02:44:36.105	0.78757	0.78763			6
2026.05.28	02:44:36.408	0.78760	0.78765			6
2026.05.28	02:44:36.708	0.78757	0.78763			6
2026.05.28	02:44:37.008	0.78760	0.78765			6
2026.05.28	02:44:37.308	0.78757	0.78763			6
2026.05.28	02:44:38.211		0.78765			4
2026.05.28	02:44:40.172	0.78758				2
2026.05.28	02:44:46.224	0.78757				2
2026.05.28	02:44:47.664	0.78758				2
2026.05.28	02:44:53.158	0.78759				2
2026.05.28	02:45:00.424	0.78759				2
2026.05.28	02:45:01.625		0.78766			4
2026.05.28	02:45:01.924	0.78760				2
2026.05.28	02:45:06.623	0.78762	0.78768			6
2026.05.28	02:45:07.222	0.78763				2
2026.05.28	02:45:07.522		0.78769			4
2026.05.28	02:45:07.820	0.78764				2
2026.05.28	02:45:08.420		0.78770			4
2026.05.28	02:45:10.327		0.78769			4
2026.05.28	02:45:11.131		0.78770			4
2026.05.28	02:45:40.119	0.78762	0.78767			6
2026.05.28	02:45:40.420		0.78768			4
2026.05.28	02:45:40.720	0.78761	0.78766			6
2026.05.28	02:45:41.985	0.78762	0.78768			6
2026.05.28	02:45:42.288	0.78761	0.78767			6
2026.05.28	02:45:43.311	0.78762				2
2026.05.28	02:45:43.912	0.78761	0.78766			6
2026.05.28	02:45:44.513	0.78762	0.78767			6
2026.05.28	02:45:50.660		0.78768			4
2026.05.28	02:45:52.101	0.78761	0.78767			6
2026.05.28	02:45:52.401	0.78763	0.78768			6
2026.05.28	02:46:00.135	0.78763				2
2026.05.28	02:46:01.485	0.78761	0.78767			6
2026.05.28	02:46:03.454		0.78766			4
2026.05.28	02:46:05.598	0.78762	0.78767			6
2026.05.28	02:46:10.197	0.78761				2
2026.05.28	02:46:13.993		0.78766			4
2026.05.28	02:46:20.391	0.78760				2
2026.05.28	02:46:21.293	0.78761	0.78767			6
2026.05.28	02:46:22.921		0.78766			4
2026.05.28	02:46:27.256	0.78760				2
2026.05.28	02:46:30.343	0.78761	0.78767			6
2026.05.28	02:46:31.150		0.78768			4
2026.05.28	02:46:31.741		0.78766			4
2026.05.28	02:46:32.042		0.78768			4
2026.05.28	02:46:50.844	0.78763	0.78769			6
2026.05.28	02:46:51.143	0.78764				2
2026.05.28	02:46:55.275		0.78770			4
2026.05.28	02:46:55.576	0.78763				2
2026.05.28	02:46:55.875		0.78769			4
2026.05.28	02:46:58.461	0.78764				2
2026.05.28	02:47:00.510	0.78764				2
2026.05.28	02:47:02.428	0.78763				2
2026.05.28	02:47:09.288	0.78762	0.78767			6
2026.05.28	02:47:09.996		0.78768			4
2026.05.28	02:47:10.297		0.78767			4
2026.05.28	02:47:18.794	0.78763	0.78768			6
2026.05.28	02:47:20.704		0.78769			4
2026.05.28	02:47:21.605	0.78764				2
2026.05.28	02:47:23.297		0.78770			4
2026.05.28	02:47:34.651		0.78769			4
2026.05.28	02:47:35.251		0.78770			4
2026.05.28	02:47:38.369		0.78769			4
2026.05.28	02:47:38.669	0.78763	0.78770			6
2026.05.28	02:47:41.682		0.78769			4
2026.05.28	02:47:41.983		0.78768			4
2026.05.28	02:47:43.046	0.78762				2
2026.05.28	02:47:46.493		0.78769			4
2026.05.28	02:47:46.794	0.78763				2
2026.05.28	02:47:53.501	0.78762	0.78768			6
2026.05.28	02:47:55.501		0.78767			4
2026.05.28	02:47:57.368	0.78763	0.78768			6
2026.05.28	02:47:57.668		0.78769			4
2026.05.28	02:48:00.393	0.78764				2
2026.05.28	02:48:13.633	0.78763				2
2026.05.28	02:48:17.673	0.78762	0.78767			6
2026.05.28	02:48:19.684	0.78761				2
2026.05.28	02:48:34.386	0.78762				2
2026.05.28	02:48:34.686	0.78763	0.78769			6
2026.05.28	02:48:35.384	0.78764				2
2026.05.28	02:48:42.327		0.78771			4
2026.05.28	02:48:44.576		0.78770			4
2026.05.28	02:48:46.226		0.78769			4
2026.05.28	02:48:47.562	0.78763				2
2026.05.28	02:49:00.470	0.78763				2
2026.05.28	02:49:01.186	0.78764				2
2026.05.28	02:49:06.308	0.78763				2
2026.05.28	02:49:19.767	0.78764				2
2026.05.28	02:49:37.345	0.78765				2
2026.05.28	02:49:46.422		0.78769			4
2026.05.28	02:49:48.330	0.78764				2
2026.05.28	02:49:50.697		0.78770			4
2026.05.28	02:49:51.403		0.78769			4
2026.05.28	02:50:00.252	0.78764				2
2026.05.28	02:50:10.157		0.78770			4
2026.05.28	02:50:33.191		0.78769			4
2026.05.28	02:50:36.588	0.78765	0.78770			6
2026.05.28	02:50:49.946		0.78769			4
2026.05.28	02:51:00.402	0.78765				2
2026.05.28	02:51:02.774		0.78770			4
2026.05.28	02:51:06.884		0.78769			4
2026.05.28	02:51:09.529	0.78771	0.78777			6
2026.05.28	02:51:09.831		0.78776			4
2026.05.28	02:51:10.131		0.78777			4
2026.05.28	02:51:10.435	0.78781	0.78783			6
2026.05.28	02:51:10.739		0.78786			4
2026.05.28	02:51:11.034	0.78780				2
2026.05.28	02:51:11.335	0.78782	0.78788			6
2026.05.28	02:51:11.938		0.78787			4
2026.05.28	02:51:12.238	0.78781				2
2026.05.28	02:51:13.998	0.78782				2
2026.05.28	02:51:15.302		0.78788			4
2026.05.28	02:51:15.602	0.78781	0.78787			6
2026.05.28	02:51:20.209	0.78782	0.78788			6
2026.05.28	02:51:22.112	0.78783				2
2026.05.28	02:51:24.597	0.78782				2
2026.05.28	02:51:25.796		0.78787			4
2026.05.28	02:51:27.531	0.78783	0.78788			6
2026.05.28	02:51:27.831	0.78782	0.78787			6
2026.05.28	02:51:28.433	0.78784	0.78790			6
2026.05.28	02:51:29.334	0.78785				2
2026.05.28	02:51:32.593	0.78784	0.78789			6
2026.05.28	02:51:35.824	0.78785	0.78790			6
2026.05.28	02:51:36.124	0.78784				2
2026.05.28	02:51:36.424		0.78789			4
2026.05.28	02:51:40.663	0.78785	0.78790			6
2026.05.28	02:51:40.964		0.78789			4
2026.05.28	02:51:41.564	0.78786	0.78790			6
2026.05.28	02:51:41.868	0.78785	0.78789			6
2026.05.28	02:51:42.167	0.78786	0.78790			6
2026.05.28	02:51:42.771	0.78785	0.78789			6
2026.05.28	02:51:43.373		0.78790			4
2026.05.28	02:51:56.386		0.78791			4
2026.05.28	02:51:59.541	0.78788	0.78795			6
2026.05.28	02:52:00.236	0.78790	0.78796			6
2026.05.28	02:52:02.114	0.78789	0.78795			6
2026.05.28	02:52:05.209	0.78788	0.78793			6
2026.05.28	02:52:05.810		0.78794			4
2026.05.28	02:52:07.012	0.78789	0.78795			6
2026.05.28	02:52:08.764	0.78788	0.78793			6
2026.05.28	02:52:10.685		0.78795			4
2026.05.28	02:52:17.370	0.78790				2
2026.05.28	02:52:17.669	0.78789				2
2026.05.28	02:52:21.270		0.78794			4
2026.05.28	02:52:24.407	0.78788	0.78792			6
2026.05.28	02:52:24.724	0.78787				2
2026.05.28	02:52:28.238	0.78788				2
2026.05.28	02:52:36.508	0.78787				2
2026.05.28	02:52:36.808	0.78789	0.78794			6
2026.05.28	02:52:37.597		0.78793			4
2026.05.28	02:52:39.907	0.78791	0.78796			6
2026.05.28	02:52:40.509	0.78793	0.78797			6
2026.05.28	02:52:40.808	0.78792	0.78796			6
2026.05.28	02:52:41.108		0.78798			4
2026.05.28	02:52:42.313	0.78793				2
2026.05.28	02:52:42.613	0.78792				2
2026.05.28	02:52:43.223	0.78791	0.78796			6
2026.05.28	02:52:43.521	0.78790	0.78795			6
2026.05.28	02:52:43.822	0.78789				2
2026.05.28	02:52:44.723	0.78788	0.78794			6
2026.05.28	02:52:45.022	0.78789				2
2026.05.28	02:52:51.336	0.78788				2
2026.05.28	02:52:53.767	0.78789				2
2026.05.28	02:52:54.067		0.78793			4
2026.05.28	02:52:58.999		0.78794			4
2026.05.28	02:53:00.073	0.78789				2
2026.05.28	02:53:03.499	0.78786	0.78791			6
2026.05.28	02:53:04.626		0.78790			4
2026.05.28	02:53:06.475		0.78791			4
2026.05.28	02:53:07.713	0.78789	0.78794			6
2026.05.28	02:53:13.059		0.78793			4
2026.05.28	02:53:13.658	0.78787	0.78792			6
2026.05.28	02:53:14.931	0.78788	0.78793			6
2026.05.28	02:53:20.579	0.78786	0.78791			6
2026.05.28	02:53:25.491	0.78787	0.78792			6
2026.05.28	02:53:34.046	0.78788	0.78793			6
2026.05.28	02:53:44.391	0.78786	0.78792			6
2026.05.28	02:53:46.586	0.78787				2
2026.05.28	02:53:46.886		0.78791			4
2026.05.28	02:53:51.563	0.78786	0.78792			6
2026.05.28	02:53:52.164	0.78787				2
2026.05.28	02:53:53.519	0.78786				2
2026.05.28	02:53:53.819		0.78791			4
2026.05.28	02:53:54.434	0.78787				2
2026.05.28	02:53:57.329	0.78786	0.78792			6
2026.05.28	02:54:00.466	0.78786				2
2026.05.28	02:54:02.849	0.78787				2
2026.05.28	02:54:03.148	0.78786				2
2026.05.28	02:54:11.924	0.78785				2
2026.05.28	02:54:12.224	0.78786				2
2026.05.28	02:54:15.771	0.78787	0.78791			6
2026.05.28	02:54:16.071	0.78785				2
2026.05.28	02:54:16.372	0.78787	0.78792			6
2026.05.28	02:54:18.234	0.78786				2
2026.05.28	02:54:20.509	0.78787				2
2026.05.28	02:54:20.810	0.78788				2
2026.05.28	02:54:21.857		0.78793			4
2026.05.28	02:54:23.377	0.78782	0.78788			6
2026.05.28	02:54:23.678	0.78781				2
2026.05.28	02:54:25.271		0.78787			4
2026.05.28	02:54:26.171		0.78786			4
2026.05.28	02:54:37.984		0.78787			4
2026.05.28	02:54:40.393	0.78782				2
2026.05.28	02:54:40.694	0.78781				2
2026.05.28	02:54:46.311		0.78786			4
2026.05.28	02:55:00.146	0.78781				2
2026.05.28	02:55:00.445		0.78788			4
2026.05.28	02:55:00.746	0.78782				2
2026.05.28	02:55:03.503		0.78789			4
2026.05.28	02:55:07.315		0.78788			4
2026.05.28	02:55:08.406		0.78789			4
2026.05.28	02:55:28.856		0.78788			4
2026.05.28	02:55:29.157		0.78789			4
2026.05.28	02:55:32.268	0.78783				2
2026.05.28	02:55:32.567		0.78788			4
2026.05.28	02:55:34.462		0.78787			4
2026.05.28	02:55:35.445	0.78782				2
2026.05.28	02:55:39.490		0.78788			4
2026.05.28	02:55:41.122	0.78783	0.78787			6
2026.05.28	02:55:58.558	0.78782	0.78789			6
2026.05.28	02:55:59.676	0.78783	0.78788			6
2026.05.28	02:56:00.262	0.78783				2
2026.05.28	02:56:01.308	0.78782				2
2026.05.28	02:56:04.536		0.78789			4
2026.05.28	02:56:07.083		0.78788			4
2026.05.28	02:56:18.371	0.78780				2
2026.05.28	02:56:21.888		0.78787			4
2026.05.28	02:56:22.189		0.78788			4
2026.05.28	02:56:22.631		0.78787			4
2026.05.28	02:56:27.766		0.78786			4
2026.05.28	02:56:28.066		0.78787			4
2026.05.28	02:56:31.979		0.78786			4
2026.05.28	02:56:32.712		0.78787			4
2026.05.28	02:56:33.913		0.78786			4
2026.05.28	02:56:34.213		0.78788			4
2026.05.28	02:56:40.426		0.78787			4
2026.05.28	02:57:00.290	0.78780				2
2026.05.28	02:57:00.588		0.78788			4
2026.05.28	02:57:00.890	0.78781	0.78786			6
2026.05.28	02:57:01.189	0.78777	0.78782			6
2026.05.28	02:57:01.489	0.78778				2
2026.05.28	02:57:01.790		0.78783			4
2026.05.28	02:57:06.035		0.78782			4
2026.05.28	02:57:06.335	0.78777	0.78783			6
2026.05.28	02:57:10.419	0.78778				2
2026.05.28	02:57:12.303	0.78779	0.78784			6
2026.05.28	02:57:14.139		0.78785			4
2026.05.28	02:57:20.657		0.78784			4
2026.05.28	02:57:25.889	0.78778				2
2026.05.28	02:57:28.794	0.78779	0.78785			6
2026.05.28	02:57:41.828		0.78786			4
2026.05.28	02:57:42.126	0.78782	0.78787			6
2026.05.28	02:57:42.426	0.78781	0.78786			6
2026.05.28	02:57:43.379	0.78780				2
2026.05.28	02:57:43.680	0.78781				2
2026.05.28	02:57:45.376	0.78782	0.78787			6
2026.05.28	02:57:54.444	0.78783	0.78788			6
2026.05.28	02:57:54.745		0.78789			4
2026.05.28	02:58:00.271	0.78783	0.78790			6
2026.05.28	02:58:02.511	0.78784				2
2026.05.28	02:58:02.810		0.78789			4
2026.05.28	02:58:22.134	0.78783				2
2026.05.28	02:58:33.362	0.78784	0.78790			6
2026.05.28	02:58:48.833	0.78785				2
2026.05.28	02:58:49.133	0.78786	0.78792			6
2026.05.28	02:58:49.433	0.78788	0.78795			6
2026.05.28	02:58:49.734		0.78793			4
2026.05.28	02:58:50.035	0.78787	0.78792			6
2026.05.28	02:58:50.337	0.78788	0.78794			6
2026.05.28	02:58:50.638	0.78787	0.78792			6
2026.05.28	02:58:50.939	0.78788	0.78794			6
2026.05.28	02:58:51.241	0.78787	0.78792			6
2026.05.28	02:58:51.542	0.78789	0.78794			6
2026.05.28	02:58:51.842	0.78787	0.78792			6
2026.05.28	02:58:52.141	0.78789	0.78794			6
2026.05.28	02:58:52.441	0.78787	0.78792			6
2026.05.28	02:58:52.743		0.78794			4
2026.05.28	02:58:53.581		0.78793			4
2026.05.28	02:58:55.291		0.78794			4
2026.05.28	02:58:56.193	0.78786	0.78793			6
2026.05.28	02:58:57.096		0.78792			4
2026.05.28	02:58:59.126		0.78793			4
2026.05.28	02:58:59.427	0.78787	0.78794			6
2026.05.28	02:59:00.074	0.78787				2
2026.05.28	02:59:02.730		0.78795			4
2026.05.28	02:59:05.415		0.78794			4
2026.05.28	02:59:11.193	0.78786	0.78793			6
2026.05.28	02:59:17.995		0.78794			4
2026.05.28	02:59:27.495		0.78793			4
2026.05.28	02:59:28.047		0.78794			4
2026.05.28	02:59:34.413		0.78793			4
2026.05.28	02:59:35.168		0.78794			4
2026.05.28	02:59:35.469		0.78793			4
2026.05.28	02:59:37.393	0.78785				2
2026.05.28	02:59:37.693		0.78792			4
2026.05.28	02:59:38.295		0.78793			4
2026.05.28	02:59:40.518	0.78786	0.78794			6
2026.05.28	02:59:45.118		0.78793			4
2026.05.28	02:59:45.417	0.78785				2
2026.05.28	02:59:48.079	0.78786				2
2026.05.28	02:59:48.379		0.78792			4
2026.05.28	02:59:49.366		0.78793			4
2026.05.28	02:59:50.991	0.78785	0.78792			6
2026.05.28	02:59:51.291	0.78786	0.78793			6
2026.05.28	02:59:52.494		0.78792			4
2026.05.28	02:59:55.911		0.78793			4
2026.05.28	02:59:56.211	0.78787				2
2026.05.28	02:59:56.813		0.78794			4
2026.05.28	03:00:00.002	0.78787				2
2026.05.28	03:00:00.309	0.78790	0.78795			6
2026.05.28	03:00:02.406		0.78794			4
2026.05.28	03:00:02.707		0.78795			4
2026.05.28	03:00:03.651		0.78794			4
2026.05.28	03:00:03.951	0.78788	0.78793			6
2026.05.28	03:00:04.551		0.78792			4
2026.05.28	03:00:04.852	0.78786	0.78791			6
2026.05.28	03:00:05.452	0.78788	0.78792			6
2026.05.28	03:00:05.752		0.78793			4
2026.05.28	03:00:06.352	0.78785	0.78790			6
2026.05.28	03:00:07.254	0.78786	0.78791			6
2026.05.28	03:00:07.554	0.78787	0.78793			6
2026.05.28	03:00:07.854	0.78788				2
2026.05.28	03:00:08.154	0.78787				2
2026.05.28	03:00:09.525	0.78789	0.78794			6
2026.05.28	03:00:09.826	0.78787	0.78792			6
2026.05.28	03:00:12.921	0.78786	0.78791			6
2026.05.28	03:00:13.521	0.78787				2
2026.05.28	03:00:14.122		0.78792			4
