<DATE>	<TIME>	<BID>	<ASK>	<LAST>	<VOLUME>	<FLAGS>
2026.02.17	00:03:31.334	0.76886	0.77043			6
2026.02.17	00:04:00.194	0.76886				2
2026.02.17	00:04:31.409		0.77043			4
2026.02.17	00:05:00.023	0.76886				2
2026.02.17	00:05:00.349		0.77038			4
2026.02.17	00:05:11.267		0.77048			4
2026.02.17	00:05:30.958		0.77045			4
2026.02.17	00:06:00.233	0.76886				2
2026.02.17	00:06:31.120		0.77045			4
2026.02.17	00:07:00.181	0.76886				2
2026.02.17	00:07:31.379		0.77045			4
2026.02.17	00:07:54.468		0.77039			4
2026.02.17	00:08:00.114	0.76886				2
2026.02.17	00:08:54.409		0.77045			4
2026.02.17	00:09:00.005	0.76886				2
2026.02.17	00:09:41.165		0.77042			4
2026.02.17	00:10:00.284	0.76886	0.77015			6
2026.02.17	00:10:08.736	0.76890				2
2026.02.17	00:10:11.223	0.76848	0.76946			6
2026.02.17	00:11:00.123	0.76848				2
2026.02.17	00:11:04.811	0.76860	0.77033			6
2026.02.17	00:11:06.365	0.76890	0.77015			6
2026.02.17	00:11:09.777	0.76848	0.76946			6
2026.02.17	00:11:10.711	0.76890	0.77015			6
2026.02.17	00:11:21.982	0.76848	0.76946			6
2026.02.17	00:11:22.923	0.76890	0.77015			6
2026.02.17	00:11:28.267	0.76848	0.76946			6
2026.02.17	00:11:29.186	0.76890	0.77015			6
2026.02.17	00:11:34.528	0.76848	0.76946			6
2026.02.17	00:11:35.457	0.76890	0.77015			6
2026.02.17	00:11:51.063	0.76900	0.77018			6
2026.02.17	00:11:55.155	0.76890	0.77015			6
2026.02.17	00:12:00.172	0.76890				2
2026.02.17	00:12:06.423		0.77018			4
2026.02.17	00:12:07.684		0.77019			4
2026.02.17	00:12:08.308		0.77015			4
2026.02.17	00:13:00.025	0.76890				2
2026.02.17	00:13:08.482		0.77015			4
2026.02.17	00:13:30.722	0.76888	0.77014			6
2026.02.17	00:13:33.856		0.77015			4
2026.02.17	00:14:00.083	0.76888				2
2026.02.17	00:14:18.186	0.76897	0.77014			6
2026.02.17	00:15:00.104	0.76897				2
2026.02.17	00:15:04.784	0.76906	0.77013			6
2026.02.17	00:15:15.412	0.76901				2
2026.02.17	00:16:00.024	0.76901				2
2026.02.17	00:16:05.021		0.77013			4
2026.02.17	00:16:44.975		0.77012			4
2026.02.17	00:16:58.153		0.77011			4
2026.02.17	00:17:00.009	0.76901				2
2026.02.17	00:17:53.037	0.76894				2
2026.02.17	00:17:58.377		0.77011			4
2026.02.17	00:18:00.238	0.76894				2
2026.02.17	00:18:15.593	0.76892				2
2026.02.17	00:18:39.802		0.77012			4
2026.02.17	00:19:00.085	0.76892				2
2026.02.17	00:19:05.095	0.76894	0.77013			6
2026.02.17	00:19:06.665		0.77012			4
2026.02.17	00:19:08.536		0.77014			4
2026.02.17	00:19:14.757		0.77015			4
2026.02.17	00:19:15.360	0.76899				2
2026.02.17	00:19:39.425		0.77014			4
2026.02.17	00:20:00.059	0.76899				2
2026.02.17	00:20:15.366		0.77015			4
2026.02.17	00:20:22.541		0.77014			4
2026.02.17	00:21:00.094	0.76899				2
2026.02.17	00:21:05.092		0.77013			4
2026.02.17	00:21:10.734		0.77014			4
2026.02.17	00:21:21.955	0.76901	0.77015			6
2026.02.17	00:22:00.078	0.76901				2
2026.02.17	00:22:22.271		0.77015			4
2026.02.17	00:22:29.142		0.77016			4
2026.02.17	00:22:47.865		0.77015			4
2026.02.17	00:23:00.317	0.76901				2
2026.02.17	00:23:47.913		0.77015			4
2026.02.17	00:23:52.261		0.77016			4
2026.02.17	00:23:54.137	0.76903				2
2026.02.17	00:24:00.067	0.76903				2
2026.02.17	00:24:08.445		0.77012			4
2026.02.17	00:24:16.575		0.77013			4
2026.02.17	00:24:26.307		0.77012			4
2026.02.17	00:24:36.316		0.77011			4
2026.02.17	00:24:41.321		0.77012			4
2026.02.17	00:25:00.100	0.76903	0.77013			6
2026.02.17	00:25:06.317		0.77015			4
2026.02.17	00:25:16.311		0.77013			4
2026.02.17	00:25:46.347		0.77014			4
2026.02.17	00:25:56.311		0.77013			4
2026.02.17	00:26:00.076	0.76903				2
2026.02.17	00:26:16.293		0.77014			4
2026.02.17	00:26:26.577		0.77013			4
2026.02.17	00:26:50.011		0.77012			4
2026.02.17	00:27:00.253	0.76903				2
2026.02.17	00:27:15.585	0.76904				2
2026.02.17	00:27:16.519		0.77015			4
2026.02.17	00:27:26.532		0.77012			4
2026.02.17	00:27:30.619		0.77013			4
2026.02.17	00:27:36.566		0.77015			4
2026.02.17	00:28:00.281	0.76904				2
2026.02.17	00:28:36.865		0.77015			4
2026.02.17	00:29:00.254	0.76904				2
2026.02.17	00:29:36.886		0.77015			4
2026.02.17	00:30:00.238	0.76904				2
2026.02.17	00:30:06.203		0.77016			4
2026.02.17	00:30:06.527		0.77014			4
2026.02.17	00:30:12.146	0.76905	0.77012			6
2026.02.17	00:30:13.385		0.77013			4
2026.02.17	00:30:15.591	0.76906	0.77008			6
2026.02.17	00:30:16.540	0.76905	0.77011			6
2026.02.17	00:30:17.798		0.77012			4
2026.02.17	00:30:28.404		0.77013			4
2026.02.17	00:30:33.703		0.77012			4
2026.02.17	00:30:37.442	0.76899	0.77010			6
2026.02.17	00:30:37.749	0.76891	0.77009			6
2026.02.17	00:30:41.489	0.76903	0.77007			6
2026.02.17	00:30:41.797	0.76900	0.77006			6
2026.02.17	00:30:53.349		0.77005			4
2026.02.17	00:30:54.277	0.76892	0.77007			6
2026.02.17	00:30:58.038	0.76898	0.77006			6
2026.02.17	00:30:58.343	0.76896	0.77003			6
2026.02.17	00:30:58.651	0.76889	0.77002			6
2026.02.17	00:31:00.224	0.76889				2
2026.02.17	00:31:32.804		0.77001			4
2026.02.17	00:31:58.995	0.76891	0.77003			6
2026.02.17	00:31:59.925		0.77004			4
2026.02.17	00:32:00.233	0.76891				2
2026.02.17	00:32:09.334	0.76897	0.77003			6
2026.02.17	00:32:17.490		0.77004			4
2026.02.17	00:32:37.185	0.76898	0.77005			6
2026.02.17	00:32:37.837	0.76905	0.77009			6
2026.02.17	00:32:38.140	0.76899	0.77006			6
2026.02.17	00:32:39.694		0.77007			4
2026.02.17	00:32:50.940		0.77006			4
2026.02.17	00:32:52.818		0.77007			4
2026.02.17	00:32:58.463		0.77008			4
2026.02.17	00:33:00.043	0.76899				2
2026.02.17	00:33:01.274		0.77007			4
2026.02.17	00:33:32.628	0.76896	0.77005			6
2026.02.17	00:33:38.250	0.76892	0.77003			6
2026.02.17	00:33:38.574	0.76888	0.77002			6
2026.02.17	00:33:39.504	0.76887	0.77004			6
2026.02.17	00:33:40.112	0.76891	0.77001			6
2026.02.17	00:33:40.432	0.76890	0.77002			6
2026.02.17	00:33:40.738		0.77008			4
2026.02.17	00:33:41.042	0.76899	0.77007			6
2026.02.17	00:33:41.352	0.76887	0.77003			6
2026.02.17	00:33:44.149	0.76888	0.77000			6
2026.02.17	00:33:44.466	0.76890				2
2026.02.17	00:33:44.775	0.76889	0.77005			6
2026.02.17	00:33:45.077	0.76899				2
2026.02.17	00:33:45.379	0.76894	0.77002			6
2026.02.17	00:33:52.857		0.77001			4
2026.02.17	00:34:00.061	0.76894				2
2026.02.17	00:34:05.061		0.76999			4
2026.02.17	00:34:05.998		0.77000			4
2026.02.17	00:34:12.247	0.76896	0.76998			6
2026.02.17	00:34:12.573	0.76897	0.76992			6
2026.02.17	00:34:18.844	0.76894	0.76991			6
2026.02.17	00:34:28.857	0.76893	0.76988			6
2026.02.17	00:34:38.891	0.76890	0.76983			6
2026.02.17	00:35:00.020	0.76890				2
2026.02.17	00:35:25.033	0.76897	0.76978			6
2026.02.17	00:35:37.182	0.76899	0.76985			6
2026.02.17	00:35:37.504	0.76908	0.76984			6
2026.02.17	00:35:38.131	0.76903	0.76985			6
2026.02.17	00:35:38.735	0.76908	0.76984			6
2026.02.17	00:35:39.058	0.76906				2
2026.02.17	00:35:39.686	0.76908				2
2026.02.17	00:35:39.987	0.76905	0.76985			6
2026.02.17	00:35:40.614	0.76908	0.76984			6
2026.02.17	00:35:40.918	0.76905	0.76985			6
2026.02.17	00:35:54.997	0.76904	0.76994			6
2026.02.17	00:35:57.783	0.76905	0.76993			6
2026.02.17	00:36:00.273	0.76905				2
2026.02.17	00:36:46.753		0.76992			4
2026.02.17	00:36:47.056		0.76993			4
2026.02.17	00:36:54.228		0.76992			4
2026.02.17	00:36:55.178		0.76993			4
2026.02.17	00:36:59.847		0.76992			4
2026.02.17	00:37:00.170	0.76905				2
2026.02.17	00:37:10.435		0.76991			4
2026.02.17	00:37:16.710		0.76990			4
2026.02.17	00:37:20.193		0.76991			4
2026.02.17	00:37:20.496		0.76992			4
2026.02.17	00:37:20.799		0.76989			4
2026.02.17	00:37:21.427		0.76988			4
2026.02.17	00:37:23.631		0.76991			4
2026.02.17	00:37:23.934		0.76990			4
2026.02.17	00:37:24.256		0.76991			4
2026.02.17	00:37:32.065		0.76990			4
2026.02.17	00:37:34.246	0.76904				2
2026.02.17	00:37:48.343		0.76989			4
2026.02.17	00:38:00.214	0.76904				2
2026.02.17	00:38:01.164		0.76990			4
2026.02.17	00:38:04.926		0.76989			4
2026.02.17	00:38:59.298		0.76990			4
2026.02.17	00:39:00.225	0.76904	0.76988			6
2026.02.17	00:39:03.361	0.76899	0.76987			6
2026.02.17	00:39:03.684		0.76989			4
2026.02.17	00:39:08.702	0.76903	0.76988			6
2026.02.17	00:39:32.496	0.76900				2
2026.02.17	00:39:38.465	0.76880				2
2026.02.17	00:39:38.767	0.76902				2
2026.02.17	00:39:42.225	0.76903				2
2026.02.17	00:40:00.129	0.76903				2
2026.02.17	00:40:08.853		0.76988			4
2026.02.17	00:40:39.186		0.76989			4
2026.02.17	00:40:41.348		0.76990			4
2026.02.17	00:40:41.975		0.76989			4
2026.02.17	00:40:42.287	0.76902	0.76988			6
2026.02.17	00:40:46.648		0.76989			4
2026.02.17	00:41:00.146	0.76902				2
2026.02.17	00:41:02.956		0.76988			4
2026.02.17	00:41:29.901		0.76989			4
2026.02.17	00:42:00.269	0.76902				2
2026.02.17	00:42:20.226		0.76988			4
2026.02.17	00:42:22.397		0.76987			4
2026.02.17	00:43:00.051	0.76902				2
2026.02.17	00:43:22.558		0.76987			4
2026.02.17	00:43:58.145		0.76988			4
2026.02.17	00:44:00.048	0.76902				2
2026.02.17	00:44:22.577		0.76989			4
2026.02.17	00:44:40.726		0.76990			4
2026.02.17	00:45:00.100	0.76902				2
2026.02.17	00:45:02.958	0.76864	0.77023			6
2026.02.17	00:45:06.370	0.76899	0.76990			6
2026.02.17	00:45:06.973	0.76906	0.76991			6
2026.02.17	00:45:07.301	0.76899	0.76990			6
2026.02.17	00:45:07.623	0.76906				2
2026.02.17	00:45:07.923	0.76909	0.76991			6
2026.02.17	00:45:08.252	0.76902	0.76990			6
2026.02.17	00:45:09.504	0.76905				2
2026.02.17	00:45:21.155	0.76899	0.76989			6
2026.02.17	00:45:21.715	0.76909	0.76992			6
2026.02.17	00:45:32.994		0.76993			4
2026.02.17	00:45:34.063		0.76994			4
2026.02.17	00:45:34.560		0.76995			4
2026.02.17	00:45:39.645		0.76996			4
2026.02.17	00:45:40.915	0.76911	0.76994			6
2026.02.17	00:45:51.187		0.76995			4
2026.02.17	00:46:00.474	0.76911				2
2026.02.17	00:46:26.398		0.76994			4
2026.02.17	00:46:32.021		0.76993			4
2026.02.17	00:46:36.188		0.76994			4
2026.02.17	00:46:46.670	0.76912	0.76995			6
2026.02.17	00:46:53.658		0.76994			4
2026.02.17	00:46:56.431		0.76993			4
2026.02.17	00:47:00.447	0.76912				2
2026.02.17	00:47:03.157	0.76860	0.77027			6
2026.02.17	00:47:06.620	0.76912	0.76994			6
2026.02.17	00:47:10.109	0.76907	0.76993			6
2026.02.17	00:47:11.117	0.76899	0.76990			6
2026.02.17	00:47:11.613	0.76909	0.76992			6
2026.02.17	00:47:12.117	0.76899	0.76991			6
2026.02.17	00:47:12.612	0.76909				2
2026.02.17	00:47:13.115	0.76902	0.76990			6
2026.02.17	00:47:13.565	0.76909	0.76991			6
2026.02.17	00:47:13.865	0.76896	0.76990			6
2026.02.17	00:47:21.654	0.76907	0.76991			6
2026.02.17	00:47:22.025	0.76900				2
2026.02.17	00:47:22.473	0.76899	0.76988			6
2026.02.17	00:47:22.803	0.76910	0.76990			6
2026.02.17	00:47:23.471	0.76902	0.76989			6
2026.02.17	00:47:24.473	0.76898				2
2026.02.17	00:47:25.982	0.76911	0.76992			6
2026.02.17	00:47:26.651		0.76990			4
2026.02.17	00:47:26.986	0.76905	0.76989			6
2026.02.17	00:47:27.482	0.76908	0.76991			6
2026.02.17	00:47:27.986	0.76905	0.76989			6
2026.02.17	00:47:28.730	0.76861	0.77026			6
2026.02.17	00:47:29.674	0.76905	0.76989			6
2026.02.17	00:47:58.057	0.76906	0.76987			6
2026.02.17	00:48:00.634	0.76906				2
2026.02.17	00:49:00.473	0.76906	0.76987			6
2026.02.17	00:49:31.155	0.76905	0.76988			6
2026.02.17	00:49:32.179	0.76902	0.76987			6
2026.02.17	00:49:41.921		0.76988			4
2026.02.17	00:49:44.733	0.76903				2
2026.02.17	00:50:00.475	0.76903				2
2026.02.17	00:50:39.979		0.76987			4
2026.02.17	00:50:56.015		0.76988			4
2026.02.17	00:50:57.247		0.76987			4
2026.02.17	00:51:03.974	0.76903				2
2026.02.17	00:51:24.375	0.76902				2
2026.02.17	00:51:58.722		0.76987			4
2026.02.17	00:52:00.983	0.76902				2
2026.02.17	00:52:57.312	0.76896				2
2026.02.17	00:52:58.723		0.76987			4
2026.02.17	00:53:01.358	0.76896				2
2026.02.17	00:54:00.474	0.76896	0.76987			6
2026.02.17	00:54:11.020		0.76986			4
2026.02.17	00:54:12.241		0.76987			4
2026.02.17	00:54:57.714	0.76887	0.76985			6
2026.02.17	00:55:00.476	0.76887				2
2026.02.17	00:55:03.235	0.76886				2
2026.02.17	00:55:44.495	0.76888				2
2026.02.17	00:55:55.387		0.76986			4
2026.02.17	00:56:00.314	0.76888				2
2026.02.17	00:56:02.789		0.76988			4
2026.02.17	00:56:10.721		0.76987			4
2026.02.17	00:56:14.668	0.76891				2
2026.02.17	00:56:23.654	0.76897	0.76975			6
2026.02.17	00:56:52.269	0.76901	0.76976			6
2026.02.17	00:56:55.268		0.76978			4
2026.02.17	00:57:00.474	0.76901				2
2026.02.17	00:57:06.673	0.76894	0.76975			6
2026.02.17	00:57:07.754	0.76897	0.76976			6
2026.02.17	00:57:08.253	0.76906	0.76979			6
2026.02.17	00:57:09.204		0.76978			4
2026.02.17	00:57:28.121		0.76979			4
2026.02.17	00:57:57.909		0.76983			4
2026.02.17	00:57:59.014		0.76979			4
2026.02.17	00:57:59.911	0.76898	0.76981			6
2026.02.17	00:58:00.518	0.76900	0.76979			6
2026.02.17	00:58:03.880		0.76981			4
2026.02.17	00:58:04.381		0.76979			4
2026.02.17	00:58:12.715		0.76978			4
2026.02.17	00:58:24.461	0.76904				2
2026.02.17	00:58:32.095		0.76979			4
2026.02.17	00:58:46.287	0.76895	0.76978			6
2026.02.17	00:58:51.822		0.76977			4
2026.02.17	00:59:01.386	0.76895				2
2026.02.17	00:59:17.805	0.76898				2
2026.02.17	00:59:22.157	0.76880	0.76975			6
2026.02.17	00:59:23.242	0.76884	0.76984			6
2026.02.17	00:59:26.401	0.76883				2
2026.02.17	00:59:32.764	0.76882	0.76986			6
2026.02.17	00:59:33.520	0.76881				2
2026.02.17	00:59:35.322	0.76880	0.76987			6
2026.02.17	00:59:39.523	0.76881				2
2026.02.17	00:59:39.845	0.76878				2
2026.02.17	00:59:45.013		0.76988			4
2026.02.17	00:59:49.721	0.76881				2
2026.02.17	00:59:50.039		0.76989			4
2026.02.17	01:00:00.308	0.76916	0.76982			6
2026.02.17	01:00:00.645		0.76985			4
2026.02.17	01:00:01.342	0.76918				2
2026.02.17	01:00:02.216		0.76987			4
2026.02.17	01:00:02.524	0.76929				2
2026.02.17	01:00:02.972	0.76922	0.76986			6
2026.02.17	01:00:03.678	0.76904	0.77000			6
2026.02.17	01:00:03.980	0.76911				2
2026.02.17	01:00:07.077	0.76930	0.76987			6
2026.02.17	01:00:07.397	0.76928				2
2026.02.17	01:00:08.478	0.76930				2
2026.02.17	01:00:08.861	0.76929				2
2026.02.17	01:00:16.784	0.76930				2
2026.02.17	01:00:23.609	0.76929				2
2026.02.17	01:00:24.526	0.76919	0.76983			6
2026.02.17	01:00:25.763	0.76923				2
2026.02.17	01:00:28.649	0.76926				2
2026.02.17	01:01:00.310	0.76926				2
2026.02.17	01:01:00.659		0.76982			4
2026.02.17	01:01:01.651		0.76983			4
2026.02.17	01:01:02.968		0.76955			4
2026.02.17	01:01:03.377	0.76925				2
2026.02.17	01:01:04.303	0.76926				2
2026.02.17	01:01:05.304	0.76928				2
2026.02.17	01:01:06.518		0.76969			4
2026.02.17	01:01:07.105	0.76927	0.76970			6
2026.02.17	01:01:07.586	0.76926	0.76975			6
2026.02.17	01:01:07.969		0.76974			4
2026.02.17	01:01:13.373		0.76973			4
2026.02.17	01:01:16.650	0.76924	0.76969			6
2026.02.17	01:01:32.487	0.76923				2
2026.02.17	01:01:35.858	0.76924				2
2026.02.17	01:01:36.163	0.76923				2
2026.02.17	01:01:39.075	0.76924				2
2026.02.17	01:01:39.380	0.76923				2
2026.02.17	01:01:39.692	0.76924				2
2026.02.17	01:01:40.019	0.76923				2
2026.02.17	01:01:43.355		0.76971			4
2026.02.17	01:01:45.879	0.76924				2
2026.02.17	01:01:46.552	0.76926	0.76973			6
2026.02.17	01:01:46.884	0.76923	0.76971			6
2026.02.17	01:01:47.919		0.76970			4
2026.02.17	01:01:48.222	0.76924	0.76969			6
2026.02.17	01:01:48.528	0.76923				2
2026.02.17	01:01:49.796		0.76970			4
2026.02.17	01:01:50.098		0.76969			4
2026.02.17	01:01:50.417	0.76924				2
2026.02.17	01:01:51.739		0.76970			4
2026.02.17	01:01:53.959		0.76965			4
2026.02.17	01:01:54.288	0.76926				2
2026.02.17	01:01:54.604	0.76924				2
2026.02.17	01:01:58.178	0.76926	0.76963			6
2026.02.17	01:01:59.158	0.76923				2
2026.02.17	01:02:00.344	0.76923				2
2026.02.17	01:02:00.653	0.76926				2
2026.02.17	01:02:00.957	0.76924	0.76964			6
2026.02.17	01:02:01.322		0.76963			4
2026.02.17	01:02:02.015		0.76964			4
2026.02.17	01:02:02.652	0.76925	0.76963			6
2026.02.17	01:02:03.949	0.76926				2
2026.02.17	01:02:04.266	0.76925				2
2026.02.17	01:02:05.612	0.76926				2
2026.02.17	01:02:05.913	0.76925				2
2026.02.17	01:02:09.864	0.76926				2
2026.02.17	01:02:10.195	0.76925	0.76962			6
2026.02.17	01:02:13.785	0.76927				2
2026.02.17	01:02:14.135	0.76925				2
2026.02.17	01:02:15.300	0.76926				2
2026.02.17	01:02:15.609	0.76925				2
2026.02.17	01:02:15.989	0.76926				2
2026.02.17	01:02:16.302	0.76924				2
2026.02.17	01:02:16.959	0.76926				2
2026.02.17	01:02:17.908	0.76927				2
2026.02.17	01:02:18.220	0.76925				2
2026.02.17	01:02:19.158	0.76927				2
2026.02.17	01:02:19.828	0.76924				2
2026.02.17	01:02:21.837	0.76925				2
2026.02.17	01:02:30.298	0.76926				2
2026.02.17	01:02:34.383	0.76925	0.76963			6
2026.02.17	01:02:39.155	0.76926	0.76961			6
2026.02.17	01:02:42.821	0.76928				2
2026.02.17	01:02:43.170	0.76926				2
2026.02.17	01:02:47.019	0.76925	0.76962			6
2026.02.17	01:02:48.373	0.76926	0.76961			6
2026.02.17	01:02:50.019		0.76962			4
2026.02.17	01:03:00.017	0.76926				2
2026.02.17	01:03:00.443	0.76927				2
2026.02.17	01:03:05.021	0.76928	0.76963			6
2026.02.17	01:03:06.021	0.76926	0.76962			6
2026.02.17	01:03:06.799	0.76925				2
2026.02.17	01:03:12.782	0.76927	0.76964			6
2026.02.17	01:03:18.909	0.76929	0.76966			6
2026.02.17	01:03:20.360		0.76965			4
2026.02.17	01:03:20.875		0.76966			4
2026.02.17	01:03:21.714		0.76965			4
2026.02.17	01:03:23.714		0.76966			4
2026.02.17	01:03:25.716	0.76930				2
2026.02.17	01:03:28.198	0.76929				2
2026.02.17	01:03:35.364		0.76965			4
2026.02.17	01:03:36.820		0.76966			4
2026.02.17	01:03:43.720		0.76965			4
2026.02.17	01:03:45.121		0.76966			4
2026.02.17	01:03:49.168		0.76965			4
2026.02.17	01:03:49.924		0.76966			4
2026.02.17	01:03:54.863	0.76930				2
2026.02.17	01:03:57.786	0.76929				2
2026.02.17	01:03:59.925		0.76965			4
2026.02.17	01:04:00.303	0.76929				2
2026.02.17	01:04:02.453	0.76927				2
2026.02.17	01:04:04.714	0.76928				2
2026.02.17	01:04:05.023	0.76927	0.76963			6
2026.02.17	01:04:05.338	0.76928	0.76965			6
2026.02.17	01:04:05.644	0.76911	0.76980			6
2026.02.17	01:04:07.828	0.76912	0.76979			6
2026.02.17	01:04:09.078	0.76930	0.76966			6
2026.02.17	01:04:14.303		0.76968			4
2026.02.17	01:04:14.713	0.76932				2
2026.02.17	01:04:15.373	0.76930				2
2026.02.17	01:04:16.713	0.76932				2
2026.02.17	01:04:17.363	0.76930	0.76967			6
2026.02.17	01:04:18.363	0.76932				2
2026.02.17	01:04:21.779	0.76933	0.76969			6
2026.02.17	01:04:24.756	0.76931				2
2026.02.17	01:04:26.026	0.76932				2
2026.02.17	01:04:27.382	0.76934	0.76970			6
2026.02.17	01:04:31.706	0.76931				2
2026.02.17	01:04:37.384	0.76935	0.76973			6
2026.02.17	01:04:38.025	0.76919	0.76982			6
2026.02.17	01:04:38.347	0.76916	0.76984			6
2026.02.17	01:04:39.290	0.76922	0.76980			6
2026.02.17	01:04:40.524	0.76914	0.76983			6
2026.02.17	01:04:41.166	0.76911	0.76984			6
2026.02.17	01:04:41.472	0.76933	0.76968			6
2026.02.17	01:04:42.026	0.76932	0.76967			6
2026.02.17	01:04:44.023	0.76934	0.76970			6
2026.02.17	01:04:46.012		0.76972			4
2026.02.17	01:04:49.024	0.76932	0.76971			6
2026.02.17	01:04:50.714	0.76931				2
2026.02.17	01:04:52.715		0.76969			4
2026.02.17	01:04:53.778	0.76936	0.76971			6
2026.02.17	01:04:54.434		0.76973			4
2026.02.17	01:04:55.024		0.76972			4
2026.02.17	01:04:55.494	0.76934				2
2026.02.17	01:05:00.318	0.76934	0.76974			6
2026.02.17	01:05:00.624		0.76972			4
2026.02.17	01:05:02.714	0.76932	0.76973			6
2026.02.17	01:05:03.510		0.76971			4
2026.02.17	01:05:08.521		0.76969			4
2026.02.17	01:05:18.042		0.76972			4
2026.02.17	01:05:22.984	0.76933				2
2026.02.17	01:06:01.944	0.76933				2
2026.02.17	01:06:02.696	0.76932	0.76971			6
2026.02.17	01:06:03.466	0.76933				2
2026.02.17	01:06:09.710	0.76934				2
2026.02.17	01:06:12.933	0.76936				2
2026.02.17	01:06:18.020		0.76972			4
2026.02.17	01:06:18.915	0.76933				2
2026.02.17	01:06:32.864	0.76935	0.76974			6
2026.02.17	01:06:33.966	0.76933	0.76973			6
2026.02.17	01:06:36.228		0.76974			4
2026.02.17	01:06:37.617	0.76932				2
2026.02.17	01:06:40.974	0.76937	0.76975			6
2026.02.17	01:06:45.084	0.76942	0.76981			6
2026.02.17	01:06:46.970	0.76954				2
2026.02.17	01:06:47.993	0.76955	0.76982			6
2026.02.17	01:06:49.462	0.76958	0.76981			6
2026.02.17	01:06:50.385	0.76953	0.76980			6
2026.02.17	01:06:51.292	0.76954				2
2026.02.17	01:06:53.006		0.76976			4
2026.02.17	01:06:57.037	0.76950	0.76973			6
2026.02.17	01:06:57.706	0.76949	0.76974			6
2026.02.17	01:06:58.684	0.76950	0.76973			6
2026.02.17	01:07:00.477	0.76950				2
2026.02.17	01:07:20.474	0.76951	0.76972			6
2026.02.17	01:07:57.245	0.76950	0.76973			6
2026.02.17	01:08:00.219	0.76950				2
2026.02.17	01:08:05.588	0.76951	0.76972			6
2026.02.17	01:08:10.060	0.76953				2
2026.02.17	01:08:19.093		0.76973			4
2026.02.17	01:08:22.553	0.76956	0.76974			6
2026.02.17	01:08:23.386	0.76953	0.76976			6
2026.02.17	01:08:28.582	0.76952	0.76974			6
2026.02.17	01:08:37.525	0.76953	0.76975			6
2026.02.17	01:08:41.633	0.76952				2
2026.02.17	01:08:44.064	0.76953				2
2026.02.17	01:08:46.064	0.76952				2
2026.02.17	01:08:49.064	0.76953				2
2026.02.17	01:08:50.677	0.76956				2
2026.02.17	01:08:52.634	0.76954				2
2026.02.17	01:08:58.240	0.76956				2
2026.02.17	01:08:59.063	0.76954				2
2026.02.17	01:09:01.248	0.76954				2
2026.02.17	01:09:02.350	0.76963	0.76979			6
2026.02.17	01:09:03.022	0.76964	0.76981			6
2026.02.17	01:09:13.455	0.76959	0.76976			6
2026.02.17	01:09:17.868		0.76977			4
2026.02.17	01:09:21.754	0.76960				2
2026.02.17	01:09:27.927		0.76978			4
2026.02.17	01:09:32.627	0.76962				2
2026.02.17	01:09:32.942	0.76961	0.76977			6
2026.02.17	01:09:34.253	0.76962	0.76978			6
2026.02.17	01:09:40.716	0.76957	0.76973			6
2026.02.17	01:09:41.603		0.76974			4
2026.02.17	01:09:45.082	0.76960	0.76975			6
2026.02.17	01:09:51.371	0.76957	0.76973			6
2026.02.17	01:10:00.767	0.76957				2
2026.02.17	01:10:04.943	0.76958	0.76974			6
2026.02.17	01:10:45.614	0.76960	0.76977			6
2026.02.17	01:11:00.567	0.76960				2
2026.02.17	01:11:17.491	0.76959	0.76976			6
2026.02.17	01:11:18.517	0.76960				2
2026.02.17	01:11:41.603	0.76961	0.76977			6
2026.02.17	01:11:55.714	0.76962	0.76978			6
2026.02.17	01:12:00.222	0.76962				2
2026.02.17	01:12:04.153	0.76963	0.76979			6
2026.02.17	01:12:16.121	0.76962	0.76978			6
2026.02.17	01:12:21.618	0.76959	0.76975			6
2026.02.17	01:12:30.447	0.76954	0.76971			6
2026.02.17	01:12:38.469	0.76955				2
2026.02.17	01:12:42.410	0.76954	0.76970			6
2026.02.17	01:13:02.022	0.76954				2
2026.02.17	01:13:16.992	0.76950	0.76966			6
2026.02.17	01:13:43.585	0.76953	0.76969			6
2026.02.17	01:14:00.177	0.76953				2
2026.02.17	01:14:10.477	0.76951	0.76967			6
2026.02.17	01:14:13.378	0.76953	0.76969			6
2026.02.17	01:14:23.404	0.76954				2
2026.02.17	01:14:26.052	0.76950	0.76965			6
2026.02.17	01:14:39.063	0.76949				2
2026.02.17	01:14:41.399	0.76948	0.76963			6
2026.02.17	01:15:00.306	0.76949				2
2026.02.17	01:15:01.811	0.76950	0.76964			6
2026.02.17	01:15:03.826	0.76951	0.76966			6
2026.02.17	01:15:10.042	0.76950	0.76964			6
2026.02.17	01:15:28.223	0.76948	0.76963			6
2026.02.17	01:15:41.461	0.76949				2
2026.02.17	01:15:47.950	0.76946	0.76960			6
2026.02.17	01:16:00.476	0.76947	0.76963			6
2026.02.17	01:16:10.663	0.76946	0.76960			6
2026.02.17	01:16:47.076		0.76961			4
2026.02.17	01:17:01.669	0.76947	0.76958			6
2026.02.17	01:17:02.069		0.76959			4
2026.02.17	01:17:03.070		0.76958			4
2026.02.17	01:17:03.608		0.76959			4
2026.02.17	01:17:10.576	0.76945	0.76956			6
2026.02.17	01:17:10.899	0.76946				2
2026.02.17	01:17:12.256	0.76945				2
2026.02.17	01:17:13.059	0.76948	0.76960			6
2026.02.17	01:17:13.764	0.76947				2
2026.02.17	01:17:18.907		0.76959			4
2026.02.17	01:17:19.614	0.76948				2
2026.02.17	01:17:20.620	0.76949				2
2026.02.17	01:17:22.420	0.76948				2
2026.02.17	01:17:37.438	0.76947				2
2026.02.17	01:17:43.230		0.76960			4
2026.02.17	01:17:49.081		0.76959			4
2026.02.17	01:17:57.934	0.76946	0.76957			6
2026.02.17	01:18:01.121	0.76946				2
2026.02.17	01:18:01.648	0.76948	0.76958			6
2026.02.17	01:18:05.713		0.76957			4
2026.02.17	01:18:06.379		0.76958			4
2026.02.17	01:18:23.072	0.76950	0.76961			6
2026.02.17	01:18:43.105	0.76951				2
2026.02.17	01:19:02.320	0.76951				2
2026.02.17	01:19:21.972	0.76953	0.76962			6
2026.02.17	01:19:29.315	0.76954	0.76964			6
2026.02.17	01:19:29.649		0.76963			4
2026.02.17	01:19:30.313		0.76964			4
2026.02.17	01:19:38.705	0.76956				2
2026.02.17	01:19:39.225	0.76955				2
2026.02.17	01:19:44.377	0.76956				2
2026.02.17	01:19:46.376	0.76955	0.76965			6
2026.02.17	01:19:52.992		0.76964			4
2026.02.17	01:19:54.071		0.76965			4
2026.02.17	01:19:55.059	0.76959	0.76967			6
2026.02.17	01:19:55.420	0.76957				2
2026.02.17	01:19:57.842		0.76968			4
2026.02.17	01:19:58.832	0.76958				2
2026.02.17	01:20:00.372	0.76958	0.76967			6
2026.02.17	01:20:01.233		0.76968			4
2026.02.17	01:20:02.776	0.76957				2
2026.02.17	01:20:09.552	0.76958				2
2026.02.17	01:20:11.251	0.76960				2
2026.02.17	01:20:11.771		0.76969			4
2026.02.17	01:20:14.232	0.76958				2
2026.02.17	01:20:29.061		0.76968			4
2026.02.17	01:20:35.223		0.76967			4
2026.02.17	01:20:37.120		0.76968			4
2026.02.17	01:20:50.478		0.76967			4
2026.02.17	01:20:51.520	0.76957				2
2026.02.17	01:20:51.937	0.76958	0.76968			6
2026.02.17	01:20:55.699	0.76960				2
2026.02.17	01:20:56.375		0.76969			4
2026.02.17	01:20:57.571	0.76959				2
2026.02.17	01:20:57.897		0.76968			4
2026.02.17	01:21:00.577	0.76959	0.76969			6
2026.02.17	01:21:01.512		0.76968			4
2026.02.17	01:21:04.973		0.76967			4
2026.02.17	01:21:05.389		0.76968			4
2026.02.17	01:21:11.395		0.76969			4
2026.02.17	01:21:14.391		0.76968			4
2026.02.17	01:21:19.283		0.76967			4
2026.02.17	01:21:20.475	0.76960				2
2026.02.17	01:21:26.335	0.76963	0.76971			6
2026.02.17	01:21:26.919	0.76966	0.76973			6
2026.02.17	01:21:27.221		0.76974			4
2026.02.17	01:21:32.629		0.76973			4
2026.02.17	01:21:35.319	0.76965				2
2026.02.17	01:21:37.631		0.76974			4
2026.02.17	01:21:44.862	0.76970	0.76981			6
2026.02.17	01:21:47.620	0.76971				2
2026.02.17	01:21:49.078	0.76970	0.76979			6
2026.02.17	01:21:49.384		0.76980			4
2026.02.17	01:21:50.223		0.76979			4
2026.02.17	01:21:59.555		0.76980			4
2026.02.17	01:22:00.401	0.76971	0.76979			6
2026.02.17	01:22:05.730		0.76978			4
2026.02.17	01:22:09.071		0.76979			4
2026.02.17	01:22:10.105		0.76978			4
2026.02.17	01:22:10.918		0.76979			4
2026.02.17	01:22:11.443	0.76972				2
2026.02.17	01:22:14.047		0.76978			4
2026.02.17	01:22:16.246	0.76971				2
2026.02.17	01:22:16.994	0.76972				2
2026.02.17	01:22:20.071		0.76977			4
2026.02.17	01:22:21.072		0.76978			4
2026.02.17	01:22:31.517	0.76973	0.76983			6
2026.02.17	01:22:32.542	0.76976				2
2026.02.17	01:22:33.542	0.76977				2
2026.02.17	01:22:38.019	0.76976				2
2026.02.17	01:22:42.541	0.76974				2
2026.02.17	01:22:44.592		0.76982			4
2026.02.17	01:22:45.285	0.76975				2
2026.02.17	01:22:46.552	0.76974				2
2026.02.17	01:22:50.655	0.76975	0.76983			6
2026.02.17	01:22:50.964		0.76984			4
2026.02.17	01:22:51.597	0.76974	0.76982			6
2026.02.17	01:23:00.877	0.76976				2
2026.02.17	01:23:05.177		0.76981			4
2026.02.17	01:23:11.921	0.76975				2
2026.02.17	01:23:15.284		0.76980			4
2026.02.17	01:23:16.720		0.76981			4
2026.02.17	01:23:21.411	0.76973	0.76979			6
2026.02.17	01:23:21.899		0.76978			4
2026.02.17	01:23:27.136		0.76979			4
2026.02.17	01:23:40.525		0.76980			4
2026.02.17	01:23:40.845		0.76979			4
2026.02.17	01:23:57.937		0.76978			4
2026.02.17	01:23:58.950		0.76979			4
2026.02.17	01:24:00.789	0.76973				2
2026.02.17	01:24:08.827	0.76968	0.76976			6
2026.02.17	01:24:10.419		0.76975			4
2026.02.17	01:24:11.920		0.76976			4
2026.02.17	01:24:21.254		0.76975			4
2026.02.17	01:24:21.941	0.76967				2
2026.02.17	01:24:31.183	0.76968				2
2026.02.17	01:24:31.612	0.76970				2
2026.02.17	01:24:37.974	0.76968	0.76972			6
2026.02.17	01:24:38.279	0.76966	0.76970			6
2026.02.17	01:24:38.896		0.76971			4
2026.02.17	01:24:40.024	0.76967				2
2026.02.17	01:24:40.509		0.76970			4
2026.02.17	01:24:40.868		0.76971			4
2026.02.17	01:24:43.119		0.76970			4
2026.02.17	01:24:51.794		0.76971			4
2026.02.17	01:24:52.450	0.76966				2
2026.02.17	01:24:54.668		0.76972			4
2026.02.17	01:24:55.193		0.76971			4
2026.02.17	01:24:56.273	0.76967				2
2026.02.17	01:24:56.653		0.76972			4
2026.02.17	01:25:00.065	0.76967	0.76971			6
2026.02.17	01:25:02.862	0.76964				2
2026.02.17	01:25:59.096	0.76961	0.76969			6
2026.02.17	01:26:00.220	0.76962	0.76968			6
2026.02.17	01:26:00.538	0.76961	0.76967			6
2026.02.17	01:26:05.320		0.76968			4
2026.02.17	01:26:05.641	0.76962	0.76970			6
2026.02.17	01:26:14.197	0.76966				2
2026.02.17	01:26:16.846	0.76967				2
2026.02.17	01:26:17.185	0.76959	0.76966			6
2026.02.17	01:26:17.925	0.76962				2
2026.02.17	01:26:20.020		0.76967			4
2026.02.17	01:26:21.782	0.76963				2
2026.02.17	01:26:22.420		0.76966			4
2026.02.17	01:26:29.857		0.76967			4
2026.02.17	01:26:34.583	0.76959				2
2026.02.17	01:26:35.021		0.76966			4
2026.02.17	01:26:35.902	0.76956	0.76965			6
2026.02.17	01:26:37.157	0.76961				2
2026.02.17	01:26:46.108		0.76966			4
2026.02.17	01:26:49.812	0.76959	0.76964			6
2026.02.17	01:26:52.376	0.76958				2
2026.02.17	01:26:54.391	0.76959				2
2026.02.17	01:27:01.123	0.76959				2
2026.02.17	01:27:04.878	0.76960				2
2026.02.17	01:27:08.290	0.76957				2
2026.02.17	01:27:09.136	0.76950	0.76959			6
2026.02.17	01:27:09.473	0.76951				2
2026.02.17	01:27:13.563	0.76950				2
2026.02.17	01:27:16.995	0.76951	0.76960			6
2026.02.17	01:27:36.928	0.76952				2
2026.02.17	01:27:38.320	0.76951				2
2026.02.17	01:27:44.463	0.76955				2
2026.02.17	01:27:45.372	0.76956				2
2026.02.17	01:27:51.712	0.76957	0.76965			6
2026.02.17	01:27:52.893	0.76959				2
2026.02.17	01:27:55.120	0.76960	0.76966			6
2026.02.17	01:27:55.755	0.76961				2
2026.02.17	01:27:56.172	0.76962				2
2026.02.17	01:27:56.621		0.76967			4
2026.02.17	01:28:00.317	0.76962				2
2026.02.17	01:28:15.305	0.76958				2
2026.02.17	01:28:20.475	0.76957				2
2026.02.17	01:28:51.108	0.76955	0.76964			6
2026.02.17	01:29:00.376	0.76955				2
2026.02.17	01:29:02.586	0.76958				2
2026.02.17	01:29:11.201	0.76956	0.76962			6
2026.02.17	01:29:13.493		0.76961			4
2026.02.17	01:29:14.922		0.76962			4
2026.02.17	01:29:16.419		0.76961			4
2026.02.17	01:29:18.220		0.76962			4
2026.02.17	01:29:21.520		0.76961			4
2026.02.17	01:29:33.793	0.76953				2
2026.02.17	01:29:34.374		0.76963			4
2026.02.17	01:29:44.904	0.76956				2
2026.02.17	01:29:46.358		0.76961			4
2026.02.17	01:29:47.921		0.76962			4
2026.02.17	01:29:50.723		0.76961			4
2026.02.17	01:30:00.314	0.76956				2
2026.02.17	01:30:03.209	0.76957	0.76958			6
2026.02.17	01:30:05.383	0.76956				2
2026.02.17	01:30:06.643		0.76961			4
2026.02.17	01:30:15.878	0.76953				2
2026.02.17	01:30:16.320	0.76956				2
2026.02.17	01:30:21.764	0.76955				2
2026.02.17	01:30:22.971	0.76956				2
2026.02.17	01:30:26.728	0.76955				2
2026.02.17	01:30:30.416	0.76954	0.76960			6
2026.02.17	01:30:31.160	0.76953	0.76959			6
2026.02.17	01:30:35.828		0.76958			4
2026.02.17	01:30:36.446	0.76951				2
2026.02.17	01:30:37.000	0.76950				2
2026.02.17	01:30:37.326	0.76953				2
2026.02.17	01:30:45.412		0.76959			4
2026.02.17	01:30:47.040		0.76958			4
2026.02.17	01:30:47.522	0.76951				2
2026.02.17	01:30:48.548	0.76953				2
2026.02.17	01:30:53.776		0.76959			4
2026.02.17	01:30:56.621		0.76958			4
2026.02.17	01:31:00.480	0.76953				2
2026.02.17	01:31:03.036	0.76952				2
2026.02.17	01:31:08.396	0.76953				2
2026.02.17	01:31:12.221		0.76959			4
2026.02.17	01:31:19.787	0.76951				2
2026.02.17	01:31:26.620		0.76958			4
2026.02.17	01:31:30.819		0.76959			4
2026.02.17	01:31:32.022		0.76958			4
2026.02.17	01:31:35.264		0.76959			4
2026.02.17	01:31:53.430	0.76952				2
2026.02.17	01:31:56.321		0.76958			4
2026.02.17	01:31:58.421		0.76959			4
2026.02.17	01:32:00.819	0.76952				2
2026.02.17	01:32:10.089	0.76951				2
2026.02.17	01:32:16.120		0.76960			4
2026.02.17	01:32:17.322		0.76959			4
2026.02.17	01:32:22.267	0.76950				2
2026.02.17	01:32:23.632	0.76953	0.76961			6
2026.02.17	01:32:25.485	0.76955				2
2026.02.17	01:32:25.925		0.76962			4
2026.02.17	01:32:26.994		0.76961			4
2026.02.17	01:32:33.566	0.76954	0.76962			6
2026.02.17	01:32:40.300	0.76958	0.76966			6
2026.02.17	01:32:40.620		0.76967			4
2026.02.17	01:32:41.865	0.76960				2
2026.02.17	01:32:47.712	0.76961	0.76968			6
2026.02.17	01:32:54.367	0.76960	0.76966			6
2026.02.17	01:32:55.521	0.76961				2
2026.02.17	01:32:55.935	0.76958				2
2026.02.17	01:33:02.845	0.76960				2
2026.02.17	01:33:04.611		0.76967			4
2026.02.17	01:33:24.954		0.76966			4
2026.02.17	01:33:28.722		0.76968			4
2026.02.17	01:33:31.939		0.76967			4
2026.02.17	01:33:32.386	0.76962				2
2026.02.17	01:33:52.550	0.76961				2
2026.02.17	01:34:04.474	0.76962	0.76968			6
2026.02.17	01:34:11.601		0.76967			4
2026.02.17	01:34:17.691	0.76959				2
2026.02.17	01:34:18.474	0.76960				2
2026.02.17	01:34:19.244	0.76961				2
2026.02.17	01:34:30.477	0.76962				2
2026.02.17	01:34:56.504	0.76960	0.76966			6
2026.02.17	01:34:57.635	0.76961				2
2026.02.17	01:35:00.307	0.76961				2
2026.02.17	01:35:10.194	0.76959				2
2026.02.17	01:35:10.521		0.76965			4
2026.02.17	01:35:15.521		0.76966			4
2026.02.17	01:35:16.721		0.76965			4
2026.02.17	01:35:18.338	0.76957	0.76966			6
2026.02.17	01:35:18.761		0.76967			4
2026.02.17	01:35:27.333	0.76958	0.76968			6
2026.02.17	01:35:28.436		0.76967			4
2026.02.17	01:35:31.729	0.76959				2
2026.02.17	01:35:36.220		0.76968			4
2026.02.17	01:35:40.078		0.76967			4
2026.02.17	01:35:44.770	0.76961				2
2026.02.17	01:35:56.520		0.76969			4
2026.02.17	01:35:58.121		0.76968			4
2026.02.17	01:35:59.532	0.76962				2
2026.02.17	01:36:00.429	0.76961	0.76969			6
2026.02.17	01:36:04.603	0.76962	0.76971			6
2026.02.17	01:36:05.463	0.76963				2
2026.02.17	01:36:06.462	0.76964				2
2026.02.17	01:36:06.821		0.76972			4
2026.02.17	01:36:11.664		0.76973			4
2026.02.17	01:36:13.120		0.76972			4
2026.02.17	01:36:15.972	0.76962				2
2026.02.17	01:36:16.300	0.76963				2
2026.02.17	01:36:19.084		0.76971			4
2026.02.17	01:36:21.220		0.76972			4
2026.02.17	01:36:22.903	0.76964	0.76973			6
2026.02.17	01:36:27.926		0.76972			4
2026.02.17	01:36:35.036		0.76974			4
2026.02.17	01:36:38.597		0.76972			4
2026.02.17	01:36:39.789		0.76974			4
2026.02.17	01:36:45.694		0.76972			4
2026.02.17	01:36:49.921		0.76974			4
2026.02.17	01:36:52.869	0.76965				2
2026.02.17	01:37:00.703	0.76965				2
2026.02.17	01:37:02.936		0.76973			4
2026.02.17	01:37:10.864	0.76964	0.76971			6
2026.02.17	01:37:12.125		0.76972			4
2026.02.17	01:37:13.420		0.76971			4
2026.02.17	01:37:15.820		0.76972			4
2026.02.17	01:37:16.359	0.76965				2
2026.02.17	01:37:20.107	0.76967	0.76975			6
2026.02.17	01:37:20.419		0.76974			4
2026.02.17	01:38:01.357	0.76967				2
2026.02.17	01:38:09.287	0.76962	0.76968			6
2026.02.17	01:38:09.622	0.76961				2
2026.02.17	01:38:12.264		0.76970			4
2026.02.17	01:38:14.118	0.76960	0.76967			6
2026.02.17	01:38:22.927		0.76966			4
2026.02.17	01:38:23.485		0.76967			4
2026.02.17	01:38:30.888		0.76966			4
2026.02.17	01:38:32.919		0.76967			4
2026.02.17	01:38:33.966	0.76959	0.76966			6
2026.02.17	01:38:56.866		0.76967			4
2026.02.17	01:39:00.569	0.76959				2
2026.02.17	01:39:02.099		0.76966			4
2026.02.17	01:39:03.174		0.76967			4
2026.02.17	01:39:04.871		0.76966			4
2026.02.17	01:40:00.204	0.76959				2
2026.02.17	01:40:05.045	0.76961	0.76968			6
2026.02.17	01:40:09.873		0.76969			4
2026.02.17	01:40:10.817	0.76962				2
2026.02.17	01:40:15.063	0.76965	0.76973			6
2026.02.17	01:40:15.845	0.76966				2
2026.02.17	01:40:17.367	0.76967				2
2026.02.17	01:40:25.088	0.76966				2
2026.02.17	01:40:26.094	0.76967				2
2026.02.17	01:40:26.938	0.76966				2
2026.02.17	01:40:48.820		0.76972			4
2026.02.17	01:41:00.521	0.76966				2
2026.02.17	01:41:02.372		0.76973			4
2026.02.17	01:41:03.463		0.76972			4
2026.02.17	01:41:04.367		0.76973			4
2026.02.17	01:41:13.872		0.76972			4
2026.02.17	01:41:15.555		0.76973			4
2026.02.17	01:41:16.675		0.76974			4
2026.02.17	01:41:20.320		0.76973			4
2026.02.17	01:41:23.320		0.76974			4
2026.02.17	01:41:25.173	0.76968				2
2026.02.17	01:41:25.879	0.76967				2
2026.02.17	01:41:27.220		0.76973			4
2026.02.17	01:41:27.604	0.76966	0.76972			6
2026.02.17	01:41:29.322		0.76971			4
2026.02.17	01:41:55.888	0.76965				2
2026.02.17	01:42:03.730	0.76965				2
2026.02.17	01:42:21.260	0.76968	0.76975			6
2026.02.17	01:42:27.664	0.76969				2
2026.02.17	01:42:33.133	0.76967	0.76972			6
2026.02.17	01:42:33.853	0.76968				2
2026.02.17	01:42:36.221		0.76973			4
2026.02.17	01:42:54.041		0.76975			4
2026.02.17	01:42:58.418	0.76967				2
2026.02.17	01:42:59.920		0.76974			4
2026.02.17	01:43:00.477	0.76967				2
2026.02.17	01:43:05.920		0.76973			4
2026.02.17	01:43:09.219		0.76974			4
2026.02.17	01:43:12.221		0.76973			4
2026.02.17	01:43:13.857	0.76965	0.76970			6
2026.02.17	01:43:23.333		0.76969			4
2026.02.17	01:43:25.925		0.76970			4
2026.02.17	01:43:49.354		0.76971			4
2026.02.17	01:44:00.220	0.76965				2
2026.02.17	01:44:02.246		0.76970			4
2026.02.17	01:44:04.885		0.76971			4
2026.02.17	01:44:13.136		0.76970			4
2026.02.17	01:44:15.646	0.76967	0.76973			6
2026.02.17	01:44:17.637		0.76972			4
2026.02.17	01:44:19.896	0.76966				2
2026.02.17	01:44:32.315		0.76971			4
2026.02.17	01:44:33.111		0.76973			4
2026.02.17	01:44:42.999		0.76971			4
2026.02.17	01:44:44.871		0.76972			4
2026.02.17	01:44:45.917	0.76964	0.76970			6
2026.02.17	01:44:47.140	0.76965				2
2026.02.17	01:44:53.993	0.76964				2
2026.02.17	01:44:59.982	0.76963				2
2026.02.17	01:45:01.363	0.76963				2
2026.02.17	01:45:37.203	0.76965				2
2026.02.17	01:45:42.206		0.76971			4
2026.02.17	01:45:44.322		0.76970			4
2026.02.17	01:45:46.035		0.76971			4
2026.02.17	01:45:53.363	0.76967	0.76974			6
2026.02.17	01:45:55.351	0.76968				2
2026.02.17	01:45:56.322		0.76975			4
2026.02.17	01:46:01.003	0.76968				2
2026.02.17	01:46:01.587		0.76974			4
2026.02.17	01:46:07.439		0.76975			4
2026.02.17	01:46:07.779		0.76974			4
2026.02.17	01:46:10.064	0.76971	0.76978			6
2026.02.17	01:46:10.672		0.76977			4
2026.02.17	01:46:11.890		0.76976			4
2026.02.17	01:46:14.254		0.76977			4
2026.02.17	01:46:16.857		0.76976			4
2026.02.17	01:46:19.090		0.76977			4
2026.02.17	01:46:21.377		0.76976			4
2026.02.17	01:46:21.773		0.76977			4
2026.02.17	01:46:27.070		0.76978			4
2026.02.17	01:46:29.355	0.76973	0.76980			6
2026.02.17	01:46:31.648		0.76979			4
2026.02.17	01:46:58.487	0.76971	0.76976			6
2026.02.17	01:47:00.317	0.76971				2
2026.02.17	01:47:01.048		0.76977			4
2026.02.17	01:47:03.925	0.76970				2
2026.02.17	01:47:28.125		0.76975			4
2026.02.17	01:47:31.478	0.76969	0.76974			6
2026.02.17	01:47:38.723	0.76968	0.76973			6
2026.02.17	01:47:40.854		0.76974			4
2026.02.17	01:48:00.875	0.76968				2
2026.02.17	01:48:18.223	0.76969				2
2026.02.17	01:48:18.642		0.76976			4
2026.02.17	01:48:39.820		0.76975			4
2026.02.17	01:48:50.542	0.76971	0.76978			6
2026.02.17	01:48:59.530		0.76975			4
2026.02.17	01:49:00.567	0.76971				2
2026.02.17	01:49:09.163		0.76976			4
2026.02.17	01:49:36.759		0.76977			4
2026.02.17	01:49:57.394	0.76969	0.76976			6
2026.02.17	01:49:59.256	0.76968	0.76974			6
2026.02.17	01:50:00.186	0.76968				2
2026.02.17	01:50:04.719		0.76975			4
2026.02.17	01:50:05.684	0.76971	0.76978			6
2026.02.17	01:50:06.710	0.76973	0.76980			6
2026.02.17	01:50:07.524	0.76974				2
2026.02.17	01:50:12.648		0.76981			4
2026.02.17	01:50:15.835		0.76979			4
2026.02.17	01:50:27.120	0.76972	0.76977			6
2026.02.17	01:50:29.028		0.76976			4
2026.02.17	01:50:30.533		0.76977			4
2026.02.17	01:50:34.578		0.76976			4
2026.02.17	01:50:42.307		0.76977			4
2026.02.17	01:51:00.516	0.76973	0.76978			6
2026.02.17	01:51:03.819		0.76979			4
2026.02.17	01:51:06.220		0.76980			4
2026.02.17	01:51:12.820		0.76979			4
2026.02.17	01:51:13.372	0.76974				2
2026.02.17	01:51:28.095		0.76980			4
2026.02.17	01:51:30.138	0.76976	0.76982			6
2026.02.17	01:51:30.666		0.76981			4
2026.02.17	01:51:31.060		0.76982			4
2026.02.17	01:51:32.863	0.76977	0.76983			6
2026.02.17	01:51:33.180	0.76981	0.76989			6
2026.02.17	01:51:33.749	0.76983	0.76991			6
2026.02.17	01:51:34.350		0.76990			4
2026.02.17	01:51:34.757		0.76991			4
2026.02.17	01:51:35.073	0.76985	0.76992			6
2026.02.17	01:51:36.254	0.76988	0.76995			6
2026.02.17	01:51:37.611		0.76996			4
2026.02.17	01:51:38.465	0.76985	0.76990			6
2026.02.17	01:51:41.824		0.76991			4
2026.02.17	01:51:43.522		0.76992			4
2026.02.17	01:51:57.950		0.76991			4
2026.02.17	01:52:03.466	0.76985				2
2026.02.17	01:52:05.327		0.76992			4
2026.02.17	01:52:12.194		0.76991			4
2026.02.17	01:52:12.650	0.76982	0.76989			6
2026.02.17	01:52:13.201		0.76988			4
2026.02.17	01:52:17.222		0.76987			4
2026.02.17	01:52:18.939		0.76988			4
2026.02.17	01:52:20.642		0.76987			4
2026.02.17	01:52:24.219		0.76988			4
2026.02.17	01:52:26.223		0.76987			4
2026.02.17	01:52:29.318		0.76988			4
2026.02.17	01:52:33.222		0.76989			4
2026.02.17	01:52:35.582		0.76988			4
2026.02.17	01:53:02.020	0.76982				2
2026.02.17	01:53:06.547		0.76989			4
2026.02.17	01:53:10.720		0.76988			4
2026.02.17	01:53:12.160	0.76981	0.76987			6
2026.02.17	01:53:15.164	0.76982	0.76988			6
2026.02.17	01:53:15.863	0.76981	0.76987			6
2026.02.17	01:53:16.984		0.76988			4
2026.02.17	01:53:19.419		0.76987			4
2026.02.17	01:53:30.175		0.76988			4
2026.02.17	01:53:36.392	0.76982	0.76989			6
2026.02.17	01:53:37.417		0.76988			4
2026.02.17	01:53:42.336		0.76989			4
2026.02.17	01:53:42.673		0.76988			4
2026.02.17	01:53:43.537	0.76983				2
2026.02.17	01:53:56.489		0.76989			4
2026.02.17	01:54:01.169	0.76981	0.76988			6
2026.02.17	01:54:01.719		0.76987			4
2026.02.17	01:54:04.382		0.76986			4
2026.02.17	01:54:06.521		0.76987			4
2026.02.17	01:54:08.212	0.76982	0.76989			6
2026.02.17	01:54:17.878	0.76981	0.76988			6
2026.02.17	01:54:20.769		0.76987			4
2026.02.17	01:54:34.990		0.76988			4
2026.02.17	01:54:42.158		0.76987			4
2026.02.17	01:54:54.980		0.76989			4
2026.02.17	01:55:05.008	0.76981				2
2026.02.17	01:55:06.876		0.76988			4
2026.02.17	01:55:21.302		0.76987			4
2026.02.17	01:55:30.556		0.76988			4
2026.02.17	01:55:31.585		0.76987			4
2026.02.17	01:56:02.190	0.76981	0.76988			6
2026.02.17	01:56:03.733		0.76987			4
2026.02.17	01:56:04.258	0.76979	0.76986			6
2026.02.17	01:56:06.886		0.76985			4
2026.02.17	01:56:13.578		0.76986			4
2026.02.17	01:56:19.552	0.76980	0.76987			6
2026.02.17	01:56:20.675	0.76982				2
2026.02.17	01:56:32.001		0.76988			4
2026.02.17	01:56:55.859		0.76989			4
2026.02.17	01:56:59.495		0.76988			4
2026.02.17	01:56:59.799	0.76981	0.76987			6
2026.02.17	01:57:00.150	0.76981				2
2026.02.17	01:57:06.748		0.76988			4
2026.02.17	01:57:10.272		0.76987			4
2026.02.17	01:57:21.164		0.76986			4
2026.02.17	01:57:32.436		0.76987			4
2026.02.17	01:57:32.741		0.76988			4
2026.02.17	01:57:48.877		0.76987			4
2026.02.17	01:58:01.013	0.76981				2
2026.02.17	01:58:01.358	0.76980				2
2026.02.17	01:58:24.734	0.76981	0.76988			6
2026.02.17	01:58:27.994		0.76987			4
2026.02.17	01:58:31.656		0.76986			4
2026.02.17	01:58:45.448	0.76979				2
2026.02.17	01:58:46.221	0.76973	0.76978			6
2026.02.17	01:58:46.541	0.76971	0.76977			6
2026.02.17	01:58:46.875	0.76970	0.76975			6
2026.02.17	01:58:49.414	0.76966	0.76971			6
2026.02.17	01:58:51.962		0.76972			4
2026.02.17	01:58:57.849	0.76967	0.76974			6
2026.02.17	01:58:59.919		0.76973			4
2026.02.17	01:59:00.924	0.76968				2
2026.02.17	01:59:01.236		0.76975			4
2026.02.17	01:59:02.066	0.76967				2
2026.02.17	01:59:03.365		0.76974			4
2026.02.17	01:59:06.266	0.76968				2
2026.02.17	01:59:06.638	0.76970	0.76975			6
2026.02.17	01:59:10.468	0.76971	0.76976			6
2026.02.17	01:59:11.696		0.76977			4
2026.02.17	01:59:12.351		0.76976			4
2026.02.17	01:59:14.289		0.76977			4
2026.02.17	01:59:16.298		0.76976			4
2026.02.17	01:59:17.408	0.76969	0.76974			6
2026.02.17	01:59:20.804		0.76975			4
2026.02.17	01:59:23.012		0.76976			4
2026.02.17	01:59:23.891		0.76977			4
2026.02.17	01:59:25.120		0.76976			4
2026.02.17	01:59:28.062	0.76970	0.76975			6
2026.02.17	02:00:00.308	0.76970	0.76974			6
2026.02.17	02:00:00.649	0.76968				2
2026.02.17	02:00:00.962	0.76966	0.76972			6
2026.02.17	02:00:01.337		0.76971			4
2026.02.17	02:00:02.148	0.76965				2
2026.02.17	02:00:02.647	0.76968	0.76974			6
2026.02.17	02:00:02.965	0.76969				2
2026.02.17	02:00:04.459		0.76975			4
2026.02.17	02:00:05.794	0.76971	0.76977			6
2026.02.17	02:00:08.583		0.76975			4
2026.02.17	02:00:09.057	0.76970				2
2026.02.17	02:00:09.367	0.76969	0.76974			6
2026.02.17	02:00:11.404		0.76973			4
2026.02.17	02:00:18.781		0.76976			4
2026.02.17	02:00:19.302	0.76970				2
2026.02.17	02:00:20.234	0.76969				2
2026.02.17	02:00:20.537		0.76974			4
2026.02.17	02:00:23.020	0.76968				2
2026.02.17	02:00:37.671		0.76975			4
2026.02.17	02:00:38.244		0.76974			4
2026.02.17	02:00:58.411	0.76964	0.76970			6
2026.02.17	02:01:00.674	0.76964				2
2026.02.17	02:01:04.644	0.76961	0.76967			6
2026.02.17	02:01:04.964	0.76959	0.76965			6
2026.02.17	02:01:07.725	0.76960	0.76966			6
2026.02.17	02:01:08.470	0.76961	0.76967			6
2026.02.17	02:01:17.907		0.76968			4
2026.02.17	02:01:20.625	0.76962				2
2026.02.17	02:01:22.102		0.76967			4
2026.02.17	02:01:25.132	0.76965	0.76971			6
2026.02.17	02:01:25.467		0.76970			4
2026.02.17	02:01:28.696		0.76968			4
2026.02.17	02:01:29.622		0.76970			4
2026.02.17	02:01:30.630	0.76964				2
2026.02.17	02:01:32.651	0.76963				2
2026.02.17	02:01:33.257	0.76961	0.76968			6
2026.02.17	02:01:39.988	0.76960	0.76967			6
2026.02.17	02:01:40.683	0.76959				2
2026.02.17	02:01:41.021	0.76958				2
2026.02.17	02:01:41.324	0.76957	0.76965			6
2026.02.17	02:01:42.142	0.76956	0.76964			6
2026.02.17	02:01:42.462	0.76957				2
2026.02.17	02:01:48.991	0.76954	0.76961			6
2026.02.17	02:01:51.118	0.76953				2
2026.02.17	02:01:51.506		0.76960			4
2026.02.17	02:01:51.889	0.76950	0.76957			6
2026.02.17	02:01:52.634	0.76949	0.76956			6
2026.02.17	02:01:56.018	0.76948				2
2026.02.17	02:02:00.578	0.76948	0.76955			6
2026.02.17	02:02:03.778	0.76947				2
2026.02.17	02:02:04.244	0.76948	0.76954			6
2026.02.17	02:02:04.562	0.76947				2
2026.02.17	02:02:05.203	0.76943	0.76950			6
2026.02.17	02:02:05.505	0.76945	0.76951			6
2026.02.17	02:02:05.823		0.76950			4
2026.02.17	02:02:06.140	0.76944	0.76951			6
2026.02.17	02:02:06.503	0.76945				2
2026.02.17	02:02:10.463	0.76946				2
2026.02.17	02:02:12.525	0.76947	0.76953			6
2026.02.17	02:02:13.444		0.76952			4
2026.02.17	02:02:14.182	0.76944	0.76949			6
2026.02.17	02:02:14.509	0.76942	0.76947			6
2026.02.17	02:02:16.666	0.76944				2
2026.02.17	02:02:18.436		0.76948			4
2026.02.17	02:02:18.754		0.76949			4
2026.02.17	02:02:19.078		0.76948			4
2026.02.17	02:02:20.308	0.76942				2
2026.02.17	02:02:21.287	0.76941				2
2026.02.17	02:02:24.100	0.76942				2
2026.02.17	02:02:28.884	0.76943				2
2026.02.17	02:02:29.836	0.76944				2
2026.02.17	02:02:30.464	0.76948	0.76954			6
2026.02.17	02:02:31.592	0.76950				2
2026.02.17	02:02:33.418		0.76955			4
2026.02.17	02:02:38.208	0.76949	0.76954			6
2026.02.17	02:02:43.096		0.76955			4
2026.02.17	02:02:43.403	0.76952	0.76958			6
2026.02.17	02:02:44.408	0.76954				2
2026.02.17	02:02:45.435	0.76955				2
2026.02.17	02:02:47.235	0.76954				2
2026.02.17	02:02:47.956	0.76951				2
2026.02.17	02:02:49.706	0.76950	0.76957			6
2026.02.17	02:02:50.395	0.76947	0.76954			6
2026.02.17	02:02:50.812	0.76945	0.76952			6
2026.02.17	02:02:51.393		0.76951			4
2026.02.17	02:02:53.133	0.76942	0.76948			6
2026.02.17	02:02:54.581	0.76945	0.76951			6
2026.02.17	02:02:55.462		0.76952			4
2026.02.17	02:02:56.827		0.76951			4
2026.02.17	02:02:59.250	0.76947	0.76953			6
2026.02.17	02:02:59.563	0.76948	0.76954			6
2026.02.17	02:03:00.107	0.76948				2
2026.02.17	02:03:00.420	0.76946	0.76952			6
2026.02.17	02:03:01.052	0.76945				2
2026.02.17	02:03:01.760		0.76951			4
2026.02.17	02:03:08.924	0.76944				2
2026.02.17	02:03:10.753	0.76943				2
2026.02.17	02:03:11.186	0.76944				2
2026.02.17	02:03:15.370	0.76943				2
2026.02.17	02:03:16.234	0.76945				2
2026.02.17	02:03:16.909	0.76943				2
2026.02.17	02:03:17.437	0.76944				2
2026.02.17	02:03:18.984		0.76950			4
2026.02.17	02:03:21.313	0.76945	0.76951			6
2026.02.17	02:03:27.399	0.76947	0.76954			6
2026.02.17	02:03:28.499	0.76948				2
2026.02.17	02:03:35.807		0.76955			4
2026.02.17	02:03:40.372	0.76949				2
2026.02.17	02:03:40.680	0.76951	0.76957			6
2026.02.17	02:03:46.120	0.76950				2
2026.02.17	02:03:47.118	0.76952				2
2026.02.17	02:03:52.999	0.76953				2
2026.02.17	02:03:57.526	0.76952				2
2026.02.17	02:04:01.360	0.76952				2
2026.02.17	02:04:03.401	0.76953	0.76959			6
2026.02.17	02:04:04.445	0.76954				2
2026.02.17	02:04:10.321	0.76956	0.76962			6
2026.02.17	02:04:10.643	0.76957				2
2026.02.17	02:04:11.065	0.76958				2
2026.02.17	02:04:11.471		0.76963			4
2026.02.17	02:04:11.828	0.76959				2
2026.02.17	02:04:17.482	0.76954	0.76961			6
2026.02.17	02:04:17.890		0.76960			4
2026.02.17	02:04:19.576		0.76961			4
2026.02.17	02:04:25.158		0.76960			4
2026.02.17	02:04:25.486	0.76951	0.76959			6
2026.02.17	02:04:26.384	0.76952				2
2026.02.17	02:04:28.009	0.76955	0.76961			6
2026.02.17	02:04:28.322	0.76954				2
2026.02.17	02:04:30.210	0.76957				2
2026.02.17	02:04:31.626	0.76955				2
2026.02.17	02:04:31.983	0.76956				2
2026.02.17	02:04:32.684	0.76955	0.76960			6
2026.02.17	02:04:33.005	0.76956	0.76962			6
2026.02.17	02:04:33.322	0.76955	0.76961			6
2026.02.17	02:04:43.728	0.76954	0.76959			6
2026.02.17	02:04:49.047		0.76960			4
2026.02.17	02:04:50.245		0.76959			4
2026.02.17	02:04:51.104		0.76961			4
2026.02.17	02:04:51.442	0.76955				2
2026.02.17	02:04:52.440	0.76956				2
2026.02.17	02:04:53.275	0.76955				2
2026.02.17	02:04:53.580		0.76960			4
2026.02.17	02:04:54.849	0.76952	0.76958			6
2026.02.17	02:04:56.853	0.76953	0.76959			6
2026.02.17	02:04:58.433	0.76954				2
2026.02.17	02:05:00.393	0.76954	0.76958			6
2026.02.17	02:05:00.770	0.76951				2
2026.02.17	02:05:01.852	0.76952	0.76960			6
2026.02.17	02:05:02.851		0.76959			4
2026.02.17	02:05:03.780	0.76953	0.76961			6
2026.02.17	02:05:04.610		0.76959			4
2026.02.17	02:05:04.943		0.76960			4
2026.02.17	02:05:05.262		0.76961			4
2026.02.17	02:05:05.642		0.76960			4
2026.02.17	02:05:05.978	0.76956	0.76961			6
2026.02.17	02:05:07.783		0.76960			4
2026.02.17	02:05:08.753	0.76955				2
2026.02.17	02:05:15.091		0.76961			4
2026.02.17	02:05:15.771	0.76956				2
2026.02.17	02:05:16.405		0.76960			4
2026.02.17	02:05:16.870		0.76961			4
2026.02.17	02:05:17.332	0.76955				2
2026.02.17	02:05:17.707	0.76956				2
2026.02.17	02:05:22.945	0.76960	0.76967			6
2026.02.17	02:05:23.311	0.76961				2
2026.02.17	02:05:23.692	0.76963	0.76968			6
2026.02.17	02:05:24.442	0.76961	0.76966			6
2026.02.17	02:05:25.246		0.76967			4
2026.02.17	02:05:25.956	0.76963				2
2026.02.17	02:05:27.083		0.76968			4
2026.02.17	02:05:29.019		0.76967			4
2026.02.17	02:05:30.135	0.76964				2
2026.02.17	02:05:30.485		0.76968			4
2026.02.17	02:05:32.359	0.76963	0.76966			6
2026.02.17	02:05:33.457		0.76967			4
2026.02.17	02:05:33.933	0.76962	0.76966			6
2026.02.17	02:05:34.615	0.76963	0.76967			6
2026.02.17	02:05:35.937	0.76962	0.76966			6
2026.02.17	02:05:36.683	0.76960				2
2026.02.17	02:05:37.803	0.76959				2
2026.02.17	02:05:38.793	0.76960	0.76967			6
2026.02.17	02:05:40.763	0.76961				2
2026.02.17	02:05:42.167	0.76960				2
2026.02.17	02:05:42.560	0.76961				2
2026.02.17	02:05:45.522	0.76960				2
2026.02.17	02:05:45.854	0.76959	0.76966			6
2026.02.17	02:05:46.160	0.76960	0.76967			6
2026.02.17	02:05:47.919		0.76966			4
2026.02.17	02:05:49.013		0.76967			4
2026.02.17	02:05:49.705	0.76961	0.76968			6
2026.02.17	02:05:55.188	0.76962	0.76969			6
2026.02.17	02:05:57.379	0.76960	0.76967			6
2026.02.17	02:06:00.221	0.76960				2
2026.02.17	02:06:01.362	0.76963				2
2026.02.17	02:06:03.670	0.76962				2
2026.02.17	02:06:05.671		0.76964			4
2026.02.17	02:06:06.171		0.76967			4
2026.02.17	02:06:08.791		0.76966			4
2026.02.17	02:06:09.332		0.76967			4
2026.02.17	02:06:12.440	0.76963				2
2026.02.17	02:06:14.592	0.76960	0.76964			6
2026.02.17	02:06:15.451	0.76959	0.76963			6
2026.02.17	02:06:16.286	0.76956	0.76961			6
2026.02.17	02:06:17.910	0.76955				2
2026.02.17	02:06:18.350	0.76956				2
2026.02.17	02:06:22.844	0.76955	0.76959			6
2026.02.17	02:06:23.165	0.76954	0.76958			6
2026.02.17	02:06:25.397	0.76951	0.76956			6
2026.02.17	02:06:26.687	0.76952				2
2026.02.17	02:06:28.549	0.76950	0.76955			6
2026.02.17	02:06:30.315		0.76954			4
2026.02.17	02:06:30.627	0.76951				2
2026.02.17	02:06:31.946	0.76948	0.76955			6
2026.02.17	02:06:33.588	0.76951	0.76958			6
2026.02.17	02:06:34.296	0.76950	0.76957			6
2026.02.17	02:06:34.648	0.76951	0.76958			6
2026.02.17	02:06:36.386		0.76957			4
2026.02.17	02:06:36.691	0.76950				2
2026.02.17	02:06:38.975	0.76949				2
2026.02.17	02:06:39.506	0.76948	0.76954			6
2026.02.17	02:06:43.361	0.76947				2
2026.02.17	02:06:44.263	0.76949	0.76955			6
2026.02.17	02:06:45.475	0.76950	0.76957			6
2026.02.17	02:06:46.236	0.76952	0.76958			6
2026.02.17	02:06:46.565	0.76951	0.76957			6
2026.02.17	02:06:46.932	0.76952	0.76958			6
2026.02.17	02:06:47.391	0.76951	0.76957			6
2026.02.17	02:06:47.932		0.76955			4
2026.02.17	02:06:48.417		0.76956			4
2026.02.17	02:06:48.733	0.76953	0.76959			6
2026.02.17	02:06:49.434	0.76952	0.76958			6
2026.02.17	02:06:49.935	0.76954	0.76959			6
2026.02.17	02:06:50.248	0.76951				2
2026.02.17	02:06:50.669	0.76952				2
2026.02.17	02:06:51.391		0.76960			4
2026.02.17	02:06:52.022	0.76953	0.76959			6
2026.02.17	02:06:53.543	0.76951				2
2026.02.17	02:06:57.447	0.76952				2
2026.02.17	02:07:00.208	0.76955				2
2026.02.17	02:07:01.776		0.76961			4
2026.02.17	02:07:02.080		0.76960			4
2026.02.17	02:07:05.960		0.76961			4
2026.02.17	02:07:09.633		0.76960			4
2026.02.17	02:07:10.507		0.76961			4
2026.02.17	02:07:10.878		0.76960			4
2026.02.17	02:07:11.723	0.76951	0.76956			6
2026.02.17	02:07:14.415	0.76952	0.76957			6
2026.02.17	02:07:14.740	0.76953	0.76956			6
2026.02.17	02:07:15.106	0.76952				2
2026.02.17	02:07:16.404	0.76953				2
2026.02.17	02:07:17.691		0.76958			4
2026.02.17	02:07:18.026	0.76954				2
2026.02.17	02:07:18.919	0.76955				2
2026.02.17	02:07:21.518	0.76954	0.76959			6
2026.02.17	02:07:22.054	0.76955				2
2026.02.17	02:07:23.919		0.76958			4
2026.02.17	02:07:28.060		0.76959			4
2026.02.17	02:07:29.591		0.76960			4
2026.02.17	02:07:30.000	0.76956				2
2026.02.17	02:07:31.069	0.76953				2
2026.02.17	02:07:35.847		0.76961			4
2026.02.17	02:07:38.380		0.76960			4
2026.02.17	02:07:38.921		0.76961			4
2026.02.17	02:07:39.618	0.76952				2
2026.02.17	02:07:40.700		0.76960			4
2026.02.17	02:07:45.793	0.76955				2
2026.02.17	02:07:46.834	0.76956				2
2026.02.17	02:07:51.440	0.76955				2
2026.02.17	02:07:51.749		0.76959			4
2026.02.17	02:07:53.385		0.76960			4
2026.02.17	02:08:00.111	0.76955				2
2026.02.17	02:08:01.920	0.76956				2
2026.02.17	02:08:02.485		0.76961			4
2026.02.17	02:08:06.607		0.76962			4
2026.02.17	02:08:07.186		0.76961			4
2026.02.17	02:08:13.278		0.76964			4
2026.02.17	02:08:15.005	0.76960	0.76968			6
2026.02.17	02:08:15.560	0.76961	0.76967			6
2026.02.17	02:08:16.429	0.76960				2
2026.02.17	02:08:17.993		0.76968			4
2026.02.17	02:08:19.184		0.76967			4
2026.02.17	02:08:19.500		0.76966			4
2026.02.17	02:08:19.804		0.76967			4
2026.02.17	02:08:22.596	0.76961	0.76968			6
2026.02.17	02:08:22.978	0.76962	0.76970			6
2026.02.17	02:08:24.201	0.76965				2
2026.02.17	02:08:26.728	0.76966				2
2026.02.17	02:08:29.487		0.76971			4
2026.02.17	02:08:29.821		0.76970			4
2026.02.17	02:08:30.640		0.76971			4
2026.02.17	02:08:34.221	0.76965				2
2026.02.17	02:08:37.992	0.76964	0.76970			6
2026.02.17	02:08:38.473	0.76961	0.76967			6
2026.02.17	02:08:39.092		0.76968			4
2026.02.17	02:08:39.938	0.76962				2
2026.02.17	02:08:43.049	0.76961				2
2026.02.17	02:08:43.768	0.76962				2
2026.02.17	02:08:44.936	0.76961	0.76967			6
2026.02.17	02:08:45.263	0.76956	0.76962			6
2026.02.17	02:08:46.278	0.76957				2
2026.02.17	02:08:46.628	0.76958				2
2026.02.17	02:08:47.181		0.76963			4
2026.02.17	02:08:48.624	0.76959	0.76965			6
2026.02.17	02:08:49.710	0.76960				2
2026.02.17	02:08:50.585		0.76966			4
2026.02.17	02:08:51.554	0.76961				2
2026.02.17	02:08:54.161	0.76962	0.76967			6
2026.02.17	02:08:54.563	0.76959				2
2026.02.17	02:08:56.364		0.76966			4
2026.02.17	02:09:01.100	0.76959				2
2026.02.17	02:09:02.136		0.76967			4
2026.02.17	02:09:03.451	0.76962				2
2026.02.17	02:09:10.708	0.76963	0.76968			6
2026.02.17	02:09:11.583	0.76964				2
2026.02.17	02:09:13.703	0.76965	0.76971			6
2026.02.17	02:09:14.512	0.76966				2
2026.02.17	02:09:15.786	0.76965				2
2026.02.17	02:09:18.287	0.76964	0.76970			6
2026.02.17	02:09:23.430	0.76965	0.76971			6
2026.02.17	02:09:23.780	0.76964	0.76969			6
2026.02.17	02:09:24.577		0.76970			4
2026.02.17	02:09:29.197		0.76969			4
2026.02.17	02:09:31.232		0.76970			4
2026.02.17	02:09:32.231	0.76965				2
2026.02.17	02:09:34.233	0.76966	0.76971			6
2026.02.17	02:09:34.706	0.76963				2
2026.02.17	02:09:36.072	0.76962	0.76970			6
2026.02.17	02:09:36.393		0.76971			4
2026.02.17	02:09:37.093		0.76970			4
2026.02.17	02:09:38.477		0.76971			4
2026.02.17	02:09:41.835		0.76970			4
2026.02.17	02:09:46.497	0.76964				2
2026.02.17	02:09:46.798		0.76969			4
2026.02.17	02:09:48.097		0.76970			4
2026.02.17	02:09:50.060	0.76962	0.76968			6
2026.02.17	02:09:57.695	0.76961	0.76966			6
2026.02.17	02:09:57.998		0.76967			4
2026.02.17	02:09:59.114	0.76959	0.76965			6
2026.02.17	02:10:00.209	0.76960	0.76966			6
2026.02.17	02:10:00.536		0.76965			4
2026.02.17	02:10:01.477	0.76961				2
2026.02.17	02:10:03.689	0.76957	0.76963			6
2026.02.17	02:10:04.063	0.76958				2
2026.02.17	02:10:04.385	0.76959				2
2026.02.17	02:10:06.756	0.76958				2
2026.02.17	02:10:09.229	0.76959				2
2026.02.17	02:10:11.190	0.76960				2
2026.02.17	02:10:11.824		0.76966			4
2026.02.17	02:10:13.951	0.76959				2
2026.02.17	02:10:20.436		0.76967			4
2026.02.17	02:10:28.168	0.76960				2
2026.02.17	02:10:30.513		0.76966			4
2026.02.17	02:10:34.293	0.76959				2
2026.02.17	02:10:34.741	0.76957	0.76965			6
2026.02.17	02:10:38.249		0.76964			4
2026.02.17	02:10:42.912		0.76965			4
2026.02.17	02:10:43.230	0.76958				2
2026.02.17	02:10:44.792	0.76957				2
2026.02.17	02:10:50.873	0.76955	0.76962			6
2026.02.17	02:10:51.589		0.76963			4
2026.02.17	02:10:53.535	0.76957				2
2026.02.17	02:10:55.175	0.76956				2
2026.02.17	02:11:00.521	0.76956				2
2026.02.17	02:11:03.682	0.76957				2
2026.02.17	02:11:05.006		0.76965			4
2026.02.17	02:11:06.037	0.76958				2
2026.02.17	02:11:14.869	0.76959	0.76967			6
2026.02.17	02:11:15.178	0.76960				2
2026.02.17	02:11:16.210	0.76961				2
2026.02.17	02:11:16.994	0.76962				2
2026.02.17	02:11:20.751	0.76963				2
2026.02.17	02:11:22.091		0.76968			4
2026.02.17	02:11:23.566	0.76962	0.76966			6
2026.02.17	02:11:24.817		0.76968			4
2026.02.17	02:11:25.633	0.76963	0.76969			6
2026.02.17	02:11:29.020	0.76964	0.76968			6
2026.02.17	02:11:35.019		0.76969			4
2026.02.17	02:11:36.746	0.76960				2
2026.02.17	02:11:39.469	0.76959	0.76968			6
2026.02.17	02:11:40.655		0.76967			4
2026.02.17	02:11:40.959	0.76958				2
2026.02.17	02:11:41.437	0.76959				2
2026.02.17	02:11:44.858	0.76961				2
2026.02.17	02:11:49.683		0.76968			4
2026.02.17	02:11:50.884		0.76969			4
2026.02.17	02:11:52.363	0.76958	0.76967			6
2026.02.17	02:11:54.188	0.76962				2
2026.02.17	02:11:55.180	0.76961				2
2026.02.17	02:11:57.777	0.76960				2
2026.02.17	02:11:59.016	0.76961				2
2026.02.17	02:12:00.629	0.76962				2
2026.02.17	02:12:00.971	0.76960				2
2026.02.17	02:12:03.151	0.76956	0.76964			6
2026.02.17	02:12:03.462	0.76957				2
2026.02.17	02:12:04.008	0.76958				2
2026.02.17	02:12:04.424		0.76965			4
2026.02.17	02:12:05.145	0.76959				2
2026.02.17	02:12:09.415		0.76967			4
2026.02.17	02:12:09.984	0.76960				2
2026.02.17	02:12:12.575	0.76961	0.76966			6
2026.02.17	02:12:13.169		0.76967			4
2026.02.17	02:12:19.695	0.76960				2
2026.02.17	02:12:22.693	0.76962	0.76971			6
2026.02.17	02:12:22.999	0.76963				2
2026.02.17	02:12:24.266	0.76964				2
2026.02.17	02:12:24.765	0.76963				2
2026.02.17	02:12:25.615	0.76962	0.76969			6
2026.02.17	02:12:32.012	0.76961	0.76968			6
2026.02.17	02:12:43.388	0.76962	0.76969			6
2026.02.17	02:12:46.008		0.76971			4
2026.02.17	02:12:57.832	0.76964				2
2026.02.17	02:13:00.709	0.76960	0.76967			6
2026.02.17	02:13:01.756	0.76957	0.76965			6
2026.02.17	02:13:02.171	0.76959	0.76967			6
2026.02.17	02:13:02.608	0.76960	0.76966			6
2026.02.17	02:13:03.292	0.76961	0.76967			6
2026.02.17	02:13:11.006	0.76962	0.76969			6
2026.02.17	02:13:12.172	0.76964				2
2026.02.17	02:13:17.020	0.76965				2
2026.02.17	02:13:23.485	0.76964				2
2026.02.17	02:13:24.377	0.76963				2
2026.02.17	02:13:27.007	0.76962	0.76968			6
2026.02.17	02:13:28.079	0.76963				2
2026.02.17	02:13:28.895	0.76962				2
2026.02.17	02:13:29.508		0.76970			4
2026.02.17	02:13:31.782		0.76969			4
2026.02.17	02:13:36.010	0.76960	0.76967			6
2026.02.17	02:13:36.337		0.76966			4
2026.02.17	02:13:43.789		0.76967			4
2026.02.17	02:14:00.271	0.76960				2
2026.02.17	02:14:03.006	0.76959				2
2026.02.17	02:14:03.446	0.76961				2
2026.02.17	02:14:06.630	0.76962				2
2026.02.17	02:14:07.357		0.76969			4
2026.02.17	02:14:07.660	0.76963				2
2026.02.17	02:14:08.150	0.76964				2
2026.02.17	02:14:10.490	0.76963				2
2026.02.17	02:14:23.653	0.76960	0.76967			6
2026.02.17	02:14:24.166	0.76958	0.76966			6
2026.02.17	02:14:24.479	0.76957	0.76964			6
2026.02.17	02:14:25.491	0.76958				2
2026.02.17	02:14:27.218	0.76957				2
2026.02.17	02:14:27.762	0.76956				2
2026.02.17	02:14:28.477	0.76957				2
2026.02.17	02:14:34.589	0.76956				2
2026.02.17	02:14:35.781		0.76965			4
2026.02.17	02:14:38.275		0.76964			4
2026.02.17	02:14:40.638		0.76965			4
2026.02.17	02:14:41.380		0.76964			4
2026.02.17	02:14:42.741		0.76965			4
2026.02.17	02:14:43.285	0.76953	0.76960			6
2026.02.17	02:14:50.267	0.76952	0.76959			6
2026.02.17	02:14:55.485	0.76949	0.76956			6
2026.02.17	02:14:55.831		0.76955			4
2026.02.17	02:14:58.810		0.76956			4
2026.02.17	02:15:00.122	0.76947	0.76955			6
2026.02.17	02:15:00.452		0.76954			4
2026.02.17	02:15:02.409		0.76956			4
2026.02.17	02:15:03.424		0.76954			4
2026.02.17	02:15:03.834	0.76945	0.76953			6
2026.02.17	02:15:04.757	0.76948	0.76955			6
2026.02.17	02:15:06.347	0.76950				2
2026.02.17	02:15:07.160		0.76956			4
2026.02.17	02:15:08.226		0.76955			4
2026.02.17	02:15:10.149		0.76956			4
2026.02.17	02:15:10.585		0.76955			4
2026.02.17	02:15:11.755	0.76951	0.76958			6
2026.02.17	02:15:12.058	0.76950	0.76955			6
2026.02.17	02:15:14.212	0.76946	0.76953			6
2026.02.17	02:15:15.443		0.76951			4
2026.02.17	02:15:18.385	0.76943	0.76950			6
2026.02.17	02:15:18.702	0.76944	0.76952			6
2026.02.17	02:15:19.239	0.76945				2
2026.02.17	02:15:20.032	0.76946	0.76953			6
2026.02.17	02:15:22.498	0.76947				2
2026.02.17	02:15:23.145	0.76948				2
2026.02.17	02:15:24.884	0.76947				2
2026.02.17	02:15:29.368	0.76945	0.76951			6
2026.02.17	02:15:29.725	0.76943	0.76949			6
2026.02.17	02:15:30.569	0.76942				2
2026.02.17	02:15:31.619	0.76943				2
2026.02.17	02:15:32.013	0.76944				2
2026.02.17	02:15:33.996	0.76945	0.76951			6
2026.02.17	02:15:34.634	0.76944	0.76950			6
2026.02.17	02:15:37.481	0.76943				2
2026.02.17	02:15:37.809	0.76942				2
2026.02.17	02:15:39.084	0.76941	0.76948			6
2026.02.17	02:15:48.148		0.76949			4
2026.02.17	02:15:49.078	0.76944	0.76951			6
2026.02.17	02:15:55.491	0.76948	0.76956			6
2026.02.17	02:15:55.824		0.76955			4
2026.02.17	02:16:00.556	0.76948				2
2026.02.17	02:16:03.067	0.76945	0.76952			6
2026.02.17	02:16:05.342	0.76947	0.76955			6
2026.02.17	02:16:11.184		0.76952			4
2026.02.17	02:16:12.697		0.76954			4
2026.02.17	02:16:15.628	0.76946	0.76952			6
2026.02.17	02:16:16.577	0.76947	0.76955			6
2026.02.17	02:16:17.376	0.76948	0.76956			6
2026.02.17	02:16:18.970	0.76951	0.76958			6
2026.02.17	02:16:20.221		0.76959			4
2026.02.17	02:16:22.295	0.76952				2
2026.02.17	02:16:22.881	0.76954	0.76960			6
2026.02.17	02:16:23.575	0.76953	0.76958			6
2026.02.17	02:16:25.451	0.76954	0.76960			6
2026.02.17	02:16:27.059	0.76953	0.76957			6
2026.02.17	02:16:27.720	0.76955	0.76960			6
2026.02.17	02:16:33.538		0.76961			4
2026.02.17	02:16:33.843	0.76959	0.76964			6
2026.02.17	02:16:35.820		0.76965			4
2026.02.17	02:16:39.408	0.76955	0.76961			6
2026.02.17	02:16:40.421		0.76960			4
2026.02.17	02:16:41.612		0.76961			4
2026.02.17	02:16:49.401	0.76950	0.76957			6
2026.02.17	02:16:49.715	0.76951	0.76956			6
2026.02.17	02:16:51.907		0.76958			4
2026.02.17	02:16:52.773	0.76953	0.76959			6
2026.02.17	02:16:55.081	0.76954	0.76958			6
2026.02.17	02:16:55.604	0.76953				2
2026.02.17	02:16:58.440	0.76954				2
2026.02.17	02:17:00.411	0.76951	0.76956			6
2026.02.17	02:17:02.374	0.76952				2
2026.02.17	02:17:02.769	0.76951	0.76955			6
2026.02.17	02:17:07.655		0.76956			4
2026.02.17	02:17:08.662	0.76950				2
2026.02.17	02:17:10.412		0.76955			4
2026.02.17	02:17:11.773		0.76957			4
2026.02.17	02:17:12.730		0.76955			4
2026.02.17	02:17:13.428		0.76957			4
2026.02.17	02:17:13.965		0.76956			4
2026.02.17	02:17:14.406	0.76951	0.76957			6
2026.02.17	02:17:15.932	0.76952	0.76958			6
2026.02.17	02:17:22.038	0.76955	0.76961			6
2026.02.17	02:17:22.394	0.76958	0.76964			6
2026.02.17	02:17:28.016		0.76963			4
2026.02.17	02:17:29.344	0.76955	0.76960			6
2026.02.17	02:17:29.670		0.76961			4
2026.02.17	02:17:30.148		0.76960			4
2026.02.17	02:17:32.425	0.76957	0.76963			6
2026.02.17	02:17:34.192	0.76955	0.76960			6
2026.02.17	02:17:34.547		0.76961			4
2026.02.17	02:17:34.885		0.76960			4
2026.02.17	02:17:35.568		0.76961			4
2026.02.17	02:17:36.021		0.76960			4
2026.02.17	02:17:37.433	0.76952	0.76959			6
2026.02.17	02:17:40.289	0.76954	0.76960			6
2026.02.17	02:17:44.741	0.76953				2
2026.02.17	02:17:45.651		0.76959			4
2026.02.17	02:17:47.533		0.76961			4
2026.02.17	02:17:50.015		0.76960			4
2026.02.17	02:17:50.619		0.76959			4
2026.02.17	02:17:54.640	0.76952				2
2026.02.17	02:17:58.297		0.76958			4
2026.02.17	02:17:59.351	0.76955	0.76960			6
2026.02.17	02:18:00.101	0.76955				2
2026.02.17	02:18:01.167		0.76961			4
2026.02.17	02:18:02.954		0.76960			4
2026.02.17	02:18:06.933		0.76961			4
2026.02.17	02:18:07.273	0.76952	0.76959			6
2026.02.17	02:18:10.122		0.76958			4
2026.02.17	02:18:12.185		0.76959			4
2026.02.17	02:18:12.774	0.76953				2
2026.02.17	02:18:17.144		0.76958			4
2026.02.17	02:18:17.678	0.76952				2
2026.02.17	02:18:18.958	0.76955	0.76961			6
2026.02.17	02:18:23.628	0.76953	0.76959			6
2026.02.17	02:18:25.684		0.76958			4
2026.02.17	02:18:28.499	0.76950	0.76957			6
2026.02.17	02:18:29.145	0.76949	0.76956			6
2026.02.17	02:18:29.472		0.76955			4
2026.02.17	02:18:30.205		0.76956			4
2026.02.17	02:18:30.664	0.76951	0.76959			6
2026.02.17	02:18:30.972	0.76953	0.76960			6
2026.02.17	02:18:32.709		0.76959			4
2026.02.17	02:18:33.080		0.76960			4
2026.02.17	02:18:34.145		0.76959			4
2026.02.17	02:18:35.990		0.76960			4
2026.02.17	02:18:38.563	0.76955	0.76961			6
2026.02.17	02:18:39.029	0.76954	0.76960			6
2026.02.17	02:18:41.979	0.76955				2
2026.02.17	02:18:42.481	0.76954	0.76957			6
2026.02.17	02:18:42.982		0.76960			4
2026.02.17	02:18:43.482		0.76957			4
2026.02.17	02:18:43.790		0.76960			4
2026.02.17	02:18:44.484		0.76957			4
2026.02.17	02:18:44.985		0.76960			4
2026.02.17	02:18:45.484	0.76955				2
2026.02.17	02:18:45.985	0.76954				2
2026.02.17	02:18:49.444		0.76959			4
2026.02.17	02:18:53.505		0.76958			4
2026.02.17	02:18:54.812	0.76953				2
2026.02.17	02:18:57.908		0.76959			4
2026.02.17	02:18:59.378		0.76958			4
2026.02.17	02:19:01.149	0.76953	0.76957			6
2026.02.17	02:19:04.868	0.76952				2
2026.02.17	02:19:07.397	0.76951				2
2026.02.17	02:19:13.283		0.76958			4
2026.02.17	02:19:13.958	0.76949	0.76955			6
2026.02.17	02:19:16.622	0.76950				2
2026.02.17	02:19:24.295	0.76949	0.76956			6
2026.02.17	02:19:24.838		0.76955			4
2026.02.17	02:19:25.159		0.76954			4
2026.02.17	02:19:31.384		0.76955			4
2026.02.17	02:19:33.593		0.76954			4
2026.02.17	02:19:41.884	0.76946	0.76950			6
2026.02.17	02:19:42.200	0.76945	0.76949			6
2026.02.17	02:19:45.314	0.76944	0.76948			6
2026.02.17	02:19:46.990		0.76949			4
2026.02.17	02:19:47.363		0.76948			4
2026.02.17	02:19:49.252		0.76949			4
2026.02.17	02:19:58.685		0.76950			4
2026.02.17	02:20:00.950	0.76944	0.76949			6
2026.02.17	02:20:01.254		0.76950			4
2026.02.17	02:20:02.514	0.76946	0.76953			6
2026.02.17	02:20:03.922		0.76952			4
2026.02.17	02:20:04.540	0.76945	0.76950			6
2026.02.17	02:20:05.453		0.76949			4
2026.02.17	02:20:06.392	0.76946	0.76952			6
2026.02.17	02:20:07.389	0.76948	0.76953			6
2026.02.17	02:20:23.543	0.76949	0.76954			6
2026.02.17	02:20:27.104	0.76948				2
2026.02.17	02:20:33.302	0.76949				2
2026.02.17	02:20:39.714		0.76953			4
2026.02.17	02:20:53.474	0.76948				2
2026.02.17	02:20:58.678	0.76949				2
2026.02.17	02:21:02.623	0.76949				2
2026.02.17	02:21:03.936	0.76948				2
2026.02.17	02:21:04.876	0.76950	0.76956			6
2026.02.17	02:21:08.473	0.76949	0.76954			6
2026.02.17	02:21:08.801	0.76946	0.76951			6
2026.02.17	02:21:10.232		0.76952			4
2026.02.17	02:21:13.109	0.76943	0.76950			6
2026.02.17	02:21:13.413		0.76949			4
2026.02.17	02:21:16.820		0.76950			4
2026.02.17	02:21:25.342		0.76949			4
2026.02.17	02:21:27.033	0.76942				2
2026.02.17	02:21:29.602	0.76941	0.76948			6
2026.02.17	02:21:29.918	0.76939	0.76946			6
2026.02.17	02:21:32.161	0.76938				2
2026.02.17	02:21:35.735	0.76940	0.76948			6
2026.02.17	02:21:43.560	0.76941				2
2026.02.17	02:21:44.832	0.76939	0.76946			6
2026.02.17	02:21:45.152	0.76940				2
2026.02.17	02:21:52.051	0.76937	0.76943			6
2026.02.17	02:21:54.407	0.76936	0.76942			6
2026.02.17	02:21:55.929	0.76937	0.76943			6
2026.02.17	02:21:56.283	0.76939	0.76947			6
2026.02.17	02:21:57.546	0.76941				2
2026.02.17	02:21:58.742		0.76946			4
2026.02.17	02:22:01.334	0.76940				2
2026.02.17	02:22:05.537	0.76939				2
2026.02.17	02:22:14.680	0.76938	0.76945			6
2026.02.17	02:22:18.638	0.76937	0.76944			6
2026.02.17	02:22:19.356	0.76936	0.76943			6
2026.02.17	02:22:20.577	0.76938	0.76946			6
2026.02.17	02:22:21.316		0.76945			4
2026.02.17	02:22:21.618		0.76946			4
2026.02.17	02:22:25.430	0.76940	0.76948			6
2026.02.17	02:22:25.933	0.76938	0.76945			6
2026.02.17	02:22:26.330		0.76946			4
2026.02.17	02:22:34.585		0.76947			4
2026.02.17	02:22:37.456	0.76942	0.76949			6
2026.02.17	02:22:37.780		0.76950			4
2026.02.17	02:22:39.401	0.76944	0.76952			6
2026.02.17	02:22:39.706	0.76946	0.76953			6
2026.02.17	02:22:49.256		0.76954			4
2026.02.17	02:22:49.752		0.76953			4
2026.02.17	02:22:53.546		0.76952			4
2026.02.17	02:22:57.697		0.76953			4
2026.02.17	02:22:58.822	0.76948	0.76955			6
2026.02.17	02:23:01.053	0.76948				2
2026.02.17	02:23:07.349	0.76951	0.76958			6
2026.02.17	02:23:10.464	0.76954	0.76961			6
2026.02.17	02:23:11.791		0.76959			4
2026.02.17	02:23:12.125		0.76960			4
2026.02.17	02:23:12.992	0.76953	0.76958			6
2026.02.17	02:23:14.219		0.76960			4
2026.02.17	02:23:15.544	0.76954				2
2026.02.17	02:23:22.375	0.76955				2
2026.02.17	02:23:24.224		0.76959			4
2026.02.17	02:23:26.233	0.76956	0.76962			6
2026.02.17	02:23:27.383	0.76957				2
2026.02.17	02:23:30.263	0.76958				2
2026.02.17	02:23:31.017		0.76963			4
2026.02.17	02:23:31.606		0.76962			4
2026.02.17	02:23:31.912		0.76963			4
2026.02.17	02:23:32.860	0.76959				2
2026.02.17	02:23:39.507	0.76958				2
2026.02.17	02:23:45.268	0.76956	0.76962			6
2026.02.17	02:23:45.578	0.76954				2
2026.02.17	02:23:51.975	0.76951	0.76959			6
2026.02.17	02:23:52.304	0.76949	0.76957			6
2026.02.17	02:24:00.570	0.76949				2
2026.02.17	02:24:02.106	0.76954	0.76958			6
2026.02.17	02:24:03.138		0.76959			4
2026.02.17	02:24:03.450	0.76955				2
2026.02.17	02:24:05.673	0.76954				2
2026.02.17	02:24:09.960	0.76953	0.76958			6
2026.02.17	02:24:10.576	0.76950	0.76957			6
2026.02.17	02:24:11.522	0.76951				2
2026.02.17	02:24:14.384	0.76952				2
2026.02.17	02:24:20.437	0.76953				2
2026.02.17	02:24:24.871	0.76952				2
2026.02.17	02:24:26.035	0.76953				2
2026.02.17	02:24:29.968	0.76952				2
2026.02.17	02:24:32.775	0.76949				2
2026.02.17	02:24:34.520	0.76954				2
2026.02.17	02:24:39.715	0.76950	0.76955			6
2026.02.17	02:24:40.650	0.76951				2
2026.02.17	02:24:47.938	0.76950				2
2026.02.17	02:24:49.500	0.76951				2
2026.02.17	02:24:50.130	0.76950				2
2026.02.17	02:24:51.563		0.76954			4
2026.02.17	02:24:54.787	0.76951				2
2026.02.17	02:24:58.902	0.76950				2
2026.02.17	02:25:00.225	0.76950				2
2026.02.17	02:25:02.390		0.76957			4
2026.02.17	02:25:03.574	0.76952				2
2026.02.17	02:25:05.053	0.76953				2
2026.02.17	02:25:06.636	0.76954				2
2026.02.17	02:25:08.843	0.76957	0.76959			6
2026.02.17	02:25:10.158	0.76958				2
2026.02.17	02:25:11.934	0.76959	0.76960			6
2026.02.17	02:25:12.398	0.76957	0.76964			6
2026.02.17	02:25:12.738	0.76960	0.76963			6
2026.02.17	02:25:20.350	0.76959				2
2026.02.17	02:25:22.352		0.76962			4
2026.02.17	02:25:22.764		0.76963			4
2026.02.17	02:25:24.272	0.76957	0.76961			6
2026.02.17	02:25:31.966	0.76959				2
2026.02.17	02:25:32.721	0.76960				2
2026.02.17	02:25:34.563	0.76957	0.76960			6
2026.02.17	02:25:38.437		0.76963			4
2026.02.17	02:25:38.757		0.76964			4
2026.02.17	02:25:39.521	0.76959				2
2026.02.17	02:25:47.591	0.76960				2
2026.02.17	02:25:55.161	0.76958	0.76962			6
2026.02.17	02:25:55.484	0.76957	0.76961			6
2026.02.17	02:25:55.798	0.76958				2
2026.02.17	02:25:57.358	0.76959	0.76963			6
2026.02.17	02:25:57.993	0.76960	0.76964			6
2026.02.17	02:26:00.358	0.76960				2
2026.02.17	02:26:01.074	0.76959				2
2026.02.17	02:26:04.961		0.76963			4
2026.02.17	02:26:05.322		0.76964			4
2026.02.17	02:26:07.562	0.76960				2
2026.02.17	02:26:07.968		0.76965			4
2026.02.17	02:26:08.312		0.76966			4
2026.02.17	02:26:08.921		0.76965			4
2026.02.17	02:26:22.503	0.76962	0.76966			6
2026.02.17	02:26:22.814		0.76965			4
2026.02.17	02:26:27.536	0.76959				2
2026.02.17	02:26:33.239	0.76962				2
2026.02.17	02:26:34.482	0.76965	0.76969			6
2026.02.17	02:26:37.002	0.76961				2
2026.02.17	02:26:41.622	0.76959	0.76966			6
2026.02.17	02:26:45.849	0.76958				2
2026.02.17	02:26:50.543	0.76956	0.76964			6
2026.02.17	02:26:51.663		0.76963			4
2026.02.17	02:26:51.995		0.76962			4
2026.02.17	02:26:53.031	0.76955	0.76963			6
2026.02.17	02:26:55.716	0.76956				2
2026.02.17	02:27:01.491	0.76956				2
2026.02.17	02:27:02.019	0.76957	0.76962			6
2026.02.17	02:27:11.641	0.76956	0.76963			6
2026.02.17	02:27:12.536	0.76957				2
2026.02.17	02:27:16.194	0.76959	0.76966			6
2026.02.17	02:27:18.040	0.76960				2
2026.02.17	02:27:33.435	0.76957				2
2026.02.17	02:27:38.547	0.76959	0.76968			6
2026.02.17	02:27:49.910	0.76958	0.76967			6
2026.02.17	02:27:56.689	0.76955	0.76963			6
2026.02.17	02:28:01.535	0.76957	0.76964			6
2026.02.17	02:28:01.843	0.76956				2
2026.02.17	02:28:03.780		0.76963			4
2026.02.17	02:28:09.817	0.76957				2
2026.02.17	02:28:13.204	0.76958	0.76964			6
2026.02.17	02:28:16.539	0.76957				2
2026.02.17	02:28:22.520	0.76958				2
2026.02.17	02:28:23.583		0.76965			4
2026.02.17	02:28:24.024	0.76955	0.76963			6
2026.02.17	02:28:24.362		0.76962			4
2026.02.17	02:28:27.573	0.76956	0.76963			6
2026.02.17	02:28:33.129	0.76957				2
2026.02.17	02:28:34.312		0.76962			4
2026.02.17	02:28:37.356	0.76956				2
2026.02.17	02:28:58.776	0.76957				2
2026.02.17	02:29:00.400	0.76957				2
2026.02.17	02:29:02.793		0.76964			4
2026.02.17	02:29:11.048	0.76956				2
2026.02.17	02:29:16.995	0.76957				2
2026.02.17	02:29:24.306	0.76958				2
2026.02.17	02:29:30.476		0.76963			4
2026.02.17	02:29:32.347	0.76957				2
2026.02.17	02:29:43.393	0.76958				2
2026.02.17	02:29:46.398	0.76956				2
2026.02.17	02:29:47.635	0.76957				2
2026.02.17	02:30:01.168	0.76957				2
2026.02.17	02:30:10.476	0.76955	0.76962			6
2026.02.17	02:30:11.756	0.76956				2
2026.02.17	02:30:12.737	0.76957	0.76964			6
2026.02.17	02:30:16.260	0.76958				2
2026.02.17	02:30:17.935	0.76959				2
2026.02.17	02:30:25.252	0.76961				2
2026.02.17	02:30:26.767		0.76965			4
2026.02.17	02:30:28.160	0.76960				2
2026.02.17	02:30:32.012	0.76958	0.76964			6
2026.02.17	02:30:40.593	0.76957	0.76962			6
2026.02.17	02:30:42.463	0.76953	0.76959			6
2026.02.17	02:30:44.382	0.76952	0.76958			6
2026.02.17	02:30:48.106	0.76950	0.76957			6
2026.02.17	02:30:48.471	0.76952				2
2026.02.17	02:30:56.149	0.76950				2
2026.02.17	02:30:57.093	0.76951				2
2026.02.17	02:31:00.256	0.76953				2
2026.02.17	02:31:01.981	0.76954	0.76958			6
2026.02.17	02:31:02.527	0.76953				2
2026.02.17	02:31:03.471		0.76960			4
2026.02.17	02:31:04.338		0.76959			4
2026.02.17	02:31:31.014	0.76952				2
2026.02.17	02:31:34.507	0.76953	0.76960			6
2026.02.17	02:31:36.908	0.76952	0.76959			6
2026.02.17	02:31:39.386	0.76951	0.76958			6
2026.02.17	02:32:00.476	0.76951				2
2026.02.17	02:32:01.778	0.76952				2
2026.02.17	02:32:04.805		0.76959			4
2026.02.17	02:32:09.917	0.76949	0.76956			6
2026.02.17	02:32:10.365	0.76950	0.76959			6
2026.02.17	02:32:14.019	0.76951				2
2026.02.17	02:32:16.254	0.76953				2
2026.02.17	02:32:20.363	0.76956	0.76961			6
2026.02.17	02:32:20.760	0.76954				2
2026.02.17	02:32:21.743	0.76957				2
2026.02.17	02:32:30.313	0.76955	0.76960			6
2026.02.17	02:32:37.768	0.76957	0.76961			6
2026.02.17	02:32:41.041		0.76962			4
2026.02.17	02:32:42.617		0.76961			4
2026.02.17	02:32:47.015	0.76955				2
2026.02.17	02:32:59.721	0.76952	0.76959			6
2026.02.17	02:33:00.374	0.76952				2
2026.02.17	02:33:02.570		0.76958			4
2026.02.17	02:33:02.879	0.76951				2
2026.02.17	02:33:07.864	0.76954	0.76959			6
2026.02.17	02:33:10.346	0.76955	0.76960			6
2026.02.17	02:33:15.060	0.76953	0.76958			6
2026.02.17	02:33:15.949	0.76954	0.76959			6
2026.02.17	02:33:23.359	0.76955	0.76961			6
2026.02.17	02:33:30.993	0.76954	0.76960			6
2026.02.17	02:33:33.557	0.76955	0.76961			6
2026.02.17	02:33:34.038	0.76954	0.76959			6
2026.02.17	02:33:36.579		0.76960			4
2026.02.17	02:33:38.284	0.76955				2
2026.02.17	02:33:39.855	0.76958	0.76963			6
2026.02.17	02:33:40.825	0.76959				2
2026.02.17	02:33:41.139	0.76956	0.76961			6
2026.02.17	02:33:41.511	0.76955	0.76960			6
2026.02.17	02:33:48.762	0.76956	0.76961			6
2026.02.17	02:33:49.093	0.76958	0.76963			6
2026.02.17	02:33:50.290	0.76959	0.76964			6
2026.02.17	02:33:53.681	0.76955	0.76961			6
2026.02.17	02:33:54.000	0.76956				2
2026.02.17	02:33:57.555	0.76954	0.76959			6
2026.02.17	02:34:00.574	0.76955	0.76960			6
2026.02.17	02:34:10.585		0.76961			4
2026.02.17	02:34:14.407		0.76960			4
2026.02.17	02:34:17.957	0.76952	0.76958			6
2026.02.17	02:34:18.263	0.76953				2
2026.02.17	02:34:18.582	0.76956	0.76961			6
2026.02.17	02:34:18.895	0.76957				2
2026.02.17	02:34:19.990	0.76956				2
2026.02.17	02:34:25.801	0.76953	0.76959			6
2026.02.17	02:34:26.749	0.76952				2
2026.02.17	02:34:28.147	0.76953	0.76958			6
2026.02.17	02:34:31.800		0.76959			4
2026.02.17	02:34:34.319	0.76954	0.76960			6
2026.02.17	02:34:34.682		0.76959			4
2026.02.17	02:34:35.714	0.76953				2
2026.02.17	02:34:43.340	0.76955	0.76961			6
2026.02.17	02:34:43.657		0.76960			4
2026.02.17	02:34:44.021	0.76956	0.76961			6
2026.02.17	02:34:44.994	0.76955				2
2026.02.17	02:34:45.307	0.76956				2
2026.02.17	02:34:48.689	0.76953	0.76958			6
2026.02.17	02:34:49.028		0.76959			4
2026.02.17	02:34:49.651	0.76952				2
2026.02.17	02:34:50.375	0.76953				2
2026.02.17	02:34:52.331	0.76952				2
2026.02.17	02:34:56.261	0.76953				2
2026.02.17	02:35:00.652	0.76953				2
2026.02.17	02:35:05.906	0.76951				2
2026.02.17	02:35:12.168	0.76952				2
2026.02.17	02:35:13.645	0.76954	0.76962			6
2026.02.17	02:35:17.396	0.76956	0.76963			6
2026.02.17	02:35:18.454		0.76964			4
2026.02.17	02:35:26.227	0.76960				2
2026.02.17	02:35:29.293	0.76957	0.76962			6
2026.02.17	02:35:39.963	0.76956	0.76961			6
2026.02.17	02:35:41.455		0.76962			4
2026.02.17	02:35:41.788		0.76961			4
2026.02.17	02:35:42.574	0.76957				2
2026.02.17	02:35:43.411	0.76955				2
2026.02.17	02:35:45.204	0.76956	0.76962			6
2026.02.17	02:35:46.104		0.76961			4
2026.02.17	02:35:46.938	0.76955				2
2026.02.17	02:35:51.264	0.76954	0.76960			6
2026.02.17	02:35:51.652		0.76961			4
2026.02.17	02:35:51.961		0.76960			4
2026.02.17	02:35:53.124		0.76961			4
2026.02.17	02:35:55.745	0.76955				2
2026.02.17	02:36:00.476	0.76955				2
2026.02.17	02:36:00.779		0.76960			4
2026.02.17	02:36:01.133		0.76961			4
2026.02.17	02:36:04.431	0.76956				2
2026.02.17	02:36:04.854	0.76955	0.76962			6
2026.02.17	02:36:05.234		0.76963			4
2026.02.17	02:36:09.848	0.76957	0.76965			6
2026.02.17	02:36:12.824		0.76964			4
2026.02.17	02:36:14.401		0.76965			4
2026.02.17	02:36:15.473	0.76961	0.76968			6
2026.02.17	02:36:16.584	0.76965	0.76969			6
2026.02.17	02:36:18.990	0.76966	0.76970			6
2026.02.17	02:36:20.159	0.76965	0.76969			6
2026.02.17	02:36:21.175	0.76964				2
2026.02.17	02:36:21.557	0.76965	0.76970			6
2026.02.17	02:36:28.594	0.76964	0.76969			6
2026.02.17	02:36:28.964	0.76965	0.76970			6
2026.02.17	02:36:33.463	0.76966	0.76972			6
2026.02.17	02:36:34.493	0.76964	0.76970			6
2026.02.17	02:36:36.570	0.76965				2
2026.02.17	02:36:40.905	0.76967	0.76973			6
2026.02.17	02:36:41.343		0.76972			4
2026.02.17	02:36:44.384	0.76968	0.76973			6
2026.02.17	02:36:44.815		0.76972			4
2026.02.17	02:36:48.675	0.76965	0.76970			6
2026.02.17	02:36:48.993	0.76964				2
2026.02.17	02:36:52.264	0.76965				2
2026.02.17	02:36:54.406		0.76969			4
2026.02.17	02:36:54.720	0.76964				2
2026.02.17	02:37:01.045	0.76963				2
2026.02.17	02:37:03.355	0.76962	0.76968			6
2026.02.17	02:37:04.795		0.76967			4
2026.02.17	02:37:09.222	0.76961				2
2026.02.17	02:37:09.628	0.76962				2
2026.02.17	02:37:09.942	0.76964	0.76969			6
2026.02.17	02:37:10.654	0.76963				2
2026.02.17	02:37:12.737		0.76968			4
2026.02.17	02:37:13.973	0.76962	0.76967			6
2026.02.17	02:37:17.679		0.76968			4
2026.02.17	02:37:18.100	0.76961	0.76967			6
2026.02.17	02:37:20.214	0.76958	0.76964			6
2026.02.17	02:37:20.991	0.76957	0.76963			6
2026.02.17	02:37:21.568	0.76958	0.76964			6
2026.02.17	02:37:22.244	0.76959				2
2026.02.17	02:37:24.665	0.76960	0.76965			6
2026.02.17	02:37:25.337	0.76959				2
2026.02.17	02:37:27.778		0.76964			4
2026.02.17	02:37:28.779	0.76958				2
2026.02.17	02:37:30.264	0.76961	0.76966			6
2026.02.17	02:37:31.057	0.76960	0.76965			6
2026.02.17	02:37:31.360	0.76959	0.76964			6
2026.02.17	02:37:34.947		0.76963			4
2026.02.17	02:37:39.283		0.76964			4
2026.02.17	02:37:41.613	0.76958	0.76963			6
2026.02.17	02:37:42.716	0.76959				2
2026.02.17	02:37:44.219		0.76964			4
2026.02.17	02:37:46.086	0.76960				2
2026.02.17	02:37:49.062		0.76965			4
2026.02.17	02:37:53.072	0.76959				2
2026.02.17	02:37:55.056	0.76960				2
2026.02.17	02:37:58.447		0.76966			4
2026.02.17	02:37:58.781		0.76965			4
2026.02.17	02:38:00.403	0.76960				2
2026.02.17	02:38:12.159	0.76961				2
2026.02.17	02:38:12.463	0.76960				2
2026.02.17	02:38:15.262	0.76961	0.76969			6
2026.02.17	02:38:16.059		0.76967			4
2026.02.17	02:38:16.424		0.76968			4
2026.02.17	02:38:18.290	0.76966	0.76970			6
2026.02.17	02:38:18.920	0.76965	0.76969			6
2026.02.17	02:38:22.899		0.76970			4
2026.02.17	02:38:29.548	0.76966	0.76972			6
2026.02.17	02:38:30.517	0.76967	0.76971			6
2026.02.17	02:38:30.863	0.76966				2
2026.02.17	02:38:32.430	0.76967	0.76973			6
2026.02.17	02:38:32.763	0.76968				2
2026.02.17	02:38:33.447	0.76969				2
2026.02.17	02:38:35.421		0.76974			4
2026.02.17	02:38:40.998	0.76967	0.76973			6
2026.02.17	02:38:41.769		0.76972			4
2026.02.17	02:38:43.149	0.76966				2
2026.02.17	02:38:45.299	0.76964	0.76970			6
2026.02.17	02:38:47.139		0.76971			4
2026.02.17	02:38:48.157	0.76966				2
2026.02.17	02:38:48.809	0.76964	0.76970			6
2026.02.17	02:38:51.589	0.76959	0.76967			6
2026.02.17	02:38:52.530	0.76962	0.76968			6
2026.02.17	02:38:59.250	0.76961				2
2026.02.17	02:39:00.656	0.76960				2
2026.02.17	02:39:01.465	0.76958	0.76963			6
2026.02.17	02:39:02.630	0.76959				2
2026.02.17	02:39:07.626		0.76964			4
2026.02.17	02:39:08.612	0.76956	0.76961			6
2026.02.17	02:39:09.877	0.76955				2
2026.02.17	02:39:10.986	0.76956				2
2026.02.17	02:39:14.053		0.76962			4
2026.02.17	02:39:14.452	0.76957				2
2026.02.17	02:39:14.871	0.76958	0.76963			6
2026.02.17	02:39:15.365	0.76961	0.76967			6
2026.02.17	02:39:15.680	0.76964	0.76970			6
2026.02.17	02:39:16.342	0.76965				2
2026.02.17	02:39:32.172		0.76971			4
2026.02.17	02:39:32.833	0.76968	0.76973			6
2026.02.17	02:39:35.180		0.76972			4
2026.02.17	02:39:36.745		0.76973			4
2026.02.17	02:39:38.901	0.76971	0.76976			6
2026.02.17	02:39:42.375	0.76966	0.76971			6
2026.02.17	02:39:55.351	0.76967	0.76972			6
2026.02.17	02:39:55.732	0.76965	0.76969			6
2026.02.17	02:40:00.519	0.76965				2
2026.02.17	02:40:08.249		0.76970			4
2026.02.17	02:40:11.217		0.76971			4
2026.02.17	02:40:13.885	0.76966				2
2026.02.17	02:40:14.239		0.76970			4
2026.02.17	02:40:15.847	0.76967	0.76971			6
2026.02.17	02:40:20.011		0.76972			4
2026.02.17	02:40:22.519		0.76971			4
2026.02.17	02:40:25.139		0.76972			4
2026.02.17	02:40:26.165		0.76971			4
2026.02.17	02:40:26.799		0.76972			4
2026.02.17	02:40:27.374		0.76971			4
2026.02.17	02:40:29.047	0.76964	0.76969			6
2026.02.17	02:40:31.377	0.76963	0.76968			6
2026.02.17	02:40:40.660		0.76969			4
2026.02.17	02:40:45.588	0.76961	0.76966			6
2026.02.17	02:40:46.155		0.76967			4
2026.02.17	02:40:46.732		0.76966			4
2026.02.17	02:40:47.034		0.76965			4
2026.02.17	02:40:47.367	0.76959	0.76964			6
2026.02.17	02:40:47.766	0.76960	0.76966			6
2026.02.17	02:40:48.370		0.76965			4
2026.02.17	02:40:48.808		0.76966			4
2026.02.17	02:40:51.812	0.76961				2
2026.02.17	02:40:59.662	0.76959	0.76964			6
2026.02.17	02:41:00.460	0.76959				2
2026.02.17	02:41:01.651	0.76960				2
2026.02.17	02:41:07.805		0.76963			4
2026.02.17	02:41:08.555	0.76959				2
2026.02.17	02:41:09.171	0.76960	0.76964			6
2026.02.17	02:41:14.232	0.76961	0.76966			6
2026.02.17	02:41:15.231		0.76967			4
2026.02.17	02:41:19.267	0.76963	0.76969			6
2026.02.17	02:41:20.964	0.76964				2
2026.02.17	02:41:21.868	0.76963	0.76968			6
2026.02.17	02:41:22.403	0.76964	0.76969			6
2026.02.17	02:41:26.012	0.76965				2
2026.02.17	02:41:27.007	0.76964				2
2026.02.17	02:41:27.830	0.76965				2
2026.02.17	02:41:29.117	0.76964				2
2026.02.17	02:41:30.927	0.76966	0.76970			6
2026.02.17	02:41:31.235	0.76965				2
2026.02.17	02:41:34.526	0.76967	0.76971			6
2026.02.17	02:41:35.001	0.76968	0.76972			6
2026.02.17	02:41:35.309	0.76970	0.76974			6
2026.02.17	02:41:35.621	0.76971	0.76975			6
2026.02.17	02:41:38.561	0.76970				2
2026.02.17	02:41:39.406	0.76973	0.76978			6
2026.02.17	02:41:41.846	0.76971	0.76976			6
2026.02.17	02:41:43.145	0.76972				2
2026.02.17	02:41:43.464	0.76974				2
2026.02.17	02:41:45.299		0.76977			4
2026.02.17	02:41:45.603	0.76976	0.76978			6
2026.02.17	02:41:46.064	0.76974				2
2026.02.17	02:41:46.397		0.76977			4
2026.02.17	02:41:46.765	0.76975				2
2026.02.17	02:41:47.401	0.76974				2
2026.02.17	02:41:48.046		0.76976			4
2026.02.17	02:41:51.947	0.76975	0.76978			6
2026.02.17	02:41:52.277	0.76974	0.76977			6
2026.02.17	02:41:55.152	0.76973	0.76976			6
2026.02.17	02:41:56.247	0.76975	0.76978			6
2026.02.17	02:41:57.445		0.76977			4
2026.02.17	02:41:59.819	0.76972				2
2026.02.17	02:42:00.336	0.76973	0.76975			6
2026.02.17	02:42:01.546	0.76971				2
2026.02.17	02:42:02.156	0.76972	0.76977			6
2026.02.17	02:42:04.293	0.76973	0.76978			6
2026.02.17	02:42:09.738	0.76976	0.76980			6
2026.02.17	02:42:11.710	0.76974	0.76977			6
2026.02.17	02:42:13.137	0.76973				2
2026.02.17	02:42:15.907	0.76976	0.76981			6
2026.02.17	02:42:17.040		0.76980			4
2026.02.17	02:42:18.378		0.76979			4
2026.02.17	02:42:24.200	0.76974	0.76978			6
2026.02.17	02:42:25.696	0.76973				2
2026.02.17	02:42:27.933	0.76974	0.76980			6
2026.02.17	02:42:29.851		0.76979			4
2026.02.17	02:42:30.705	0.76977	0.76981			6
2026.02.17	02:42:31.102	0.76976				2
2026.02.17	02:42:31.880		0.76982			4
2026.02.17	02:42:33.345	0.76977				2
2026.02.17	02:42:34.636	0.76979	0.76984			6
2026.02.17	02:42:37.312	0.76985	0.76990			6
2026.02.17	02:42:37.939	0.76986				2
2026.02.17	02:42:38.267	0.76985				2
2026.02.17	02:42:38.592	0.76989	0.76993			6
2026.02.17	02:42:39.683	0.76984	0.76991			6
2026.02.17	02:42:39.996	0.76985	0.76990			6
2026.02.17	02:42:45.975	0.76986				2
2026.02.17	02:42:46.308		0.76991			4
2026.02.17	02:42:48.148	0.76985	0.76990			6
2026.02.17	02:42:49.885	0.76984	0.76989			6
2026.02.17	02:42:52.558	0.76985				2
2026.02.17	02:42:54.147	0.76983	0.76988			6
2026.02.17	02:42:56.192	0.76982				2
2026.02.17	02:42:57.803	0.76983				2
2026.02.17	02:42:58.119	0.76986	0.76991			6
2026.02.17	02:42:59.792		0.76992			4
2026.02.17	02:43:00.170	0.76988				2
2026.02.17	02:43:01.221	0.76986				2
2026.02.17	02:43:02.031	0.76987	0.76994			6
2026.02.17	02:43:02.810		0.76993			4
2026.02.17	02:43:05.051	0.76989	0.76994			6
2026.02.17	02:43:05.855	0.76987	0.76992			6
2026.02.17	02:43:06.305	0.76985	0.76990			6
2026.02.17	02:43:10.862	0.76986				2
2026.02.17	02:43:12.086	0.76985				2
2026.02.17	02:43:27.151	0.76984				2
2026.02.17	02:43:27.788	0.76985	0.76991			6
2026.02.17	02:43:31.547		0.76990			4
2026.02.17	02:43:31.969		0.76989			4
2026.02.17	02:43:34.313	0.76984				2
2026.02.17	02:43:35.699		0.76990			4
2026.02.17	02:43:37.985	0.76985	0.76991			6
2026.02.17	02:43:38.503	0.76986				2
2026.02.17	02:43:40.449		0.76990			4
2026.02.17	02:43:41.690		0.76991			4
2026.02.17	02:43:42.151	0.76984	0.76990			6
2026.02.17	02:43:43.313	0.76985				2
2026.02.17	02:43:45.833		0.76991			4
2026.02.17	02:43:49.742	0.76986				2
2026.02.17	02:43:50.449	0.76985				2
2026.02.17	02:43:53.310	0.76987				2
2026.02.17	02:43:54.183	0.76986				2
2026.02.17	02:43:56.263	0.76989				2
2026.02.17	02:43:56.582	0.76987	0.76994			6
2026.02.17	02:43:56.992		0.76993			4
2026.02.17	02:43:57.604	0.76988				2
2026.02.17	02:43:57.911	0.76987				2
2026.02.17	02:43:58.501	0.76989				2
2026.02.17	02:44:00.091	0.76987	0.76992			6
2026.02.17	02:44:01.829	0.76989	0.76993			6
2026.02.17	02:44:02.694	0.76990	0.76994			6
2026.02.17	02:44:03.199	0.76989				2
2026.02.17	02:44:07.753	0.76990				2
2026.02.17	02:44:11.509		0.76993			4
2026.02.17	02:44:15.380	0.76991	0.76996			6
2026.02.17	02:44:20.600	0.76995	0.77000			6
2026.02.17	02:44:22.791	0.76996				2
2026.02.17	02:44:26.458		0.77001			4
2026.02.17	02:44:27.526	0.76997				2
2026.02.17	02:44:28.875		0.77002			4
2026.02.17	02:44:31.082	0.77000	0.77005			6
2026.02.17	02:44:39.904	0.77001	0.77007			6
2026.02.17	02:44:45.342	0.77002	0.77005			6
2026.02.17	02:44:46.298	0.77003	0.77007			6
2026.02.17	02:44:47.151		0.77009			4
2026.02.17	02:44:48.770	0.77006				2
2026.02.17	02:44:49.458	0.77005				2
2026.02.17	02:44:49.762	0.77004	0.77008			6
2026.02.17	02:44:51.507	0.77006	0.77012			6
2026.02.17	02:44:51.859	0.77007	0.77011			6
2026.02.17	02:44:52.231	0.77006				2
2026.02.17	02:44:53.021	0.77005	0.77010			6
2026.02.17	02:44:53.641		0.77011			4
2026.02.17	02:44:54.089	0.77006				2
2026.02.17	02:44:55.376	0.77005				2
2026.02.17	02:44:56.034	0.77004	0.77010			6
2026.02.17	02:44:56.626		0.77009			4
2026.02.17	02:44:59.122	0.77003	0.77008			6
2026.02.17	02:45:00.458	0.77003	0.77009			6
2026.02.17	02:45:02.549		0.77008			4
2026.02.17	02:45:02.859		0.77007			4
2026.02.17	02:45:03.232		0.77008			4
2026.02.17	02:45:05.769	0.77002				2
2026.02.17	02:45:06.079		0.77007			4
2026.02.17	02:45:13.064		0.77004			4
2026.02.17	02:45:13.385		0.77008			4
2026.02.17	02:45:13.692		0.77006			4
2026.02.17	02:45:15.812	0.77001				2
2026.02.17	02:45:18.776	0.77003	0.77008			6
2026.02.17	02:45:21.680	0.77004				2
2026.02.17	02:45:22.308	0.77003				2
2026.02.17	02:45:23.027	0.77004				2
2026.02.17	02:45:41.860	0.77003				2
2026.02.17	02:45:44.378	0.77002	0.77006			6
2026.02.17	02:45:44.682	0.77001	0.77007			6
2026.02.17	02:45:45.207	0.77002				2
2026.02.17	02:45:45.630		0.77006			4
2026.02.17	02:45:49.917	0.77003				2
2026.02.17	02:45:53.278	0.77002				2
2026.02.17	02:45:54.142	0.77001	0.77004			6
2026.02.17	02:45:58.419		0.77006			4
2026.02.17	02:45:59.020		0.77005			4
2026.02.17	02:46:00.635	0.77001				2
2026.02.17	02:46:03.253	0.77000				2
2026.02.17	02:46:08.870		0.77004			4
2026.02.17	02:46:10.034	0.76998	0.77002			6
2026.02.17	02:46:10.338	0.76995	0.76998			6
2026.02.17	02:46:10.668	0.76993	0.76997			6
2026.02.17	02:46:10.974	0.76991	0.76995			6
2026.02.17	02:46:14.089	0.76988	0.76993			6
2026.02.17	02:46:14.400	0.76989				2
2026.02.17	02:46:14.720	0.76987	0.76992			6
2026.02.17	02:46:15.943	0.76988				2
2026.02.17	02:46:19.049	0.76991	0.76995			6
2026.02.17	02:46:19.392	0.76993	0.76998			6
2026.02.17	02:46:20.078	0.76991	0.76995			6
2026.02.17	02:46:20.435	0.76990				2
2026.02.17	02:46:20.740		0.76994			4
2026.02.17	02:46:21.469		0.76995			4
2026.02.17	02:46:22.570		0.76994			4
2026.02.17	02:46:23.795	0.76988	0.76993			6
2026.02.17	02:46:24.104	0.76989	0.76994			6
2026.02.17	02:46:25.266	0.76990				2
2026.02.17	02:46:25.704	0.76989				2
2026.02.17	02:46:27.013	0.76990				2
2026.02.17	02:46:34.163		0.76993			4
2026.02.17	02:46:34.715		0.76994			4
2026.02.17	02:46:35.713	0.76989				2
2026.02.17	02:46:37.296	0.76988	0.76993			6
2026.02.17	02:46:37.599	0.76987				2
2026.02.17	02:46:37.974	0.76988				2
2026.02.17	02:46:40.307	0.76987				2
2026.02.17	02:46:42.515	0.76988				2
2026.02.17	02:46:52.754	0.76987	0.76991			6
2026.02.17	02:46:53.829	0.76988				2
2026.02.17	02:47:00.180	0.76990	0.76994			6
2026.02.17	02:47:00.496	0.76991				2
2026.02.17	02:47:00.823	0.76992	0.76995			6
2026.02.17	02:47:03.225		0.76996			4
2026.02.17	02:47:03.571	0.76990	0.76994			6
2026.02.17	02:47:03.879	0.76987	0.76992			6
2026.02.17	02:47:07.911		0.76993			4
2026.02.17	02:47:08.754	0.76988				2
2026.02.17	02:47:12.450	0.76987				2
2026.02.17	02:47:12.859	0.76988				2
2026.02.17	02:47:13.800	0.76990	0.76994			6
2026.02.17	02:47:14.167		0.76995			4
2026.02.17	02:47:19.467		0.76994			4
2026.02.17	02:47:22.327	0.76987	0.76993			6
2026.02.17	02:47:23.240	0.76990	0.76994			6
2026.02.17	02:47:23.546	0.76987	0.76993			6
2026.02.17	02:47:24.622		0.76992			4
2026.02.17	02:47:29.788		0.76993			4
2026.02.17	02:47:32.293		0.76992			4
2026.02.17	02:47:36.408	0.76988				2
2026.02.17	02:47:39.946	0.76989				2
2026.02.17	02:47:40.521	0.76990	0.76995			6
2026.02.17	02:47:53.443	0.76991				2
2026.02.17	02:47:54.068	0.76990				2
2026.02.17	02:47:55.602	0.76991				2
2026.02.17	02:47:57.049	0.76990				2
2026.02.17	02:47:58.916	0.76987	0.76992			6
2026.02.17	02:48:00.845	0.76987				2
2026.02.17	02:48:01.853	0.76985	0.76990			6
2026.02.17	02:48:19.256	0.76989	0.76994			6
2026.02.17	02:48:20.248	0.76987				2
2026.02.17	02:48:21.328		0.76993			4
2026.02.17	02:48:22.534	0.76986				2
2026.02.17	02:48:24.868	0.76987				2
2026.02.17	02:48:30.632	0.76988				2
2026.02.17	02:48:31.568	0.76990	0.76995			6
2026.02.17	02:48:31.888		0.76994			4
2026.02.17	02:48:33.112	0.76988	0.76993			6
2026.02.17	02:48:33.463	0.76987				2
2026.02.17	02:48:33.778	0.76986				2
2026.02.17	02:48:36.067	0.76987				2
2026.02.17	02:48:39.392	0.76989	0.76994			6
2026.02.17	02:48:40.396	0.76990				2
2026.02.17	02:48:41.729		0.76995			4
2026.02.17	02:48:43.837		0.76994			4
2026.02.17	02:48:52.921		0.76995			4
2026.02.17	02:48:55.064		0.76996			4
2026.02.17	02:48:55.945	0.76991				2
2026.02.17	02:48:58.918		0.76995			4
2026.02.17	02:48:59.223	0.76990				2
2026.02.17	02:48:59.737	0.76988	0.76994			6
2026.02.17	02:49:00.291	0.76988	0.76993			6
2026.02.17	02:49:00.999	0.76989				2
2026.02.17	02:49:24.257	0.76986	0.76992			6
2026.02.17	02:49:25.438	0.76987	0.76993			6
2026.02.17	02:49:26.470	0.76988				2
2026.02.17	02:49:27.721	0.76987				2
2026.02.17	02:49:28.316	0.76988				2
2026.02.17	02:49:30.221	0.76987				2
2026.02.17	02:49:31.178	0.76989				2
2026.02.17	02:49:31.679	0.76987	0.76991			6
2026.02.17	02:49:32.241	0.76988				2
2026.02.17	02:49:32.678	0.76989	0.76993			6
2026.02.17	02:49:33.178	0.76987				2
2026.02.17	02:49:33.689	0.76988				2
2026.02.17	02:49:34.180	0.76989				2
2026.02.17	02:49:34.681	0.76988				2
2026.02.17	02:49:35.962	0.76989				2
2026.02.17	02:49:40.149	0.76987				2
2026.02.17	02:49:46.649	0.76985	0.76990			6
2026.02.17	02:49:46.983	0.76982	0.76987			6
2026.02.17	02:49:47.314	0.76983				2
2026.02.17	02:49:50.606	0.76982				2
2026.02.17	02:49:51.178	0.76987	0.76991			6
2026.02.17	02:49:51.806	0.76988				2
2026.02.17	02:49:52.298		0.76992			4
2026.02.17	02:49:52.898	0.76987				2
2026.02.17	02:49:58.708	0.76989	0.76993			6
2026.02.17	02:50:00.430	0.76988	0.76992			6
2026.02.17	02:50:00.769	0.76987				2
2026.02.17	02:50:01.153		0.76993			4
2026.02.17	02:50:01.900	0.76988				2
2026.02.17	02:50:03.033	0.76987				2
2026.02.17	02:50:03.922	0.76988				2
2026.02.17	02:50:06.370	0.76989				2
2026.02.17	02:50:10.034	0.76987				2
2026.02.17	02:50:14.643		0.76994			4
2026.02.17	02:50:15.646	0.76988				2
2026.02.17	02:50:20.277	0.76986				2
2026.02.17	02:50:21.256	0.76987				2
2026.02.17	02:50:21.935	0.76986	0.76993			6
2026.02.17	02:50:34.630	0.76985	0.76991			6
2026.02.17	02:50:35.131	0.76980	0.76987			6
2026.02.17	02:50:40.143		0.76988			4
2026.02.17	02:50:47.633	0.76984	0.76990			6
2026.02.17	02:50:54.925		0.76991			4
2026.02.17	02:50:55.556	0.76985	0.76990			6
2026.02.17	02:50:57.806	0.76984	0.76989			6
2026.02.17	02:50:58.361		0.76990			4
2026.02.17	02:50:59.512	0.76985	0.76989			6
2026.02.17	02:51:01.840	0.76984	0.76990			6
2026.02.17	02:51:03.092		0.76988			4
2026.02.17	02:51:05.416	0.76985	0.76990			6
2026.02.17	02:51:06.367	0.76986				2
2026.02.17	02:51:08.157		0.76991			4
2026.02.17	02:51:08.525	0.76987				2
2026.02.17	02:51:09.172		0.76992			4
2026.02.17	02:51:09.501		0.76991			4
2026.02.17	02:51:10.736	0.76988				2
2026.02.17	02:51:11.492		0.76993			4
2026.02.17	02:51:18.305	0.76987	0.76991			6
2026.02.17	02:51:18.898	0.76988	0.76993			6
2026.02.17	02:51:19.992	0.76987	0.76991			6
2026.02.17	02:51:21.294		0.76990			4
2026.02.17	02:51:21.774		0.76991			4
2026.02.17	02:51:23.866		0.76992			4
2026.02.17	02:51:25.918		0.76991			4
2026.02.17	02:51:26.426	0.76986	0.76990			6
2026.02.17	02:51:26.849		0.76991			4
2026.02.17	02:51:28.325	0.76985	0.76990			6
2026.02.17	02:51:28.834	0.76986	0.76991			6
2026.02.17	02:51:29.850		0.76992			4
2026.02.17	02:51:30.703		0.76991			4
2026.02.17	02:51:33.667	0.76985	0.76989			6
2026.02.17	02:51:35.006		0.76990			4
2026.02.17	02:51:41.132	0.76986	0.76991			6
2026.02.17	02:51:45.151	0.76985	0.76992			6
2026.02.17	02:51:45.583	0.76989	0.76993			6
2026.02.17	02:51:50.975		0.76994			4
2026.02.17	02:51:52.995	0.76986	0.76993			6
2026.02.17	02:51:53.413	0.76985	0.76992			6
2026.02.17	02:51:54.015		0.76991			4
2026.02.17	02:51:54.341		0.76992			4
