<DATE>	<TIME>	<BID>	<ASK>	<LAST>	<VOLUME>	<FLAGS>
2026.04.28	00:03:31.049	0.78365	0.78671			6
2026.04.28	00:04:03.247	0.78365				2
2026.04.28	00:04:31.123		0.78671			4
2026.04.28	00:05:00.106	0.78365				2
2026.04.28	00:05:00.409		0.78648			4
2026.04.28	00:05:02.232		0.78649			4
2026.04.28	00:05:09.253	0.78382				2
2026.04.28	00:05:16.342		0.78651			4
2026.04.28	00:05:29.989		0.78637			4
2026.04.28	00:06:00.165	0.78382				2
2026.04.28	00:06:00.466		0.78656			4
2026.04.28	00:06:04.255	0.78400				2
2026.04.28	00:06:59.255	0.78398				2
2026.04.28	00:07:00.164	0.78398				2
2026.04.28	00:07:16.293		0.78656			4
2026.04.28	00:08:00.085	0.78398				2
2026.04.28	00:08:00.896		0.78561			4
2026.04.28	00:08:01.197	0.78394	0.78553			6
2026.04.28	00:08:47.409	0.78408				2
2026.04.28	00:08:47.712		0.78562			4
2026.04.28	00:08:52.848		0.78560			4
2026.04.28	00:08:53.145		0.78562			4
2026.04.28	00:09:00.073	0.78408				2
2026.04.28	00:09:08.142	0.78425				2
2026.04.28	00:09:36.241		0.78592			4
2026.04.28	00:09:36.545	0.78424	0.78680			6
2026.04.28	00:09:44.201	0.78434				2
2026.04.28	00:09:54.170	0.78444				2
2026.04.28	00:09:56.271	0.78454				2
2026.04.28	00:09:57.272	0.78464	0.78671			6
2026.04.28	00:10:00.072	0.78395	0.78680			6
2026.04.28	00:10:00.372		0.78627			4
2026.04.28	00:10:14.041	0.78427	0.78537			6
2026.04.28	00:10:27.578	0.78434	0.78544			6
2026.04.28	00:10:36.599	0.78453	0.78563			6
2026.04.28	00:10:36.900	0.78441	0.78551			6
2026.04.28	00:10:44.426	0.78434	0.78543			6
2026.04.28	00:10:55.579	0.78374	0.78652			6
2026.04.28	00:10:56.569	0.78391	0.78626			6
2026.04.28	00:11:00.167	0.78391				2
2026.04.28	00:11:14.869		0.78625			4
2026.04.28	00:12:02.672	0.78391				2
2026.04.28	00:12:07.412		0.78626			4
2026.04.28	00:12:14.831		0.78623			4
2026.04.28	00:12:21.246	0.78396				2
2026.04.28	00:12:21.546		0.78626			4
2026.04.28	00:12:26.027		0.78624			4
2026.04.28	00:12:29.200		0.78623			4
2026.04.28	00:12:33.246		0.78626			4
2026.04.28	00:12:43.967		0.78627			4
2026.04.28	00:12:55.669		0.78628			4
2026.04.28	00:13:00.107	0.78396				2
2026.04.28	00:13:04.068		0.78629			4
2026.04.28	00:13:16.547		0.78630			4
2026.04.28	00:13:28.900		0.78632			4
2026.04.28	00:13:32.267		0.78633			4
2026.04.28	00:13:50.278		0.78634			4
2026.04.28	00:14:09.370	0.78396				2
2026.04.28	00:14:36.558	0.78450				2
2026.04.28	00:14:36.916	0.78396				2
2026.04.28	00:14:37.244	0.78450				2
2026.04.28	00:14:37.651	0.78396				2
2026.04.28	00:14:37.951	0.78450				2
2026.04.28	00:14:38.288	0.78396				2
2026.04.28	00:14:38.648	0.78450				2
2026.04.28	00:14:38.985	0.78396				2
2026.04.28	00:14:39.345	0.78450				2
2026.04.28	00:14:39.688	0.78396				2
2026.04.28	00:14:40.037	0.78450				2
2026.04.28	00:14:40.387	0.78396				2
2026.04.28	00:14:44.540		0.78633			4
2026.04.28	00:15:00.078	0.78396				2
2026.04.28	00:15:06.249	0.78391				2
2026.04.28	00:15:09.361		0.78634			4
2026.04.28	00:15:43.533		0.78635			4
2026.04.28	00:16:01.249	0.78391				2
2026.04.28	00:16:07.411		0.78634			4
2026.04.28	00:16:08.281		0.78635			4
2026.04.28	00:16:48.360		0.78634			4
2026.04.28	00:16:58.667		0.78635			4
2026.04.28	00:17:06.552	0.78391				2
2026.04.28	00:17:20.868		0.78636			4
2026.04.28	00:17:29.760		0.78635			4
2026.04.28	00:17:37.067		0.78636			4
2026.04.28	00:17:55.668		0.78637			4
2026.04.28	00:18:06.167	0.78391				2
2026.04.28	00:18:16.368		0.78638			4
2026.04.28	00:18:18.837		0.78632			4
2026.04.28	00:18:19.439		0.78631			4
2026.04.28	00:18:35.868		0.78630			4
2026.04.28	00:18:46.253	0.78395				2
2026.04.28	00:18:50.963		0.78626			4
2026.04.28	00:18:58.860		0.78627			4
2026.04.28	00:19:00.105	0.78395				2
2026.04.28	00:19:02.696		0.78621			4
2026.04.28	00:19:02.997		0.78618			4
2026.04.28	00:19:06.167		0.78617			4
2026.04.28	00:19:25.952		0.78624			4
2026.04.28	00:19:30.407		0.78615			4
2026.04.28	00:19:37.368		0.78614			4
2026.04.28	00:19:39.467		0.78615			4
2026.04.28	00:19:40.069		0.78614			4
2026.04.28	00:19:40.967		0.78615			4
2026.04.28	00:19:41.267		0.78613			4
2026.04.28	00:19:42.167		0.78614			4
2026.04.28	00:19:43.967		0.78615			4
2026.04.28	00:19:44.567		0.78614			4
2026.04.28	00:19:47.267		0.78613			4
2026.04.28	00:19:48.468		0.78614			4
2026.04.28	00:20:02.266	0.78395				2
2026.04.28	00:20:17.356		0.78615			4
2026.04.28	00:20:22.356		0.78614			4
2026.04.28	00:20:34.968		0.78613			4
2026.04.28	00:21:00.074	0.78395				2
2026.04.28	00:21:00.375		0.78612			4
2026.04.28	00:21:15.559		0.78611			4
2026.04.28	00:21:17.498		0.78610			4
2026.04.28	00:21:17.798		0.78608			4
2026.04.28	00:21:22.801		0.78611			4
2026.04.28	00:21:28.367		0.78610			4
2026.04.28	00:21:37.067		0.78609			4
2026.04.28	00:22:03.467	0.78395				2
2026.04.28	00:22:11.867		0.78608			4
2026.04.28	00:22:26.258	0.78390				2
2026.04.28	00:22:26.558		0.78607			4
2026.04.28	00:22:39.136		0.78606			4
2026.04.28	00:22:46.953		0.78605			4
2026.04.28	00:22:47.253		0.78603			4
2026.04.28	00:22:52.256		0.78606			4
2026.04.28	00:23:02.267	0.78390				2
2026.04.28	00:23:11.865		0.78605			4
2026.04.28	00:23:34.966		0.78604			4
2026.04.28	00:24:01.666	0.78390				2
2026.04.28	00:24:01.967		0.78603			4
2026.04.28	00:24:11.606	0.78391	0.78602			6
2026.04.28	00:24:11.906	0.78393	0.78600			6
2026.04.28	00:24:16.609	0.78391				2
2026.04.28	00:24:16.911	0.78390	0.78603			6
2026.04.28	00:24:19.466	0.78391				2
2026.04.28	00:24:38.267		0.78602			4
2026.04.28	00:25:05.267	0.78391				2
2026.04.28	00:25:20.567	0.78392				2
2026.04.28	00:25:23.411		0.78601			4
2026.04.28	00:26:06.262	0.78392				2
2026.04.28	00:26:10.091	0.78394	0.78599			6
2026.04.28	00:26:10.391	0.78396	0.78597			6
2026.04.28	00:26:15.096	0.78394				2
2026.04.28	00:26:15.396		0.78600			4
2026.04.28	00:26:21.767	0.78393				2
2026.04.28	00:27:01.263	0.78393				2
2026.04.28	00:27:20.106		0.78600			4
2026.04.28	00:27:22.916	0.78397	0.78597			6
2026.04.28	00:27:26.567	0.78396				2
2026.04.28	00:27:27.648	0.78394				2
2026.04.28	00:27:27.954	0.78393	0.78600			6
2026.04.28	00:27:37.250	0.78395	0.78599			6
2026.04.28	00:27:39.816	0.78396	0.78597			6
2026.04.28	00:27:41.546	0.78398				2
2026.04.28	00:27:41.848	0.78389	0.78606			6
2026.04.28	00:27:42.153		0.78608			4
2026.04.28	00:27:55.741		0.78609			4
2026.04.28	00:27:57.269		0.78608			4
2026.04.28	00:27:57.571		0.78610			4
2026.04.28	00:28:00.280	0.78389				2
2026.04.28	00:28:23.856		0.78605			4
2026.04.28	00:28:31.257	0.78391	0.78602			6
2026.04.28	00:28:38.616	0.78389	0.78604			6
2026.04.28	00:28:48.634	0.78401	0.78601			6
2026.04.28	00:28:48.934	0.78411				2
2026.04.28	00:28:50.109	0.78414				2
2026.04.28	00:28:56.277		0.78607			4
2026.04.28	00:28:59.267		0.78606			4
2026.04.28	00:29:01.124	0.78415				2
2026.04.28	00:29:11.124	0.78416				2
2026.04.28	00:29:15.467		0.78605			4
2026.04.28	00:29:17.251		0.78606			4
2026.04.28	00:29:19.380		0.78605			4
2026.04.28	00:29:21.379		0.78603			4
2026.04.28	00:29:24.506		0.78604			4
2026.04.28	00:29:28.347	0.78417				2
2026.04.28	00:29:38.346	0.78418				2
2026.04.28	00:29:44.567		0.78603			4
2026.04.28	00:29:48.638	0.78419				2
2026.04.28	00:29:50.652		0.78604			4
2026.04.28	00:29:56.866		0.78605			4
2026.04.28	00:30:00.081	0.78419				2
2026.04.28	00:30:00.382	0.78414	0.78604			6
2026.04.28	00:30:02.793	0.78408	0.78602			6
2026.04.28	00:30:03.524		0.78601			4
2026.04.28	00:30:07.668		0.78600			4
2026.04.28	00:30:16.472		0.78602			4
2026.04.28	00:30:19.358		0.78603			4
2026.04.28	00:30:20.855		0.78601			4
2026.04.28	00:31:02.530	0.78408				2
2026.04.28	00:31:03.133		0.78602			4
2026.04.28	00:31:03.435		0.78593			4
2026.04.28	00:31:03.739		0.78590			4
2026.04.28	00:31:06.463	0.78427	0.78595			6
2026.04.28	00:31:07.374	0.78431	0.78592			6
2026.04.28	00:31:07.674	0.78415				2
2026.04.28	00:31:08.654	0.78416	0.78594			6
2026.04.28	00:31:09.467		0.78593			4
2026.04.28	00:31:10.667	0.78417				2
2026.04.28	00:31:11.050	0.78418				2
2026.04.28	00:31:11.351		0.78592			4
2026.04.28	00:31:12.003	0.78417	0.78593			6
2026.04.28	00:31:15.467		0.78592			4
2026.04.28	00:31:16.968	0.78418				2
2026.04.28	00:31:18.574	0.78430				2
2026.04.28	00:31:19.424	0.78432				2
2026.04.28	00:31:19.725	0.78431	0.78591			6
2026.04.28	00:31:20.866	0.78432				2
2026.04.28	00:31:21.167		0.78590			4
2026.04.28	00:31:22.291	0.78431				2
2026.04.28	00:31:22.592		0.78591			4
2026.04.28	00:31:25.067	0.78432				2
2026.04.28	00:31:25.366		0.78590			4
2026.04.28	00:31:26.554	0.78431	0.78591			6
2026.04.28	00:31:26.854	0.78408	0.78589			6
2026.04.28	00:31:28.367		0.78588			4
2026.04.28	00:31:29.568	0.78409				2
2026.04.28	00:31:35.473	0.78412	0.78585			6
2026.04.28	00:31:35.775	0.78411	0.78586			6
2026.04.28	00:31:36.651	0.78408	0.78588			6
2026.04.28	00:31:36.953	0.78431				2
2026.04.28	00:31:46.056	0.78432				2
2026.04.28	00:31:46.358	0.78431	0.78587			6
2026.04.28	00:31:47.567	0.78432				2
2026.04.28	00:31:55.366		0.78586			4
2026.04.28	00:31:59.868	0.78433				2
2026.04.28	00:32:00.467	0.78433				2
2026.04.28	00:32:03.773	0.78435	0.78584			6
2026.04.28	00:32:10.968	0.78436	0.78583			6
2026.04.28	00:32:11.983	0.78425	0.78581			6
2026.04.28	00:32:13.080	0.78419	0.78582			6
2026.04.28	00:32:19.666	0.78420				2
2026.04.28	00:32:21.466		0.78581			4
2026.04.28	00:32:25.262	0.78412				2
2026.04.28	00:32:26.321	0.78414	0.78579			6
2026.04.28	00:32:29.269	0.78424				2
2026.04.28	00:32:29.871	0.78431				2
2026.04.28	00:32:31.492	0.78426	0.78577			6
2026.04.28	00:32:32.127	0.78428	0.78575			6
2026.04.28	00:32:32.427	0.78427	0.78576			6
2026.04.28	00:32:34.797	0.78428	0.78575			6
2026.04.28	00:32:37.211	0.78427				2
2026.04.28	00:32:37.513	0.78428				2
2026.04.28	00:32:39.901	0.78427	0.78576			6
2026.04.28	00:32:40.966	0.78428				2
2026.04.28	00:32:41.267		0.78575			4
2026.04.28	00:32:46.667	0.78425	0.78578			6
2026.04.28	00:32:48.076	0.78423				2
2026.04.28	00:32:48.377	0.78421	0.78582			6
2026.04.28	00:32:50.681	0.78423	0.78580			6
2026.04.28	00:32:53.513	0.78422	0.78581			6
2026.04.28	00:32:53.814	0.78421	0.78582			6
2026.04.28	00:32:54.167	0.78422				2
2026.04.28	00:32:54.467		0.78581			4
2026.04.28	00:33:00.012	0.78420				2
2026.04.28	00:33:01.366	0.78419				2
2026.04.28	00:33:04.067	0.78420				2
2026.04.28	00:33:09.156	0.78421				2
2026.04.28	00:33:09.459		0.78579			4
2026.04.28	00:33:12.166	0.78422				2
2026.04.28	00:33:22.547	0.78441				2
2026.04.28	00:33:27.167		0.78578			4
2026.04.28	00:33:54.467	0.78442				2
2026.04.28	00:34:01.367	0.78441				2
2026.04.28	00:34:03.467		0.78577			4
2026.04.28	00:34:08.266	0.78442				2
2026.04.28	00:34:21.627	0.78441				2
2026.04.28	00:34:21.926	0.78439	0.78579			6
2026.04.28	00:34:27.167	0.78440				2
2026.04.28	00:34:31.667	0.78439				2
2026.04.28	00:34:33.075	0.78441	0.78578			6
2026.04.28	00:34:33.378	0.78443	0.78575			6
2026.04.28	00:34:33.678	0.78444				2
2026.04.28	00:34:41.567		0.78574			4
2026.04.28	00:34:42.731	0.78446	0.78573			6
2026.04.28	00:34:43.031	0.78447	0.78572			6
2026.04.28	00:34:46.609	0.78448				2
2026.04.28	00:34:46.913		0.78571			4
2026.04.28	00:34:47.743	0.78449	0.78570			6
2026.04.28	00:34:48.044	0.78450	0.78568			6
2026.04.28	00:34:48.747	0.78451	0.78567			6
2026.04.28	00:34:50.567	0.78452				2
2026.04.28	00:34:52.240	0.78455				2
2026.04.28	00:35:01.203	0.78455				2
2026.04.28	00:35:05.443	0.78456	0.78566			6
2026.04.28	00:35:07.698	0.78451	0.78568			6
2026.04.28	00:35:15.718		0.78567			4
2026.04.28	00:35:16.526	0.78446	0.78564			6
2026.04.28	00:35:29.784	0.78447	0.78563			6
2026.04.28	00:35:39.941		0.78564			4
2026.04.28	00:35:56.523		0.78563			4
2026.04.28	00:35:57.965	0.78452	0.78562			6
2026.04.28	00:35:58.263	0.78445				2
2026.04.28	00:35:58.866	0.78447	0.78560			6
2026.04.28	00:36:00.167	0.78446				2
2026.04.28	00:36:00.468		0.78561			4
2026.04.28	00:36:01.375	0.78430	0.78577			6
2026.04.28	00:36:08.115	0.78429				2
2026.04.28	00:36:08.415	0.78427	0.78580			6
2026.04.28	00:36:11.184	0.78426				2
2026.04.28	00:36:11.484		0.78581			4
2026.04.28	00:36:16.967	0.78425	0.78582			6
2026.04.28	00:36:22.291	0.78427	0.78580			6
2026.04.28	00:36:23.191	0.78428	0.78579			6
2026.04.28	00:36:24.392	0.78429	0.78578			6
2026.04.28	00:36:27.076	0.78430	0.78577			6
2026.04.28	00:36:27.380	0.78443	0.78564			6
2026.04.28	00:36:27.682	0.78437	0.78570			6
2026.04.28	00:36:27.983	0.78436	0.78571			6
2026.04.28	00:36:34.081	0.78432	0.78575			6
2026.04.28	00:36:34.381	0.78430	0.78577			6
2026.04.28	00:36:34.681	0.78438	0.78569			6
2026.04.28	00:36:34.982	0.78439	0.78568			6
2026.04.28	00:36:48.687	0.78440	0.78567			6
2026.04.28	00:37:01.668	0.78439				2
2026.04.28	00:37:01.968		0.78568			4
2026.04.28	00:37:08.325	0.78448	0.78567			6
2026.04.28	00:37:37.367		0.78566			4
2026.04.28	00:37:58.486		0.78567			4
2026.04.28	00:37:59.700	0.78441	0.78569			6
2026.04.28	00:38:00.113	0.78441				2
2026.04.28	00:38:00.414	0.78442	0.78568			6
2026.04.28	00:38:00.714	0.78443	0.78567			6
2026.04.28	00:38:14.378	0.78448	0.78562			6
2026.04.28	00:38:15.073	0.78449				2
2026.04.28	00:38:15.374		0.78561			4
2026.04.28	00:38:23.094	0.78452	0.78558			6
2026.04.28	00:38:23.696	0.78447	0.78563			6
2026.04.28	00:38:23.997	0.78440	0.78570			6
2026.04.28	00:38:34.840	0.78438				2
2026.04.28	00:38:42.659	0.78453	0.78565			6
2026.04.28	00:38:43.384	0.78454				2
2026.04.28	00:38:43.683	0.78450	0.78567			6
2026.04.28	00:38:44.742	0.78449	0.78569			6
2026.04.28	00:38:45.043	0.78447	0.78570			6
2026.04.28	00:38:46.842	0.78446				2
2026.04.28	00:38:47.143	0.78445	0.78573			6
2026.04.28	00:38:50.122	0.78444				2
2026.04.28	00:38:50.425		0.78574			4
2026.04.28	00:38:52.820	0.78443				2
2026.04.28	00:38:53.121	0.78433				2
2026.04.28	00:38:55.544	0.78432	0.78575			6
2026.04.28	00:38:58.632	0.78417	0.78577			6
2026.04.28	00:39:00.379	0.78417				2
2026.04.28	00:39:00.681		0.78576			4
2026.04.28	00:39:00.980	0.78416	0.78577			6
2026.04.28	00:39:02.268	0.78437				2
2026.04.28	00:39:03.762	0.78435	0.78569			6
2026.04.28	00:39:04.063	0.78433	0.78571			6
2026.04.28	00:39:04.364	0.78428	0.78576			6
2026.04.28	00:39:04.665	0.78430	0.78575			6
2026.04.28	00:39:06.594	0.78432				2
2026.04.28	00:39:10.067	0.78433				2
2026.04.28	00:39:11.699	0.78431	0.78573			6
2026.04.28	00:39:27.372	0.78432	0.78572			6
2026.04.28	00:39:42.795	0.78429				2
2026.04.28	00:39:43.096		0.78575			4
2026.04.28	00:40:00.106	0.78429				2
2026.04.28	00:40:03.080	0.78430				2
2026.04.28	00:40:03.379	0.78447	0.78560			6
2026.04.28	00:40:03.680	0.78427				2
2026.04.28	00:40:04.355	0.78430				2
2026.04.28	00:40:04.655		0.78557			4
2026.04.28	00:40:05.339	0.78431				2
2026.04.28	00:40:05.639		0.78556			4
2026.04.28	00:40:05.939	0.78426	0.78565			6
2026.04.28	00:40:06.239	0.78418	0.78569			6
2026.04.28	00:40:08.712	0.78433	0.78571			6
2026.04.28	00:40:09.012	0.78432	0.78572			6
2026.04.28	00:40:09.314	0.78425				2
2026.04.28	00:40:09.614	0.78414				2
2026.04.28	00:40:09.915	0.78412	0.78571			6
2026.04.28	00:40:10.216	0.78410	0.78574			6
2026.04.28	00:40:14.138		0.78573			4
2026.04.28	00:40:16.072		0.78574			4
2026.04.28	00:40:20.568		0.78573			4
2026.04.28	00:40:23.430	0.78426	0.78577			6
2026.04.28	00:40:24.773	0.78427				2
2026.04.28	00:40:45.434	0.78433	0.78575			6
2026.04.28	00:40:49.946	0.78432				2
2026.04.28	00:40:50.247		0.78576			4
2026.04.28	00:41:00.169	0.78432				2
2026.04.28	00:41:07.221		0.78577			4
2026.04.28	00:41:13.463		0.78576			4
2026.04.28	00:41:29.567		0.78577			4
2026.04.28	00:41:41.365	0.78420				2
2026.04.28	00:41:45.378	0.78438	0.78559			6
2026.04.28	00:41:45.679	0.78440	0.78557			6
2026.04.28	00:41:46.080	0.78442				2
2026.04.28	00:41:46.380	0.78439	0.78558			6
2026.04.28	00:41:46.680		0.78557			4
2026.04.28	00:41:47.380		0.78558			4
2026.04.28	00:41:48.475	0.78430	0.78566			6
2026.04.28	00:41:48.778	0.78431				2
2026.04.28	00:41:49.577	0.78427				2
2026.04.28	00:41:49.878		0.78570			4
2026.04.28	00:41:50.179	0.78424	0.78573			6
2026.04.28	00:41:57.086	0.78421				2
2026.04.28	00:41:57.387	0.78425	0.78572			6
2026.04.28	00:42:00.467	0.78424				2
2026.04.28	00:42:15.766		0.78573			4
2026.04.28	00:42:34.258	0.78425	0.78572			6
2026.04.28	00:42:50.407	0.78424	0.78573			6
2026.04.28	00:43:03.104	0.78424				2
2026.04.28	00:43:09.985	0.78435	0.78574			6
2026.04.28	00:43:13.968		0.78573			4
2026.04.28	00:43:27.284	0.78444	0.78565			6
2026.04.28	00:43:27.584	0.78438	0.78571			6
2026.04.28	00:43:28.186	0.78439	0.78570			6
2026.04.28	00:43:31.840	0.78432	0.78577			6
2026.04.28	00:43:32.140	0.78438	0.78570			6
2026.04.28	00:43:36.097	0.78433				2
2026.04.28	00:43:36.399	0.78422	0.78573			6
2026.04.28	00:43:38.846	0.78421	0.78574			6
2026.04.28	00:43:41.867	0.78422				2
2026.04.28	00:43:42.167		0.78573			4
2026.04.28	00:43:51.899	0.78421	0.78574			6
2026.04.28	00:43:53.837	0.78418	0.78577			6
2026.04.28	00:43:54.137	0.78427	0.78568			6
2026.04.28	00:43:54.440	0.78416	0.78579			6
2026.04.28	00:43:54.740	0.78412	0.78583			6
2026.04.28	00:44:00.072	0.78412				2
2026.04.28	00:44:09.260	0.78411	0.78584			6
2026.04.28	00:44:16.385	0.78412	0.78583			6
2026.04.28	00:44:40.951	0.78424	0.78584			6
2026.04.28	00:44:47.464	0.78423				2
2026.04.28	00:44:48.467	0.78424				2
2026.04.28	00:45:00.773	0.78423				2
2026.04.28	00:45:01.076		0.78585			4
2026.04.28	00:45:02.147	0.78410	0.78597			6
2026.04.28	00:45:02.450	0.78456	0.78563			6
2026.04.28	00:45:04.859	0.78423	0.78585			6
2026.04.28	00:45:06.882	0.78422				2
2026.04.28	00:45:11.567	0.78423				2
2026.04.28	00:45:16.331	0.78422				2
2026.04.28	00:45:20.281	0.78434	0.78576			6
2026.04.28	00:45:21.167	0.78433	0.78577			6
2026.04.28	00:45:33.076	0.78434	0.78576			6
2026.04.28	00:45:33.377	0.78450	0.78560			6
2026.04.28	00:45:33.677	0.78440	0.78570			6
2026.04.28	00:45:33.980	0.78435	0.78575			6
2026.04.28	00:45:37.846	0.78433				2
2026.04.28	00:45:38.147	0.78432	0.78578			6
2026.04.28	00:45:56.000	0.78431				2
2026.04.28	00:45:56.300	0.78435	0.78575			6
2026.04.28	00:45:57.767	0.78434				2
2026.04.28	00:45:58.067		0.78576			4
2026.04.28	00:46:00.566	0.78434				2
2026.04.28	00:46:00.872	0.78433				2
2026.04.28	00:46:01.172		0.78577			4
2026.04.28	00:46:01.475	0.78429	0.78581			6
2026.04.28	00:46:22.067	0.78430	0.78580			6
2026.04.28	00:46:25.627	0.78426	0.78581			6
2026.04.28	00:46:30.167		0.78580			4
2026.04.28	00:47:00.067	0.78426				2
2026.04.28	00:47:02.163	0.78414	0.78593			6
2026.04.28	00:47:02.466	0.78460	0.78555			6
2026.04.28	00:47:04.568	0.78426	0.78580			6
2026.04.28	00:47:16.110	0.78430				2
2026.04.28	00:47:16.409	0.78435				2
2026.04.28	00:47:20.065	0.78426				2
2026.04.28	00:47:30.469	0.78427				2
2026.04.28	00:47:35.375	0.78448	0.78559			6
2026.04.28	00:47:35.676	0.78445	0.78562			6
2026.04.28	00:47:37.551	0.78444				2
2026.04.28	00:47:37.852	0.78443	0.78564			6
2026.04.28	00:47:38.152	0.78441	0.78566			6
2026.04.28	00:47:38.454	0.78433	0.78574			6
2026.04.28	00:47:38.754	0.78431	0.78576			6
2026.04.28	00:47:45.620	0.78427	0.78580			6
2026.04.28	00:47:47.570		0.78579			4
2026.04.28	00:47:54.297	0.78452				2
2026.04.28	00:47:54.606	0.78427				2
2026.04.28	00:47:54.952	0.78452				2
2026.04.28	00:47:55.255	0.78427				2
2026.04.28	00:47:55.556	0.78452				2
2026.04.28	00:47:56.158	0.78427				2
2026.04.28	00:47:56.758	0.78452				2
2026.04.28	00:47:57.085	0.78427				2
2026.04.28	00:47:57.385	0.78452				2
2026.04.28	00:47:57.691	0.78427				2
2026.04.28	00:48:00.106	0.78427				2
2026.04.28	00:48:10.573	0.78436				2
2026.04.28	00:48:33.468		0.78580			4
2026.04.28	00:48:35.355	0.78434	0.78567			6
2026.04.28	00:48:35.655	0.78427	0.78574			6
2026.04.28	00:48:35.955	0.78434	0.78567			6
2026.04.28	00:48:36.255	0.78427	0.78574			6
2026.04.28	00:48:40.668	0.78426				2
2026.04.28	00:48:40.968		0.78575			4
2026.04.28	00:48:50.611	0.78423				2
2026.04.28	00:48:50.913	0.78428	0.78573			6
2026.04.28	00:49:00.107	0.78428				2
2026.04.28	00:49:10.351	0.78439				2
2026.04.28	00:49:16.118	0.78435				2
2026.04.28	00:49:16.418	0.78427				2
2026.04.28	00:49:35.424	0.78430				2
2026.04.28	00:49:40.651	0.78427				2
2026.04.28	00:49:51.767	0.78426	0.78573			6
2026.04.28	00:50:02.203	0.78427				2
2026.04.28	00:50:05.193		0.78579			4
2026.04.28	00:50:07.050	0.78424				2
2026.04.28	00:50:07.353	0.78429				2
2026.04.28	00:50:20.361	0.78432				2
2026.04.28	00:50:20.661		0.78576			4
2026.04.28	00:50:30.076	0.78433	0.78575			6
2026.04.28	00:50:30.377	0.78445	0.78563			6
2026.04.28	00:50:30.680	0.78449	0.78558			6
2026.04.28	00:50:31.668		0.78557			4
2026.04.28	00:50:35.366		0.78555			4
2026.04.28	00:50:35.967	0.78436	0.78567			6
2026.04.28	00:50:39.466		0.78568			4
2026.04.28	00:50:41.100	0.78434				2
2026.04.28	00:50:41.401	0.78432	0.78571			6
2026.04.28	00:51:01.124	0.78432				2
2026.04.28	00:51:02.211	0.78431				2
2026.04.28	00:51:02.511		0.78573			4
2026.04.28	00:51:02.811		0.78572			4
2026.04.28	00:51:05.956	0.78432	0.78571			6
2026.04.28	00:51:06.395	0.78428				2
2026.04.28	00:51:06.695	0.78427	0.78576			6
2026.04.28	00:51:06.996	0.78422	0.78581			6
2026.04.28	00:51:21.767	0.78421				2
2026.04.28	00:51:33.060	0.78431				2
2026.04.28	00:51:48.766	0.78430				2
2026.04.28	00:51:49.067		0.78582			4
2026.04.28	00:52:01.967	0.78430				2
2026.04.28	00:52:29.055	0.78429				2
2026.04.28	00:52:29.357		0.78583			4
2026.04.28	00:52:32.966	0.78428				2
2026.04.28	00:52:33.267		0.78584			4
2026.04.28	00:52:45.077	0.78434	0.78578			6
2026.04.28	00:52:46.494	0.78430				2
2026.04.28	00:52:46.796		0.78582			4
2026.04.28	00:52:56.882	0.78434				2
2026.04.28	00:52:57.183		0.78578			4
2026.04.28	00:52:57.484	0.78430	0.78582			6
2026.04.28	00:53:04.678	0.78430				2
2026.04.28	00:53:05.282	0.78421				2
2026.04.28	00:53:11.126	0.78425				2
2026.04.28	00:53:11.434		0.78578			4
2026.04.28	00:53:11.735	0.78424	0.78579			6
2026.04.28	00:53:12.314	0.78420	0.78582			6
2026.04.28	00:53:12.615	0.78419	0.78583			6
2026.04.28	00:53:15.696		0.78584			4
2026.04.28	00:53:25.487		0.78583			4
2026.04.28	00:53:27.103		0.78584			4
2026.04.28	00:53:35.985	0.78423				2
2026.04.28	00:53:36.285	0.78424	0.78579			6
2026.04.28	00:53:37.666	0.78423				2
2026.04.28	00:53:37.967	0.78419	0.78583			6
2026.04.28	00:53:50.867		0.78584			4
2026.04.28	00:53:53.555	0.78423	0.78579			6
2026.04.28	00:54:00.395	0.78424				2
2026.04.28	00:54:04.068	0.78423				2
2026.04.28	00:54:04.367		0.78580			4
2026.04.28	00:54:10.366		0.78579			4
2026.04.28	00:54:11.076	0.78420				2
2026.04.28	00:54:11.376	0.78426	0.78577			6
2026.04.28	00:54:12.757	0.78422				2
2026.04.28	00:54:13.056	0.78429	0.78574			6
2026.04.28	00:54:13.359	0.78424	0.78578			6
2026.04.28	00:54:14.326	0.78425				2
2026.04.28	00:54:15.167	0.78424				2
2026.04.28	00:54:18.659	0.78426	0.78581			6
2026.04.28	00:54:21.488	0.78430				2
2026.04.28	00:54:21.786		0.78577			4
2026.04.28	00:54:23.415	0.78411	0.78576			6
2026.04.28	00:54:24.064	0.78408				2
2026.04.28	00:54:24.364		0.78580			4
2026.04.28	00:54:33.807		0.78582			4
2026.04.28	00:54:34.108		0.78586			4
2026.04.28	00:54:36.764		0.78582			4
2026.04.28	00:54:40.667		0.78586			4
2026.04.28	00:54:47.567		0.78587			4
2026.04.28	00:54:51.378		0.78582			4
2026.04.28	00:54:51.679		0.78585			4
2026.04.28	00:54:53.546	0.78420	0.78578			6
2026.04.28	00:54:57.689	0.78416	0.78582			6
2026.04.28	00:54:58.290	0.78415				2
2026.04.28	00:54:58.591	0.78414				2
2026.04.28	00:55:00.543	0.78414				2
2026.04.28	00:55:00.844	0.78436	0.78561			6
2026.04.28	00:55:06.049		0.78562			4
2026.04.28	00:55:06.350	0.78437	0.78561			6
2026.04.28	00:55:08.395	0.78446	0.78564			6
2026.04.28	00:55:14.877	0.78447	0.78563			6
2026.04.28	00:55:16.081	0.78446	0.78564			6
2026.04.28	00:55:26.607	0.78431	0.78611			6
2026.04.28	00:55:26.909	0.78432	0.78615			6
2026.04.28	00:55:27.210	0.78435				2
2026.04.28	00:55:27.510	0.78437	0.78613			6
2026.04.28	00:55:27.811	0.78417	0.78633			6
2026.04.28	00:55:28.112	0.78422	0.78628			6
2026.04.28	00:55:28.414	0.78424	0.78626			6
2026.04.28	00:55:28.714	0.78428	0.78622			6
2026.04.28	00:55:29.015	0.78429	0.78621			6
2026.04.28	00:55:29.916	0.78432	0.78618			6
2026.04.28	00:55:30.218	0.78431	0.78616			6
2026.04.28	00:55:30.517	0.78432				2
2026.04.28	00:55:30.817	0.78433	0.78613			6
2026.04.28	00:55:31.722	0.78434				2
2026.04.28	00:55:32.326	0.78435	0.78611			6
2026.04.28	00:55:33.227	0.78418	0.78612			6
2026.04.28	00:55:33.528	0.78403	0.78610			6
2026.04.28	00:55:35.638		0.78604			4
2026.04.28	00:55:35.938		0.78605			4
2026.04.28	00:55:36.239		0.78611			4
2026.04.28	00:55:36.540		0.78609			4
2026.04.28	00:55:36.841		0.78608			4
2026.04.28	00:55:37.746		0.78607			4
2026.04.28	00:55:38.049		0.78608			4
2026.04.28	00:55:38.349		0.78604			4
2026.04.28	00:55:38.650		0.78610			4
2026.04.28	00:55:38.951		0.78611			4
2026.04.28	00:55:39.254		0.78606			4
2026.04.28	00:55:39.555		0.78624			4
2026.04.28	00:55:40.456		0.78619			4
2026.04.28	00:55:40.755		0.78618			4
2026.04.28	00:55:41.056		0.78605			4
2026.04.28	00:55:41.356		0.78614			4
2026.04.28	00:55:41.657		0.78613			4
2026.04.28	00:55:41.958		0.78620			4
2026.04.28	00:55:42.259		0.78616			4
2026.04.28	00:55:43.462	0.78404				2
2026.04.28	00:55:43.762	0.78403	0.78617			6
2026.04.28	00:55:44.364	0.78408	0.78598			6
2026.04.28	00:55:45.267	0.78403				2
2026.04.28	00:55:45.568	0.78408	0.78599			6
2026.04.28	00:55:45.871	0.78403				2
2026.04.28	00:55:53.990		0.78600			4
2026.04.28	00:55:54.590		0.78599			4
2026.04.28	00:55:54.891		0.78597			4
2026.04.28	00:55:57.596		0.78598			4
2026.04.28	00:55:58.497		0.78597			4
2026.04.28	00:55:59.097		0.78594			4
2026.04.28	00:55:59.397		0.78597			4
2026.04.28	00:56:00.300	0.78403				2
2026.04.28	00:56:03.915	0.78409	0.78598			6
2026.04.28	00:56:04.215	0.78422				2
2026.04.28	00:56:04.517	0.78410				2
2026.04.28	00:56:05.418	0.78411	0.78597			6
2026.04.28	00:56:08.435	0.78410	0.78598			6
2026.04.28	00:56:08.735	0.78411	0.78597			6
2026.04.28	00:56:10.537	0.78410	0.78598			6
2026.04.28	00:56:12.949	0.78422				2
2026.04.28	00:56:13.249	0.78414	0.78594			6
2026.04.28	00:56:13.553	0.78415	0.78593			6
2026.04.28	00:56:13.855	0.78414	0.78594			6
2026.04.28	00:56:16.863	0.78412	0.78596			6
2026.04.28	00:56:17.468	0.78411	0.78597			6
2026.04.28	00:56:18.070	0.78413	0.78595			6
2026.04.28	00:56:18.370	0.78415	0.78593			6
2026.04.28	00:56:18.672	0.78414	0.78594			6
2026.04.28	00:56:18.978	0.78413	0.78595			6
2026.04.28	00:56:19.879	0.78411	0.78597			6
2026.04.28	00:56:22.285	0.78412	0.78596			6
2026.04.28	00:56:22.886	0.78415	0.78593			6
2026.04.28	00:56:23.790	0.78412	0.78596			6
2026.04.28	00:56:24.691	0.78411	0.78597			6
2026.04.28	00:56:25.593	0.78413	0.78595			6
2026.04.28	00:56:25.893	0.78410	0.78598			6
2026.04.28	00:56:26.797	0.78455	0.78594			6
2026.04.28	00:56:27.397	0.78454				2
2026.04.28	00:56:27.698	0.78449				2
2026.04.28	00:56:27.998	0.78454				2
2026.04.28	00:56:28.298	0.78463	0.78597			6
2026.04.28	00:56:28.599	0.78450	0.78594			6
2026.04.28	00:56:28.901	0.78453	0.78595			6
2026.04.28	00:56:29.201	0.78417				2
2026.04.28	00:56:29.502	0.78450				2
2026.04.28	00:56:29.802	0.78462				2
2026.04.28	00:56:30.102	0.78447				2
2026.04.28	00:56:30.403	0.78445	0.78597			6
2026.04.28	00:56:30.703	0.78415	0.78596			6
2026.04.28	00:56:31.006	0.78446				2
2026.04.28	00:56:31.310	0.78457	0.78597			6
2026.04.28	00:56:31.610	0.78446	0.78596			6
2026.04.28	00:56:31.915	0.78444	0.78598			6
2026.04.28	00:56:32.215	0.78415	0.78596			6
2026.04.28	00:56:32.515	0.78445	0.78597			6
2026.04.28	00:56:32.816	0.78458	0.78596			6
2026.04.28	00:56:33.116	0.78446				2
2026.04.28	00:56:33.416	0.78443	0.78599			6
2026.04.28	00:56:33.716	0.78413				2
2026.04.28	00:56:34.019	0.78443				2
2026.04.28	00:56:34.317	0.78458	0.78596			6
2026.04.28	00:56:34.617	0.78442	0.78600			6
2026.04.28	00:56:34.918	0.78441	0.78601			6
2026.04.28	00:56:35.219	0.78415				2
2026.04.28	00:56:35.518	0.78441				2
2026.04.28	00:56:35.822	0.78453				2
2026.04.28	00:56:36.119	0.78441				2
2026.04.28	00:56:36.719	0.78415	0.78597			6
2026.04.28	00:56:37.020	0.78441	0.78601			6
2026.04.28	00:56:37.320	0.78453				2
2026.04.28	00:56:37.621	0.78441				2
2026.04.28	00:56:38.225	0.78410				2
2026.04.28	00:56:38.527	0.78441				2
2026.04.28	00:56:38.826	0.78453				2
2026.04.28	00:56:39.128	0.78440	0.78602			6
2026.04.28	00:56:39.428	0.78441	0.78600			6
2026.04.28	00:56:39.729	0.78427	0.78601			6
2026.04.28	00:56:40.029	0.78441				2
2026.04.28	00:56:40.330	0.78455	0.78598			6
2026.04.28	00:56:40.632	0.78443	0.78599			6
2026.04.28	00:56:41.234	0.78444	0.78598			6
2026.04.28	00:56:42.738	0.78430				2
2026.04.28	00:56:43.038	0.78444				2
2026.04.28	00:56:43.639	0.78440				2
2026.04.28	00:56:43.940	0.78444				2
2026.04.28	00:56:45.141	0.78440				2
2026.04.28	00:56:45.440	0.78443	0.78599			6
2026.04.28	00:56:45.741	0.78442	0.78598			6
2026.04.28	00:56:46.040	0.78443	0.78599			6
2026.04.28	00:56:46.341	0.78444	0.78598			6
2026.04.28	00:56:46.641	0.78440				2
2026.04.28	00:56:46.941	0.78443	0.78599			6
2026.04.28	00:56:48.144	0.78439				2
2026.04.28	00:56:48.444	0.78443				2
2026.04.28	00:56:49.647	0.78439				2
2026.04.28	00:56:49.949	0.78443				2
2026.04.28	00:56:51.152	0.78439				2
2026.04.28	00:56:51.453	0.78444	0.78598			6
2026.04.28	00:56:51.756	0.78443	0.78599			6
2026.04.28	00:56:52.659	0.78439				2
2026.04.28	00:56:52.960	0.78443				2
2026.04.28	00:56:54.160	0.78439				2
2026.04.28	00:56:54.460	0.78443				2
2026.04.28	00:56:54.760	0.78442	0.78600			6
2026.04.28	00:56:55.362	0.78447				2
2026.04.28	00:56:57.467	0.78443				2
2026.04.28	00:56:57.767	0.78447				2
2026.04.28	00:56:58.067	0.78451				2
2026.04.28	00:57:00.173	0.78451				2
2026.04.28	00:57:00.473	0.78450				2
2026.04.28	00:57:00.773	0.78451	0.78599			6
2026.04.28	00:57:01.377		0.78600			4
2026.04.28	00:57:02.278	0.78433				2
2026.04.28	00:57:02.578	0.78446	0.78604			6
2026.04.28	00:57:02.878	0.78452	0.78599			6
2026.04.28	00:57:03.179	0.78455	0.78596			6
2026.04.28	00:57:03.479	0.78450	0.78601			6
2026.04.28	00:57:04.384	0.78436				2
2026.04.28	00:57:04.683	0.78450				2
2026.04.28	00:57:06.488	0.78443				2
2026.04.28	00:57:06.789	0.78450				2
2026.04.28	00:57:11.001		0.78600			4
2026.04.28	00:57:12.503	0.78451				2
2026.04.28	00:57:16.410	0.78450				2
2026.04.28	00:57:16.710	0.78449	0.78602			6
2026.04.28	00:57:17.010	0.78450	0.78600			6
2026.04.28	00:57:17.312	0.78417				2
2026.04.28	00:57:17.613	0.78455				2
2026.04.28	00:57:17.913	0.78450				2
2026.04.28	00:57:18.214	0.78455				2
2026.04.28	00:57:18.513	0.78452	0.78599			6
2026.04.28	00:57:19.415	0.78443	0.78600			6
2026.04.28	00:57:19.715	0.78450				2
2026.04.28	00:57:20.015	0.78453				2
2026.04.28	00:57:21.816	0.78452	0.78601			6
2026.04.28	00:57:23.024		0.78602			4
2026.04.28	00:57:23.930		0.78601			4
2026.04.28	00:57:24.533		0.78602			4
2026.04.28	00:57:24.834	0.78451				2
2026.04.28	00:57:25.735	0.78447	0.78601			6
2026.04.28	00:57:26.036	0.78446	0.78602			6
2026.04.28	00:57:26.336	0.78426				2
2026.04.28	00:57:26.636	0.78446				2
2026.04.28	00:57:27.845	0.78436				2
2026.04.28	00:57:28.147	0.78446				2
2026.04.28	00:57:28.455	0.78434				2
2026.04.28	00:57:29.959	0.78414				2
2026.04.28	00:57:30.259	0.78448				2
2026.04.28	00:57:30.559	0.78441				2
2026.04.28	00:57:30.860	0.78448				2
2026.04.28	00:57:34.473	0.78414				2
2026.04.28	00:57:34.774	0.78448				2
2026.04.28	00:57:36.581	0.78434				2
2026.04.28	00:57:36.881	0.78448				2
2026.04.28	00:57:39.886	0.78449				2
2026.04.28	00:57:41.689	0.78442				2
2026.04.28	00:57:41.989	0.78449				2
2026.04.28	00:57:47.402		0.78601			4
2026.04.28	00:57:48.912		0.78602			4
2026.04.28	00:57:49.513	0.78415				2
2026.04.28	00:57:49.814	0.78452	0.78598			6
2026.04.28	00:57:50.416	0.78449	0.78601			6
2026.04.28	00:57:51.624	0.78442				2
2026.04.28	00:57:51.926	0.78450				2
2026.04.28	00:57:52.527	0.78449				2
2026.04.28	00:57:53.733	0.78442				2
2026.04.28	00:57:54.035	0.78449				2
2026.04.28	00:57:57.641		0.78602			4
2026.04.28	00:58:00.050	0.78443				2
2026.04.28	00:58:00.652	0.78436				2
2026.04.28	00:58:00.952	0.78443				2
2026.04.28	00:58:04.559	0.78409				2
2026.04.28	00:58:04.860	0.78443				2
2026.04.28	00:58:06.665	0.78436				2
2026.04.28	00:58:06.966	0.78443				2
2026.04.28	00:58:10.875		0.78603			4
2026.04.28	00:58:13.279	0.78442				2
2026.04.28	00:58:14.181	0.78448	0.78598			6
2026.04.28	00:58:16.285		0.78597			4
2026.04.28	00:58:16.586		0.78598			4
2026.04.28	00:58:17.488	0.78445	0.78599			6
2026.04.28	00:58:17.789		0.78600			4
2026.04.28	00:58:18.088	0.78444	0.78601			6
2026.04.28	00:58:19.591	0.78427				2
2026.04.28	00:58:19.891	0.78444				2
2026.04.28	00:58:21.697	0.78411				2
2026.04.28	00:58:21.997	0.78445				2
2026.04.28	00:58:23.802	0.78437				2
2026.04.28	00:58:24.103	0.78444				2
2026.04.28	00:58:24.708	0.78445	0.78600			6
2026.04.28	00:58:25.008	0.78447	0.78599			6
2026.04.28	00:58:25.611	0.78445				2
2026.04.28	00:58:25.911		0.78600			4
2026.04.28	00:58:26.212	0.78446	0.78599			6
2026.04.28	00:58:26.815	0.78444	0.78601			6
2026.04.28	00:58:27.115	0.78445				2
2026.04.28	00:58:27.416	0.78444				2
2026.04.28	00:58:30.420	0.78445	0.78600			6
2026.04.28	00:58:30.720	0.78442				2
2026.04.28	00:58:31.322	0.78443				2
2026.04.28	00:58:31.623	0.78442				2
2026.04.28	00:58:36.430	0.78430	0.78601			6
2026.04.28	00:58:36.731	0.78441				2
2026.04.28	00:58:37.332	0.78446				2
2026.04.28	00:58:38.833	0.78441				2
2026.04.28	00:58:39.135	0.78442	0.78600			6
2026.04.28	00:58:40.037	0.78441	0.78601			6
2026.04.28	00:58:40.337	0.78442	0.78600			6
2026.04.28	00:58:40.638	0.78441	0.78601			6
2026.04.28	00:58:43.341	0.78430				2
2026.04.28	00:58:44.846	0.78432	0.78600			6
2026.04.28	00:58:45.151		0.78599			4
2026.04.28	00:58:45.454		0.78600			4
2026.04.28	00:58:49.661		0.78599			4
2026.04.28	00:58:50.563	0.78431	0.78600			6
2026.04.28	00:58:50.862	0.78432	0.78599			6
2026.04.28	00:58:51.166	0.78431	0.78600			6
2026.04.28	00:58:53.568	0.78435	0.78596			6
2026.04.28	00:58:54.168	0.78436	0.78595			6
2026.04.28	00:58:55.079		0.78596			4
2026.04.28	00:58:57.187		0.78595			4
2026.04.28	00:59:00.195	0.78436				2
2026.04.28	00:59:00.495	0.78432	0.78594			6
2026.04.28	00:59:01.097	0.78433	0.78593			6
2026.04.28	00:59:06.205	0.78436	0.78591			6
2026.04.28	00:59:22.759	0.78437	0.78590			6
2026.04.28	00:59:29.372	0.78451	0.78596			6
2026.04.28	00:59:29.675	0.78417	0.78589			6
2026.04.28	00:59:29.973	0.78454	0.78593			6
2026.04.28	00:59:30.274	0.78452	0.78595			6
2026.04.28	00:59:30.574	0.78453	0.78606			6
2026.04.28	00:59:30.876	0.78452	0.78615			6
2026.04.28	00:59:32.983		0.78608			4
2026.04.28	00:59:33.281		0.78615			4
2026.04.28	00:59:34.487		0.78616			4
2026.04.28	00:59:35.387		0.78615			4
2026.04.28	00:59:39.897	0.78451	0.78597			6
2026.04.28	00:59:40.198	0.78450	0.78595			6
2026.04.28	00:59:40.499	0.78447				2
2026.04.28	00:59:40.798	0.78450				2
2026.04.28	00:59:42.301	0.78452				2
2026.04.28	00:59:42.603	0.78450				2
2026.04.28	00:59:53.130	0.78449	0.78596			6
2026.04.28	01:00:00.045	0.78451	0.78598			6
2026.04.28	01:00:00.349	0.78427	0.78609			6
2026.04.28	01:00:00.647	0.78434				2
2026.04.28	01:00:00.948	0.78431	0.78612			6
2026.04.28	01:00:01.244	0.78446	0.78610			6
2026.04.28	01:00:01.548	0.78443	0.78613			6
2026.04.28	01:00:01.847		0.78614			4
2026.04.28	01:00:02.150	0.78473	0.78611			6
2026.04.28	01:00:02.445	0.78490	0.78591			6
2026.04.28	01:00:02.751	0.78492	0.78593			6
2026.04.28	01:00:03.350	0.78494	0.78595			6
2026.04.28	01:00:05.145	0.78480	0.78614			6
2026.04.28	01:00:05.747		0.78624			4
2026.04.28	01:00:06.050	0.78481	0.78583			6
2026.04.28	01:00:06.348	0.78486	0.78573			6
2026.04.28	01:00:06.647	0.78483	0.78570			6
2026.04.28	01:00:06.947	0.78470	0.78594			6
2026.04.28	01:00:07.250	0.78489	0.78576			6
2026.04.28	01:00:07.548	0.78481	0.78578			6
2026.04.28	01:00:07.848	0.78473	0.78597			6
2026.04.28	01:00:08.158	0.78482	0.78583			6
2026.04.28	01:00:08.454	0.78479	0.78588			6
2026.04.28	01:00:08.754	0.78489	0.78576			6
2026.04.28	01:00:09.057	0.78482	0.78582			6
2026.04.28	01:00:09.355	0.78489	0.78576			6
2026.04.28	01:00:10.255	0.78482	0.78582			6
2026.04.28	01:00:10.556	0.78483	0.78581			6
2026.04.28	01:00:10.856	0.78479	0.78599			6
2026.04.28	01:00:12.057	0.78480	0.78598			6
2026.04.28	01:00:12.358	0.78474				2
2026.04.28	01:00:12.658	0.78483	0.78600			6
2026.04.28	01:00:13.864		0.78598			4
2026.04.28	01:00:14.460	0.78474	0.78597			6
2026.04.28	01:00:14.762	0.78483	0.78599			6
2026.04.28	01:00:15.061		0.78598			4
2026.04.28	01:00:15.663	0.78475	0.78597			6
2026.04.28	01:00:15.962	0.78483	0.78599			6
2026.04.28	01:00:16.861	0.78484				2
2026.04.28	01:00:18.361		0.78601			4
2026.04.28	01:00:18.960		0.78602			4
2026.04.28	01:00:19.562	0.78474	0.78601			6
2026.04.28	01:00:19.864	0.78484				2
2026.04.28	01:00:20.165	0.78485				2
2026.04.28	01:00:23.165		0.78599			4
2026.04.28	01:00:23.764	0.78486	0.78600			6
2026.04.28	01:00:24.965		0.78599			4
2026.04.28	01:00:27.670	0.78487				2
2026.04.28	01:00:27.974	0.78489				2
2026.04.28	01:00:28.873		0.78600			4
2026.04.28	01:00:29.469		0.78596			4
2026.04.28	01:00:30.972	0.78488	0.78593			6
2026.04.28	01:00:31.272		0.78598			4
2026.04.28	01:00:31.576	0.78489	0.78597			6
2026.04.28	01:00:31.871		0.78598			4
2026.04.28	01:00:32.171	0.78488				2
2026.04.28	01:00:32.474	0.78489	0.78597			6
2026.04.28	01:00:33.975		0.78598			4
2026.04.28	01:00:34.276	0.78490				2
2026.04.28	01:00:35.176		0.78599			4
2026.04.28	01:00:35.479		0.78597			4
2026.04.28	01:00:35.779		0.78599			4
2026.04.28	01:00:36.077		0.78597			4
2026.04.28	01:00:36.381		0.78599			4
2026.04.28	01:00:37.282		0.78597			4
2026.04.28	01:00:37.881		0.78599			4
2026.04.28	01:00:38.479	0.78491				2
2026.04.28	01:00:39.381		0.78597			4
2026.04.28	01:00:39.680		0.78599			4
2026.04.28	01:00:40.283		0.78597			4
2026.04.28	01:00:40.581		0.78599			4
2026.04.28	01:00:40.881	0.78489	0.78593			6
2026.04.28	01:00:41.482		0.78591			4
2026.04.28	01:00:41.787	0.78475				2
2026.04.28	01:00:42.081	0.78481	0.78585			6
2026.04.28	01:00:43.284	0.78503	0.78567			6
2026.04.28	01:00:43.589		0.78566			4
2026.04.28	01:00:44.184		0.78567			4
2026.04.28	01:00:44.485		0.78566			4
2026.04.28	01:00:51.393	0.78504				2
2026.04.28	01:00:51.993		0.78567			4
2026.04.28	01:00:52.595	0.78506	0.78568			6
2026.04.28	01:00:53.196	0.78502				2
2026.04.28	01:00:53.494	0.78503	0.78570			6
2026.04.28	01:00:54.696	0.78502	0.78568			6
2026.04.28	01:00:54.997	0.78503	0.78570			6
2026.04.28	01:00:55.301	0.78502	0.78568			6
2026.04.28	01:01:00.103	0.78502				2
2026.04.28	01:01:00.404		0.78571			4
2026.04.28	01:01:01.309	0.78503	0.78570			6
2026.04.28	01:01:03.114		0.78571			4
2026.04.28	01:01:03.412	0.78504				2
2026.04.28	01:01:04.012	0.78505				2
2026.04.28	01:01:04.313	0.78503				2
2026.04.28	01:01:10.619	0.78502	0.78570			6
2026.04.28	01:01:10.924	0.78505				2
2026.04.28	01:01:16.034	0.78510	0.78567			6
2026.04.28	01:01:19.039	0.78521	0.78561			6
2026.04.28	01:01:19.339	0.78525				2
2026.04.28	01:01:30.459	0.78524	0.78560			6
2026.04.28	01:01:45.481	0.78523	0.78558			6
2026.04.28	01:01:53.887	0.78525				2
2026.04.28	01:01:54.187		0.78559			4
2026.04.28	01:01:55.990		0.78560			4
2026.04.28	01:01:58.092	0.78526	0.78559			6
2026.04.28	01:02:00.194	0.78526				2
2026.04.28	01:02:10.405	0.78527				2
2026.04.28	01:02:19.419		0.78560			4
2026.04.28	01:02:19.720	0.78524	0.78559			6
2026.04.28	01:02:20.320	0.78525				2
2026.04.28	01:02:35.952	0.78522				2
2026.04.28	01:02:36.255	0.78523	0.78556			6
2026.04.28	01:02:37.755		0.78555			4
2026.04.28	01:02:38.953	0.78521	0.78554			6
2026.04.28	01:02:39.861	0.78518				2
2026.04.28	01:02:41.963	0.78521				2
2026.04.28	01:02:44.966		0.78555			4
2026.04.28	01:02:47.071	0.78519				2
2026.04.28	01:02:47.970	0.78518	0.78554			6
2026.04.28	01:02:48.269	0.78517				2
2026.04.28	01:02:50.074	0.78519	0.78553			6
2026.04.28	01:02:51.575	0.78522	0.78554			6
2026.04.28	01:02:52.776	0.78519	0.78555			6
2026.04.28	01:02:53.080	0.78522	0.78554			6
2026.04.28	01:02:53.677	0.78519	0.78555			6
2026.04.28	01:02:53.978	0.78524				2
2026.04.28	01:02:56.984	0.78522	0.78556			6
2026.04.28	01:02:59.086	0.78524				2
2026.04.28	01:02:59.690	0.78526				2
2026.04.28	01:03:00.292	0.78526				2
2026.04.28	01:03:02.097	0.78524				2
2026.04.28	01:03:03.596	0.78526				2
2026.04.28	01:03:05.102	0.78524	0.78555			6
2026.04.28	01:03:08.718	0.78522	0.78556			6
2026.04.28	01:03:09.016	0.78524	0.78555			6
2026.04.28	01:03:09.621	0.78522	0.78556			6
2026.04.28	01:03:09.921	0.78524				2
2026.04.28	01:03:11.728		0.78555			4
2026.04.28	01:03:12.933	0.78522	0.78556			6
2026.04.28	01:03:15.034	0.78524				2
2026.04.28	01:03:18.641	0.78527				2
2026.04.28	01:03:20.144	0.78523				2
2026.04.28	01:03:23.745	0.78525				2
2026.04.28	01:03:24.045	0.78523				2
2026.04.28	01:03:24.944	0.78525	0.78555			6
2026.04.28	01:03:27.051	0.78523				2
2026.04.28	01:03:27.656	0.78521				2
2026.04.28	01:03:28.256	0.78523				2
2026.04.28	01:03:28.858	0.78521				2
2026.04.28	01:03:29.159	0.78522				2
2026.04.28	01:03:29.762	0.78526	0.78553			6
2026.04.28	01:03:33.667	0.78522	0.78554			6
2026.04.28	01:03:39.671	0.78519				2
2026.04.28	01:03:40.571	0.78523				2
2026.04.28	01:03:40.872	0.78521	0.78555			6
2026.04.28	01:03:42.072	0.78525				2
2026.04.28	01:03:43.879	0.78523	0.78556			6
2026.04.28	01:03:46.580	0.78525				2
2026.04.28	01:03:47.485	0.78527				2
2026.04.28	01:03:48.086	0.78529				2
2026.04.28	01:03:48.988	0.78527				2
2026.04.28	01:03:49.591	0.78529				2
2026.04.28	01:04:00.108	0.78529				2
2026.04.28	01:04:00.405		0.78555			4
2026.04.28	01:04:07.017	0.78531				2
2026.04.28	01:04:30.744	0.78533	0.78556			6
2026.04.28	01:04:43.665	0.78534	0.78557			6
2026.04.28	01:04:53.592	0.78542	0.78567			6
2026.04.28	01:04:53.891	0.78545				2
2026.04.28	01:05:00.199	0.78546				2
2026.04.28	01:05:01.402	0.78547				2
2026.04.28	01:05:03.507	0.78544				2
2026.04.28	01:05:03.804	0.78542				2
2026.04.28	01:05:09.820	0.78546				2
2026.04.28	01:05:10.420	0.78548				2
2026.04.28	01:05:12.223	0.78546				2
2026.04.28	01:05:12.524	0.78548				2
2026.04.28	01:05:13.126	0.78546				2
2026.04.28	01:05:13.733	0.78540				2
2026.04.28	01:05:15.228	0.78542				2
2026.04.28	01:05:17.032	0.78540				2
2026.04.28	01:05:19.133	0.78542				2
2026.04.28	01:05:19.434	0.78543				2
2026.04.28	01:05:22.136	0.78542				2
2026.04.28	01:05:23.036	0.78543				2
2026.04.28	01:05:25.143	0.78542				2
2026.04.28	01:05:25.441	0.78543				2
2026.04.28	01:05:25.745	0.78542				2
2026.04.28	01:05:26.046	0.78539				2
2026.04.28	01:05:28.148	0.78540				2
2026.04.28	01:05:29.050	0.78541	0.78566			6
2026.04.28	01:05:30.248	0.78540	0.78567			6
2026.04.28	01:05:32.049	0.78541	0.78566			6
2026.04.28	01:05:34.160	0.78540	0.78567			6
2026.04.28	01:05:34.461	0.78538	0.78566			6
2026.04.28	01:05:37.163	0.78539				2
2026.04.28	01:05:38.069	0.78538	0.78561			6
2026.04.28	01:05:38.374		0.78559			4
2026.04.28	01:05:40.166	0.78539				2
2026.04.28	01:05:41.067	0.78540				2
2026.04.28	01:05:51.585	0.78539				2
2026.04.28	01:05:53.089	0.78540				2
2026.04.28	01:05:57.293	0.78541	0.78560			6
2026.04.28	01:06:00.304	0.78541				2
2026.04.28	01:06:01.804	0.78538	0.78556			6
2026.04.28	01:06:02.107	0.78535	0.78552			6
2026.04.28	01:06:03.305		0.78553			4
2026.04.28	01:06:09.309	0.78534				2
2026.04.28	01:06:11.108	0.78535				2
2026.04.28	01:06:13.813	0.78534				2
2026.04.28	01:06:14.414	0.78535				2
2026.04.28	01:06:14.718	0.78534				2
2026.04.28	01:06:15.015	0.78535				2
2026.04.28	01:06:16.220	0.78534				2
2026.04.28	01:06:16.819	0.78535				2
2026.04.28	01:06:18.320	0.78534				2
2026.04.28	01:06:21.931	0.78535				2
2026.04.28	01:06:24.936	0.78533	0.78551			6
2026.04.28	01:06:30.358	0.78534	0.78553			6
2026.04.28	01:06:30.662		0.78552			4
2026.04.28	01:07:00.109	0.78534				2
2026.04.28	01:07:13.645	0.78533	0.78551			6
2026.04.28	01:07:16.657	0.78532				2
2026.04.28	01:07:18.157	0.78533				2
2026.04.28	01:07:22.061	0.78532				2
2026.04.28	01:07:24.769	0.78534				2
2026.04.28	01:07:34.097		0.78550			4
2026.04.28	01:08:00.246	0.78534	0.78551			6
2026.04.28	01:08:14.359		0.78550			4
2026.04.28	01:08:25.173		0.78551			4
2026.04.28	01:08:53.130	0.78533	0.78550			6
2026.04.28	01:09:00.046	0.78533				2
2026.04.28	01:09:05.463	0.78532	0.78548			6
2026.04.28	01:09:08.462	0.78529	0.78545			6
2026.04.28	01:09:21.392	0.78528	0.78544			6
2026.04.28	01:09:22.894	0.78531	0.78547			6
2026.04.28	01:09:23.198	0.78530	0.78546			6
2026.04.28	01:09:26.202	0.78528	0.78544			6
2026.04.28	01:09:26.503	0.78529	0.78545			6
2026.04.28	01:09:31.002		0.78546			4
2026.04.28	01:09:35.510		0.78545			4
2026.04.28	01:09:59.257		0.78546			4
2026.04.28	01:10:00.162	0.78529				2
2026.04.28	01:10:00.459		0.78545			4
2026.04.28	01:10:09.770	0.78531	0.78547			6
2026.04.28	01:10:48.248	0.78532	0.78533			6
2026.04.28	01:10:48.549	0.78533	0.78534			6
2026.04.28	01:10:48.849	0.78531	0.78547			6
2026.04.28	01:10:50.653	0.78530	0.78545			6
2026.04.28	01:10:59.066	0.78528	0.78544			6
2026.04.28	01:11:00.269	0.78528				2
2026.04.28	01:11:10.194	0.78529				2
2026.04.28	01:11:59.179		0.78544			4
2026.04.28	01:12:00.082	0.78529				2
2026.04.28	01:12:05.494	0.78528	0.78545			6
2026.04.28	01:12:13.301	0.78529				2
2026.04.28	01:12:14.202	0.78528				2
2026.04.28	01:12:26.825	0.78530	0.78547			6
2026.04.28	01:12:37.948	0.78528	0.78545			6
2026.04.28	01:12:40.360	0.78525	0.78542			6
2026.04.28	01:12:40.662	0.78526	0.78544			6
2026.04.28	01:12:51.787	0.78525	0.78541			6
2026.04.28	01:12:53.891	0.78524				2
2026.04.28	01:13:00.203	0.78524				2
2026.04.28	01:13:00.802	0.78525				2
2026.04.28	01:13:06.515	0.78524				2
2026.04.28	01:13:08.318	0.78525				2
2026.04.28	01:13:13.729	0.78521	0.78537			6
2026.04.28	01:13:14.023	0.78524	0.78540			6
2026.04.28	01:13:27.560	0.78525	0.78541			6
2026.04.28	01:13:29.065	0.78527	0.78543			6
2026.04.28	01:13:45.894	0.78526	0.78542			6
2026.04.28	01:13:46.489	0.78525	0.78541			6
2026.04.28	01:14:00.015	0.78525				2
2026.04.28	01:14:14.136	0.78524	0.78540			6
2026.04.28	01:14:46.319	0.78525	0.78541			6
2026.04.28	01:15:00.136	0.78525				2
2026.04.28	01:15:07.651	0.78524	0.78540			6
2026.04.28	01:15:35.295	0.78525	0.78541			6
2026.04.28	01:16:00.246	0.78525				2
2026.04.28	01:16:10.169	0.78524	0.78540			6
2026.04.28	01:17:00.069	0.78524				2
2026.04.28	01:17:10.291		0.78540			4
2026.04.28	01:17:36.448		0.78541			4
2026.04.28	01:17:49.086	0.78526	0.78543			6
2026.04.28	01:17:50.882	0.78527				2
2026.04.28	01:17:52.086	0.78526				2
2026.04.28	01:17:52.386	0.78527				2
2026.04.28	01:17:52.987	0.78526				2
2026.04.28	01:17:53.587	0.78527				2
2026.04.28	01:17:56.893	0.78528	0.78545			6
2026.04.28	01:17:57.194	0.78521	0.78538			6
2026.04.28	01:17:57.494	0.78519	0.78537			6
2026.04.28	01:17:58.091	0.78522	0.78539			6
2026.04.28	01:17:58.393	0.78525	0.78543			6
2026.04.28	01:17:59.595	0.78527	0.78544			6
2026.04.28	01:18:00.197	0.78527				2
2026.04.28	01:18:16.126	0.78525	0.78542			6
2026.04.28	01:18:19.134	0.78524				2
2026.04.28	01:18:29.054	0.78525				2
2026.04.28	01:18:29.352	0.78523	0.78539			6
2026.04.28	01:18:29.653	0.78522				2
2026.04.28	01:18:30.858	0.78523				2
2026.04.28	01:18:44.386	0.78524				2
2026.04.28	01:18:54.001	0.78523				2
2026.04.28	01:18:55.201	0.78524				2
2026.04.28	01:19:00.009	0.78524				2
2026.04.28	01:19:06.624	0.78520	0.78536			6
2026.04.28	01:19:19.848	0.78519	0.78535			6
2026.04.28	01:19:24.660	0.78518				2
2026.04.28	01:19:26.462	0.78517				2
2026.04.28	01:19:33.079	0.78516	0.78533			6
2026.04.28	01:19:33.382	0.78517				2
2026.04.28	01:19:35.484	0.78516				2
2026.04.28	01:19:36.385	0.78517				2
2026.04.28	01:19:42.399	0.78516	0.78532			6
2026.04.28	01:19:42.699	0.78515	0.78531			6
2026.04.28	01:19:44.801	0.78516	0.78532			6
2026.04.28	01:19:56.533	0.78517				2
2026.04.28	01:20:00.141	0.78517				2
2026.04.28	01:20:01.052	0.78514	0.78530			6
2026.04.28	01:20:01.351	0.78516	0.78531			6
2026.04.28	01:20:02.249		0.78532			4
2026.04.28	01:20:12.171	0.78517	0.78533			6
2026.04.28	01:20:12.770	0.78516	0.78532			6
2026.04.28	01:20:20.885	0.78520	0.78536			6
2026.04.28	01:20:22.385	0.78524	0.78539			6
2026.04.28	01:20:26.289	0.78522	0.78537			6
2026.04.28	01:20:31.403	0.78523				2
2026.04.28	01:20:37.726	0.78522				2
2026.04.28	01:20:39.529	0.78523				2
2026.04.28	01:20:48.549		0.78538			4
2026.04.28	01:20:57.876	0.78524	0.78540			6
2026.04.28	01:20:58.177	0.78526	0.78542			6
2026.04.28	01:20:58.784	0.78528	0.78544			6
2026.04.28	01:21:00.282	0.78528				2
2026.04.28	01:21:05.085	0.78529				2
2026.04.28	01:21:05.391	0.78527	0.78542			6
2026.04.28	01:21:08.993	0.78526	0.78541			6
2026.04.28	01:21:10.492	0.78527				2
2026.04.28	01:21:15.302	0.78526				2
2026.04.28	01:21:15.602		0.78542			4
2026.04.28	01:21:16.203	0.78524	0.78540			6
2026.04.28	01:21:26.438	0.78527	0.78541			6
2026.04.28	01:21:31.555	0.78524	0.78540			6
2026.04.28	01:21:33.962	0.78526	0.78541			6
2026.04.28	01:21:39.969	0.78525	0.78540			6
2026.04.28	01:21:42.981	0.78524				2
2026.04.28	01:21:43.278	0.78525	0.78541			6
2026.04.28	01:22:00.123	0.78525				2
2026.04.28	01:22:20.868	0.78526				2
2026.04.28	01:22:25.980	0.78525				2
2026.04.28	01:22:43.110	0.78526				2
2026.04.28	01:22:43.410		0.78541			4
2026.04.28	01:22:47.017	0.78523	0.78538			6
2026.04.28	01:22:50.331	0.78524	0.78539			6
2026.04.28	01:23:00.261	0.78524				2
2026.04.28	01:23:00.562	0.78526	0.78540			6
2026.04.28	01:23:02.671	0.78530				2
2026.04.28	01:23:02.967	0.78526	0.78534			6
2026.04.28	01:23:03.272	0.78530	0.78540			6
2026.04.28	01:23:03.569	0.78526	0.78534			6
2026.04.28	01:23:03.869	0.78530	0.78540			6
2026.04.28	01:23:04.170	0.78526	0.78534			6
2026.04.28	01:23:04.470	0.78530	0.78540			6
2026.04.28	01:23:04.771	0.78526	0.78534			6
2026.04.28	01:23:05.072	0.78530	0.78540			6
2026.04.28	01:23:05.373	0.78526	0.78534			6
2026.04.28	01:23:05.676	0.78530	0.78540			6
2026.04.28	01:23:05.977	0.78526	0.78534			6
2026.04.28	01:23:06.278		0.78542			4
2026.04.28	01:23:06.880		0.78541			4
2026.04.28	01:23:08.083		0.78542			4
2026.04.28	01:23:14.992		0.78541			4
2026.04.28	01:23:43.262		0.78540			4
2026.04.28	01:24:00.092	0.78526				2
2026.04.28	01:24:01.593	0.78528	0.78543			6
2026.04.28	01:24:05.798	0.78527	0.78542			6
2026.04.28	01:24:13.913		0.78543			4
2026.04.28	01:24:14.214	0.78530	0.78545			6
2026.04.28	01:24:15.419	0.78531				2
2026.04.28	01:24:19.025		0.78546			4
2026.04.28	01:24:20.226	0.78532				2
2026.04.28	01:24:22.329	0.78530				2
2026.04.28	01:24:22.628	0.78532				2
2026.04.28	01:24:23.233		0.78548			4
2026.04.28	01:24:23.531	0.78533				2
2026.04.28	01:24:25.039	0.78534				2
2026.04.28	01:24:42.473	0.78535				2
2026.04.28	01:24:45.783	0.78534				2
2026.04.28	01:24:46.088	0.78532	0.78546			6
2026.04.28	01:24:46.987		0.78545			4
2026.04.28	01:24:48.189	0.78531				2
2026.04.28	01:24:48.490	0.78530				2
2026.04.28	01:24:52.998	0.78531				2
2026.04.28	01:24:56.611	0.78532				2
2026.04.28	01:25:00.229	0.78532				2
2026.04.28	01:25:02.036	0.78531				2
2026.04.28	01:25:03.238	0.78530				2
2026.04.28	01:25:05.645	0.78531				2
2026.04.28	01:25:08.047	0.78532				2
2026.04.28	01:25:11.061	0.78531				2
2026.04.28	01:25:11.357	0.78532				2
2026.04.28	01:25:12.560		0.78544			4
2026.04.28	01:25:13.159		0.78545			4
2026.04.28	01:25:13.459		0.78544			4
2026.04.28	01:25:14.059		0.78545			4
2026.04.28	01:25:17.069	0.78533				2
2026.04.28	01:25:18.272		0.78544			4
2026.04.28	01:25:22.786	0.78532	0.78545			6
2026.04.28	01:25:35.402	0.78533	0.78544			6
2026.04.28	01:25:38.412	0.78532	0.78545			6
2026.04.28	01:25:40.818	0.78534	0.78547			6
2026.04.28	01:25:41.421	0.78535	0.78548			6
2026.04.28	01:25:48.336	0.78537	0.78549			6
2026.04.28	01:25:50.442	0.78536				2
2026.04.28	01:25:50.741	0.78537	0.78551			6
2026.04.28	01:25:51.043	0.78538	0.78550			6
2026.04.28	01:25:51.343	0.78539				2
2026.04.28	01:25:51.948		0.78551			4
2026.04.28	01:25:53.453	0.78537	0.78552			6
2026.04.28	01:25:54.354	0.78539	0.78553			6
2026.04.28	01:25:54.957		0.78551			4
2026.04.28	01:25:57.664		0.78552			4
2026.04.28	01:26:00.065	0.78539				2
2026.04.28	01:26:00.366		0.78550			4
2026.04.28	01:26:01.269		0.78551			4
2026.04.28	01:26:02.170		0.78553			4
2026.04.28	01:26:02.477	0.78540				2
2026.04.28	01:26:04.270	0.78539	0.78552			6
2026.04.28	01:26:04.871	0.78538	0.78553			6
2026.04.28	01:26:06.978	0.78539				2
2026.04.28	01:26:24.122	0.78540				2
2026.04.28	01:26:25.633	0.78539				2
2026.04.28	01:26:30.143		0.78554			4
2026.04.28	01:26:41.872	0.78540				2
2026.04.28	01:26:44.285	0.78539				2
2026.04.28	01:26:48.785	0.78540				2
2026.04.28	01:26:59.305	0.78539				2
2026.04.28	01:27:00.209	0.78539				2
2026.04.28	01:27:02.310		0.78551			4
2026.04.28	01:27:02.617	0.78538	0.78553			6
2026.04.28	01:27:08.628		0.78551			4
2026.04.28	01:27:08.927	0.78537	0.78548			6
2026.04.28	01:27:09.227	0.78533	0.78544			6
2026.04.28	01:27:11.039	0.78531	0.78542			6
2026.04.28	01:27:16.757	0.78530	0.78541			6
2026.04.28	01:28:00.049	0.78530				2
2026.04.28	01:28:03.350		0.78542			4
2026.04.28	01:28:04.855	0.78529	0.78541			6
2026.04.28	01:28:06.363	0.78530				2
2026.04.28	01:28:10.570	0.78532	0.78544			6
2026.04.28	01:28:15.685		0.78543			4
2026.04.28	01:28:16.589	0.78531	0.78542			6
2026.04.28	01:28:18.391	0.78532	0.78544			6
2026.04.28	01:28:24.105		0.78545			4
2026.04.28	01:28:25.006	0.78533				2
2026.04.28	01:28:28.918	0.78532	0.78544			6
2026.04.28	01:28:30.424		0.78545			4
2026.04.28	01:28:30.726	0.78535	0.78549			6
2026.04.28	01:28:32.229		0.78548			4
2026.04.28	01:28:33.431		0.78549			4
2026.04.28	01:28:37.644	0.78536	0.78548			6
2026.04.28	01:28:40.048		0.78549			4
2026.04.28	01:28:47.257		0.78548			4
2026.04.28	01:28:48.761		0.78549			4
2026.04.28	01:29:00.187	0.78536	0.78547			6
2026.04.28	01:29:00.486	0.78535				2
2026.04.28	01:29:27.844	0.78534	0.78545			6
2026.04.28	01:29:28.142	0.78533				2
2026.04.28	01:29:31.753		0.78546			4
2026.04.28	01:29:34.455		0.78545			4
2026.04.28	01:29:35.059		0.78544			4
2026.04.28	01:29:35.357	0.78532				2
2026.04.28	01:29:35.660	0.78533	0.78545			6
2026.04.28	01:29:38.965	0.78535	0.78547			6
2026.04.28	01:29:40.472		0.78548			4
2026.04.28	01:29:42.270		0.78547			4
2026.04.28	01:29:43.472	0.78536				2
2026.04.28	01:29:44.672	0.78535				2
2026.04.28	01:29:48.582		0.78544			4
2026.04.28	01:29:55.193	0.78533				2
2026.04.28	01:29:55.486	0.78532	0.78545			6
2026.04.28	01:30:00.001	0.78532				2
2026.04.28	01:30:00.303	0.78533				2
2026.04.28	01:30:01.206	0.78532	0.78544			6
2026.04.28	01:30:02.409	0.78536	0.78538			6
2026.04.28	01:30:04.806	0.78531	0.78544			6
2026.04.28	01:30:05.409	0.78534	0.78546			6
2026.04.28	01:30:11.121		0.78545			4
2026.04.28	01:30:12.923		0.78544			4
2026.04.28	01:30:16.223	0.78533				2
2026.04.28	01:30:20.729	0.78531				2
2026.04.28	01:30:22.537	0.78532	0.78543			6
2026.04.28	01:30:22.835	0.78531				2
2026.04.28	01:30:30.045	0.78532				2
2026.04.28	01:30:30.346	0.78531	0.78542			6
2026.04.28	01:30:33.357		0.78543			4
2026.04.28	01:30:34.556	0.78532				2
2026.04.28	01:30:36.059	0.78531				2
2026.04.28	01:30:36.359		0.78542			4
2026.04.28	01:30:42.076	0.78533	0.78545			6
2026.04.28	01:30:49.892		0.78544			4
2026.04.28	01:30:50.492	0.78534				2
2026.04.28	01:30:57.704	0.78533				2
2026.04.28	01:30:59.511	0.78529	0.78539			6
2026.04.28	01:30:59.812	0.78526	0.78536			6
2026.04.28	01:31:00.120	0.78526				2
2026.04.28	01:31:00.712		0.78538			4
2026.04.28	01:31:01.017		0.78537			4
2026.04.28	01:31:02.211	0.78527	0.78538			6
2026.04.28	01:31:03.410	0.78528				2
2026.04.28	01:31:04.311	0.78527	0.78537			6
2026.04.28	01:31:07.619	0.78525				2
2026.04.28	01:31:08.520		0.78535			4
2026.04.28	01:31:14.832	0.78524				2
2026.04.28	01:31:15.133	0.78525	0.78534			6
2026.04.28	01:31:23.249	0.78528	0.78535			6
2026.04.28	01:31:23.552		0.78538			4
2026.04.28	01:31:25.959	0.78525	0.78537			6
2026.04.28	01:31:28.364	0.78526	0.78536			6
2026.04.28	01:31:29.868	0.78525				2
2026.04.28	01:31:33.175		0.78537			4
2026.04.28	01:31:39.187	0.78524	0.78533			6
2026.04.28	01:31:39.492	0.78525				2
2026.04.28	01:31:40.688	0.78523	0.78532			6
2026.04.28	01:31:41.288	0.78521	0.78531			6
2026.04.28	01:31:41.889	0.78520				2
2026.04.28	01:31:42.793	0.78522	0.78532			6
2026.04.28	01:31:43.092	0.78520	0.78531			6
2026.04.28	01:31:43.994	0.78521				2
2026.04.28	01:31:59.024	0.78522	0.78533			6
2026.04.28	01:31:59.324		0.78532			4
2026.04.28	01:32:00.225	0.78522				2
2026.04.28	01:32:00.829		0.78533			4
2026.04.28	01:32:01.126	0.78520	0.78532			6
2026.04.28	01:32:02.027	0.78521	0.78531			6
2026.04.28	01:32:03.230		0.78530			4
2026.04.28	01:32:05.636	0.78522				2
2026.04.28	01:32:20.961		0.78531			4
2026.04.28	01:32:27.570	0.78521				2
2026.04.28	01:32:28.172	0.78522	0.78530			6
2026.04.28	01:32:28.770	0.78520	0.78528			6
2026.04.28	01:32:51.303	0.78519				2
2026.04.28	01:32:53.411	0.78520				2
2026.04.28	01:33:00.022	0.78520				2
2026.04.28	01:33:12.342	0.78518	0.78525			6
2026.04.28	01:33:12.945	0.78517				2
2026.04.28	01:33:17.460	0.78518	0.78526			6
2026.04.28	01:33:19.267	0.78517				2
2026.04.28	01:33:27.380	0.78518	0.78529			6
2026.04.28	01:33:27.679		0.78528			4
2026.04.28	01:33:27.979	0.78517				2
2026.04.28	01:33:29.187		0.78527			4
2026.04.28	01:33:30.096		0.78526			4
2026.04.28	01:33:30.993		0.78527			4
2026.04.28	01:33:31.893	0.78515	0.78523			6
2026.04.28	01:33:32.494	0.78514				2
2026.04.28	01:33:41.814		0.78522			4
2026.04.28	01:34:00.161	0.78514				2
2026.04.28	01:34:01.968		0.78523			4
2026.04.28	01:34:03.170		0.78524			4
2026.04.28	01:34:04.374		0.78523			4
2026.04.28	01:34:06.180		0.78524			4
2026.04.28	01:34:09.490	0.78515	0.78525			6
2026.04.28	01:34:09.789	0.78516	0.78524			6
2026.04.28	01:34:10.383	0.78515				2
2026.04.28	01:34:10.987	0.78516				2
2026.04.28	01:34:12.790	0.78514				2
2026.04.28	01:34:13.091		0.78523			4
2026.04.28	01:34:15.800		0.78524			4
2026.04.28	01:34:17.003		0.78521			4
2026.04.28	01:34:17.602	0.78511	0.78520			6
2026.04.28	01:34:17.903	0.78512				2
2026.04.28	01:34:18.497	0.78511	0.78519			6
2026.04.28	01:34:21.202		0.78522			4
2026.04.28	01:34:21.502	0.78512	0.78520			6
2026.04.28	01:34:21.803	0.78511	0.78521			6
2026.04.28	01:34:23.905	0.78512				2
2026.04.28	01:34:26.319	0.78514	0.78523			6
2026.04.28	01:34:29.334	0.78515	0.78524			6
2026.04.28	01:34:32.646		0.78523			4
2026.04.28	01:34:47.087		0.78524			4
2026.04.28	01:34:50.091	0.78514	0.78521			6
2026.04.28	01:34:50.393	0.78513	0.78522			6
2026.04.28	01:34:51.294		0.78520			4
2026.04.28	01:34:51.899	0.78512				2
2026.04.28	01:34:52.800	0.78511	0.78521			6
2026.04.28	01:34:54.001		0.78520			4
2026.04.28	01:34:54.903	0.78512				2
2026.04.28	01:34:56.105	0.78511				2
2026.04.28	01:34:58.207	0.78512	0.78519			6
2026.04.28	01:34:59.109	0.78511	0.78521			6
2026.04.28	01:35:00.007	0.78511				2
2026.04.28	01:35:00.609	0.78512	0.78520			6
2026.04.28	01:35:43.605	0.78511	0.78522			6
2026.04.28	01:35:51.429	0.78512	0.78521			6
2026.04.28	01:35:51.728	0.78511	0.78520			6
2026.04.28	01:35:53.535	0.78510	0.78517			6
2026.04.28	01:35:55.341	0.78509				2
2026.04.28	01:35:59.544	0.78511	0.78518			6
2026.04.28	01:36:00.147	0.78511				2
2026.04.28	01:36:00.747	0.78508	0.78516			6
2026.04.28	01:36:03.456	0.78506	0.78514			6
2026.04.28	01:36:04.658	0.78507				2
2026.04.28	01:36:17.580	0.78504	0.78513			6
2026.04.28	01:36:20.590	0.78505				2
2026.04.28	01:36:21.793	0.78504				2
2026.04.28	01:36:26.902		0.78512			4
2026.04.28	01:36:28.707		0.78514			4
2026.04.28	01:36:29.313	0.78503				2
2026.04.28	01:36:33.217	0.78504				2
2026.04.28	01:36:35.318	0.78503				2
2026.04.28	01:36:35.622	0.78504				2
2026.04.28	01:36:35.919	0.78503				2
2026.04.28	01:36:36.221	0.78504				2
2026.04.28	01:36:36.524	0.78503				2
2026.04.28	01:36:38.623		0.78513			4
2026.04.28	01:36:38.926	0.78504	0.78512			6
2026.04.28	01:36:40.430	0.78501	0.78511			6
2026.04.28	01:36:40.731	0.78503	0.78512			6
2026.04.28	01:36:41.032	0.78504	0.78513			6
2026.04.28	01:36:41.940	0.78505	0.78514			6
2026.04.28	01:36:42.233		0.78513			4
2026.04.28	01:36:42.533	0.78506	0.78514			6
2026.04.28	01:36:43.741	0.78505				2
2026.04.28	01:36:47.341	0.78506	0.78513			6
2026.04.28	01:36:47.943	0.78505	0.78514			6
2026.04.28	01:36:58.460	0.78504	0.78513			6
2026.04.28	01:36:59.363	0.78505				2
2026.04.28	01:37:00.270	0.78505				2
2026.04.28	01:37:03.274	0.78506				2
2026.04.28	01:37:10.785		0.78512			4
2026.04.28	01:37:11.681		0.78513			4
2026.04.28	01:37:12.882	0.78504	0.78511			6
2026.04.28	01:37:13.488		0.78510			4
2026.04.28	01:37:14.395	0.78503				2
2026.04.28	01:37:15.588	0.78504				2
2026.04.28	01:37:16.793	0.78505				2
2026.04.28	01:37:30.628	0.78507	0.78515			6
2026.04.28	01:37:30.929	0.78510	0.78518			6
2026.04.28	01:37:34.533		0.78519			4
2026.04.28	01:37:35.734		0.78518			4
2026.04.28	01:38:00.085	0.78510				2
2026.04.28	01:38:15.707		0.78519			4
2026.04.28	01:38:18.110	0.78509				2
2026.04.28	01:38:19.617	0.78510				2
2026.04.28	01:38:25.030	0.78513	0.78520			6
2026.04.28	01:38:25.935	0.78515	0.78523			6
2026.04.28	01:38:26.234	0.78516				2
2026.04.28	01:38:29.246		0.78524			4
2026.04.28	01:38:36.158	0.78518				2
2026.04.28	01:38:39.763	0.78517				2
2026.04.28	01:38:49.988	0.78518				2
2026.04.28	01:39:00.217	0.78518				2
2026.04.28	01:39:13.453	0.78517				2
2026.04.28	01:39:19.469	0.78518				2
2026.04.28	01:39:20.670	0.78517				2
2026.04.28	01:39:23.681	0.78516				2
2026.04.28	01:39:29.388		0.78524			4
2026.04.28	01:39:32.388	0.78517				2
2026.04.28	01:39:39.004	0.78522	0.78528			6
2026.04.28	01:39:57.662		0.78527			4
2026.04.28	01:40:00.065	0.78521	0.78526			6
2026.04.28	01:40:08.497		0.78527			4
2026.04.28	01:40:15.726		0.78528			4
2026.04.28	01:40:20.843		0.78527			4
2026.04.28	01:40:23.556		0.78526			4
2026.04.28	01:40:26.865	0.78522	0.78528			6
2026.04.28	01:40:29.563	0.78521	0.78527			6
2026.04.28	01:40:48.808	0.78523	0.78530			6
2026.04.28	01:40:49.412		0.78529			4
2026.04.28	01:40:53.921	0.78524	0.78531			6
2026.04.28	01:40:58.134		0.78530			4
2026.04.28	01:41:00.239	0.78524				2
2026.04.28	01:41:00.538	0.78523				2
2026.04.28	01:41:05.654		0.78529			4
2026.04.28	01:41:07.150		0.78530			4
2026.04.28	01:41:13.762		0.78529			4
2026.04.28	01:41:15.866		0.78530			4
2026.04.28	01:41:18.873		0.78529			4
2026.04.28	01:41:45.324		0.78530			4
2026.04.28	01:41:58.857	0.78524				2
2026.04.28	01:42:00.062	0.78524				2
2026.04.28	01:42:02.769		0.78531			4
2026.04.28	01:42:03.066		0.78530			4
2026.04.28	01:42:05.770		0.78531			4
2026.04.28	01:42:06.370		0.78530			4
2026.04.28	01:42:09.980		0.78531			4
2026.04.28	01:42:25.306		0.78530			4
2026.04.28	01:42:31.017		0.78531			4
2026.04.28	01:42:55.963	0.78525	0.78532			6
2026.04.28	01:42:56.269	0.78524	0.78531			6
2026.04.28	01:43:00.166	0.78526	0.78532			6
2026.04.28	01:43:01.671	0.78527	0.78534			6
2026.04.28	01:43:02.269	0.78526	0.78533			6
2026.04.28	01:43:10.692	0.78527				2
2026.04.28	01:43:12.495		0.78534			4
2026.04.28	01:43:16.397		0.78533			4
2026.04.28	01:43:19.106	0.78526	0.78532			6
2026.04.28	01:43:27.828		0.78533			4
2026.04.28	01:43:31.742		0.78534			4
2026.04.28	01:43:48.891	0.78527				2
2026.04.28	01:43:51.293	0.78526	0.78533			6
2026.04.28	01:44:00.013	0.78526	0.78534			6
2026.04.28	01:44:05.717	0.78527				2
2026.04.28	01:44:09.327		0.78533			4
2026.04.28	01:44:13.535	0.78526	0.78534			6
2026.04.28	01:44:18.941	0.78527				2
2026.04.28	01:44:21.946		0.78533			4
2026.04.28	01:44:26.465	0.78526	0.78534			6
2026.04.28	01:44:41.190	0.78527				2
2026.04.28	01:44:52.015	0.78526	0.78533			6
2026.04.28	01:44:53.518	0.78527				2
2026.04.28	01:44:56.220		0.78534			4
2026.04.28	01:44:59.235		0.78533			4
2026.04.28	01:45:00.138	0.78527				2
2026.04.28	01:45:02.839		0.78534			4
2026.04.28	01:45:15.468		0.78533			4
2026.04.28	01:45:18.766		0.78534			4
2026.04.28	01:45:25.395	0.78529	0.78535			6
2026.04.28	01:45:26.185	0.78526	0.78533			6
2026.04.28	01:45:28.666	0.78527				2
2026.04.28	01:45:28.967		0.78534			4
2026.04.28	01:45:29.267		0.78533			4
2026.04.28	01:45:29.566		0.78534			4
2026.04.28	01:45:32.374		0.78535			4
2026.04.28	01:45:32.675		0.78533			4
2026.04.28	01:45:35.866		0.78534			4
2026.04.28	01:46:01.366	0.78527				2
2026.04.28	01:46:41.604		0.78534			4
2026.04.28	01:46:47.315		0.78533			4
2026.04.28	01:46:50.567		0.78534			4
2026.04.28	01:47:04.367	0.78527				2
2026.04.28	01:47:22.666	0.78526				2
2026.04.28	01:47:22.967		0.78533			4
2026.04.28	01:48:07.131	0.78526				2
2026.04.28	01:48:07.432		0.78534			4
2026.04.28	01:49:01.166	0.78526				2
2026.04.28	01:49:01.466		0.78533			4
2026.04.28	01:49:02.900		0.78534			4
2026.04.28	01:49:03.200		0.78533			4
2026.04.28	01:50:01.367	0.78526				2
2026.04.28	01:50:07.477		0.78533			4
2026.04.28	01:50:11.898	0.78525				2
2026.04.28	01:50:13.308	0.78526				2
2026.04.28	01:50:58.910		0.78532			4
2026.04.28	01:51:00.302	0.78526	0.78533			6
2026.04.28	01:51:04.668	0.78527				2
2026.04.28	01:51:09.767	0.78526				2
2026.04.28	01:51:15.416	0.78527	0.78534			6
2026.04.28	01:51:20.268	0.78526	0.78533			6
2026.04.28	01:51:26.313	0.78527				2
2026.04.28	01:51:42.868	0.78526	0.78534			6
2026.04.28	01:51:51.848	0.78524	0.78532			6
2026.04.28	01:52:00.007	0.78524	0.78533			6
2026.04.28	01:52:02.635	0.78525	0.78532			6
2026.04.28	01:52:04.103	0.78526	0.78533			6
2026.04.28	01:52:05.661	0.78527				2
2026.04.28	01:52:08.718	0.78526				2
2026.04.28	01:52:41.367	0.78525				2
2026.04.28	01:52:47.039		0.78534			4
2026.04.28	01:52:48.767	0.78526	0.78533			6
2026.04.28	01:53:01.965	0.78526				2
2026.04.28	01:53:02.265	0.78525	0.78531			6
2026.04.28	01:53:05.567	0.78524				2
2026.04.28	01:53:05.867		0.78532			4
2026.04.28	01:53:11.867		0.78531			4
2026.04.28	01:53:17.266		0.78532			4
2026.04.28	01:53:24.278		0.78531			4
2026.04.28	01:53:28.668		0.78532			4
2026.04.28	01:53:38.371		0.78531			4
2026.04.28	01:53:47.867		0.78530			4
2026.04.28	01:53:58.067		0.78531			4
2026.04.28	01:54:00.602	0.78524				2
2026.04.28	01:54:37.816	0.78525				2
2026.04.28	01:54:38.125	0.78524	0.78528			6
2026.04.28	01:54:38.443	0.78525	0.78531			6
2026.04.28	01:54:38.746	0.78524	0.78528			6
2026.04.28	01:54:39.048	0.78525	0.78531			6
2026.04.28	01:54:39.348	0.78524	0.78528			6
2026.04.28	01:54:39.650	0.78525	0.78531			6
2026.04.28	01:54:39.981	0.78524	0.78528			6
2026.04.28	01:54:40.281	0.78525	0.78531			6
2026.04.28	01:54:40.592	0.78524	0.78528			6
2026.04.28	01:54:40.892	0.78525	0.78531			6
2026.04.28	01:54:41.492	0.78524				2
2026.04.28	01:54:45.000	0.78522	0.78529			6
2026.04.28	01:54:54.720	0.78523	0.78530			6
2026.04.28	01:55:03.766	0.78523				2
2026.04.28	01:55:18.570	0.78524				2
2026.04.28	01:55:18.876	0.78523				2
2026.04.28	01:55:21.166		0.78529			4
2026.04.28	01:55:24.307	0.78524	0.78530			6
2026.04.28	01:55:33.766	0.78523				2
2026.04.28	01:55:55.366		0.78529			4
2026.04.28	01:55:59.267	0.78522				2
2026.04.28	01:56:00.070	0.78522				2
2026.04.28	01:56:00.370	0.78520	0.78527			6
2026.04.28	01:56:04.367	0.78521				2
2026.04.28	01:56:04.668	0.78519	0.78526			6
2026.04.28	01:56:09.713	0.78524	0.78530			6
2026.04.28	01:56:17.567	0.78523				2
2026.04.28	01:56:22.066	0.78524				2
2026.04.28	01:56:56.880		0.78532			4
2026.04.28	01:56:57.181		0.78531			4
2026.04.28	01:57:00.744	0.78524				2
2026.04.28	01:57:01.346	0.78525				2
2026.04.28	01:57:21.290		0.78532			4
2026.04.28	01:57:26.227	0.78524				2
2026.04.28	01:57:27.564		0.78531			4
2026.04.28	01:57:29.216	0.78525	0.78532			6
2026.04.28	01:57:29.520	0.78526				2
2026.04.28	01:57:35.918	0.78527	0.78534			6
2026.04.28	01:57:36.845	0.78528				2
2026.04.28	01:57:40.112	0.78527				2
2026.04.28	01:57:44.867		0.78533			4
2026.04.28	01:57:47.197	0.78528	0.78536			6
2026.04.28	01:57:48.886		0.78535			4
2026.04.28	01:57:52.099	0.78530	0.78537			6
2026.04.28	01:58:08.268	0.78530				2
2026.04.28	01:58:15.790	0.78531	0.78538			6
2026.04.28	01:58:18.361	0.78530	0.78537			6
2026.04.28	01:58:23.554	0.78532	0.78538			6
2026.04.28	01:58:24.776	0.78530	0.78537			6
2026.04.28	01:58:26.202	0.78532	0.78538			6
2026.04.28	01:58:27.499	0.78530	0.78537			6
2026.04.28	01:58:40.563		0.78536			4
2026.04.28	01:58:55.185	0.78531	0.78537			6
2026.04.28	01:58:58.579	0.78532	0.78539			6
2026.04.28	01:59:00.319	0.78532				2
2026.04.28	01:59:00.619	0.78533				2
2026.04.28	01:59:12.680	0.78532	0.78538			6
2026.04.28	01:59:13.367	0.78531				2
2026.04.28	01:59:21.500	0.78532				2
2026.04.28	01:59:23.076	0.78533	0.78539			6
2026.04.28	01:59:35.149	0.78532	0.78538			6
2026.04.28	01:59:41.059	0.78533	0.78539			6
2026.04.28	01:59:45.439	0.78534	0.78540			6
2026.04.28	01:59:46.179	0.78535	0.78541			6
2026.04.28	01:59:47.083		0.78542			4
2026.04.28	01:59:49.968	0.78536				2
2026.04.28	01:59:57.081	0.78533	0.78539			6
2026.04.28	02:00:00.004	0.78533				2
2026.04.28	02:00:02.550	0.78535	0.78542			6
2026.04.28	02:00:04.053	0.78536				2
2026.04.28	02:00:06.669	0.78534	0.78541			6
2026.04.28	02:00:06.970	0.78535	0.78542			6
2026.04.28	02:00:09.460	0.78536				2
2026.04.28	02:00:09.761	0.78537	0.78543			6
2026.04.28	02:00:11.415		0.78544			4
2026.04.28	02:00:12.512	0.78538	0.78545			6
2026.04.28	02:00:13.667	0.78539	0.78546			6
2026.04.28	02:00:16.103		0.78545			4
2026.04.28	02:00:16.403	0.78538	0.78544			6
2026.04.28	02:00:16.705	0.78535	0.78540			6
2026.04.28	02:00:17.754	0.78536	0.78542			6
2026.04.28	02:00:24.563	0.78537	0.78544			6
2026.04.28	02:00:25.526	0.78538	0.78543			6
2026.04.28	02:00:27.171		0.78545			4
2026.04.28	02:00:28.843	0.78539				2
2026.04.28	02:00:31.676	0.78538				2
2026.04.28	02:00:34.302	0.78539				2
2026.04.28	02:00:35.947	0.78540	0.78546			6
2026.04.28	02:00:37.095	0.78541	0.78547			6
2026.04.28	02:00:37.770	0.78540				2
2026.04.28	02:00:39.376	0.78541				2
2026.04.28	02:00:46.117	0.78542	0.78548			6
2026.04.28	02:00:50.267		0.78547			4
2026.04.28	02:00:51.978		0.78548			4
2026.04.28	02:00:54.525	0.78543	0.78550			6
2026.04.28	02:01:00.131	0.78542				2
2026.04.28	02:01:04.893	0.78538	0.78544			6
2026.04.28	02:01:08.198		0.78543			4
2026.04.28	02:01:14.567		0.78544			4
2026.04.28	02:01:16.617	0.78536	0.78542			6
2026.04.28	02:01:23.707	0.78535	0.78540			6
2026.04.28	02:01:27.377		0.78541			4
2026.04.28	02:01:32.567	0.78536				2
2026.04.28	02:01:37.602	0.78535				2
2026.04.28	02:01:37.902	0.78536				2
2026.04.28	02:02:00.098	0.78536				2
2026.04.28	02:02:02.252	0.78535				2
2026.04.28	02:02:15.019	0.78534	0.78542			6
2026.04.28	02:02:15.320	0.78537	0.78538			6
2026.04.28	02:02:17.126		0.78539			4
2026.04.28	02:02:17.727	0.78535	0.78541			6
2026.04.28	02:03:00.145	0.78535				2
2026.04.28	02:03:13.520	0.78536				2
2026.04.28	02:03:23.542		0.78541			4
2026.04.28	02:03:40.739	0.78533	0.78539			6
2026.04.28	02:03:42.271	0.78534				2
2026.04.28	02:03:43.913	0.78531	0.78536			6
2026.04.28	02:03:48.167		0.78537			4
2026.04.28	02:03:56.163		0.78538			4
2026.04.28	02:04:06.461	0.78531				2
2026.04.28	02:04:07.964	0.78530				2
2026.04.28	02:04:11.066	0.78531				2
2026.04.28	02:04:19.218		0.78536			4
2026.04.28	02:04:19.519		0.78537			4
2026.04.28	02:04:25.886	0.78532	0.78538			6
2026.04.28	02:04:30.220	0.78533				2
2026.04.28	02:04:31.419	0.78532				2
2026.04.28	02:04:31.719	0.78531	0.78536			6
2026.04.28	02:04:32.745		0.78537			4
2026.04.28	02:04:36.273		0.78536			4
2026.04.28	02:04:37.924		0.78538			4
2026.04.28	02:04:38.239		0.78536			4
2026.04.28	02:04:38.540		0.78538			4
2026.04.28	02:04:40.648	0.78529	0.78536			6
2026.04.28	02:04:42.253	0.78531				2
2026.04.28	02:04:42.553		0.78535			4
2026.04.28	02:04:43.155	0.78530				2
2026.04.28	02:04:44.056		0.78536			4
2026.04.28	02:05:03.102	0.78530				2
2026.04.28	02:05:38.706	0.78529				2
2026.04.28	02:05:40.632	0.78530				2
2026.04.28	02:05:44.358		0.78536			4
2026.04.28	02:05:46.030	0.78531				2
2026.04.28	02:05:46.330		0.78537			4
2026.04.28	02:05:56.315		0.78536			4
2026.04.28	02:06:00.535	0.78531				2
2026.04.28	02:06:01.175		0.78537			4
2026.04.28	02:06:19.224		0.78538			4
2026.04.28	02:06:22.067	0.78532				2
2026.04.28	02:06:42.712	0.78533				2
2026.04.28	02:06:46.547	0.78532				2
2026.04.28	02:07:02.453	0.78532				2
2026.04.28	02:07:02.754	0.78531	0.78537			6
2026.04.28	02:07:03.055	0.78539	0.78545			6
2026.04.28	02:07:07.067	0.78540				2
2026.04.28	02:07:15.767	0.78539				2
2026.04.28	02:08:00.364	0.78539				2
2026.04.28	02:08:01.962	0.78538	0.78547			6
2026.04.28	02:08:02.262	0.78539	0.78546			6
2026.04.28	02:08:02.562		0.78545			4
2026.04.28	02:08:03.979		0.78546			4
2026.04.28	02:08:04.382		0.78545			4
2026.04.28	02:08:05.008		0.78546			4
2026.04.28	02:08:06.273		0.78545			4
2026.04.28	02:08:06.573		0.78546			4
2026.04.28	02:08:12.669	0.78538	0.78544			6
2026.04.28	02:08:17.567	0.78537				2
2026.04.28	02:08:17.867	0.78542	0.78548			6
2026.04.28	02:08:18.818	0.78541				2
2026.04.28	02:08:19.120		0.78549			4
2026.04.28	02:08:21.400		0.78550			4
2026.04.28	02:08:25.067	0.78542	0.78549			6
2026.04.28	02:08:26.477	0.78541				2
2026.04.28	02:08:33.909		0.78548			4
2026.04.28	02:08:41.735	0.78540	0.78547			6
2026.04.28	02:08:43.480		0.78548			4
2026.04.28	02:08:51.725		0.78549			4
2026.04.28	02:08:55.537		0.78548			4
2026.04.28	02:08:59.566		0.78547			4
2026.04.28	02:09:00.288	0.78540				2
2026.04.28	02:09:03.006		0.78548			4
2026.04.28	02:09:04.811	0.78536	0.78542			6
2026.04.28	02:09:14.787		0.78543			4
2026.04.28	02:09:21.382		0.78542			4
2026.04.28	02:09:23.220	0.78537				2
2026.04.28	02:09:25.357	0.78536				2
2026.04.28	02:09:25.659		0.78543			4
2026.04.28	02:09:30.977	0.78533	0.78539			6
2026.04.28	02:09:38.976	0.78531	0.78537			6
2026.04.28	02:09:42.372	0.78533	0.78538			6
2026.04.28	02:09:53.571		0.78539			4
2026.04.28	02:10:00.467	0.78533				2
2026.04.28	02:10:14.060		0.78540			4
2026.04.28	02:10:18.107	0.78534				2
2026.04.28	02:10:39.218	0.78533	0.78539			6
2026.04.28	02:10:42.365		0.78540			4
2026.04.28	02:10:50.567		0.78539			4
2026.04.28	02:10:57.263	0.78534	0.78540			6
2026.04.28	02:11:03.385	0.78534				2
2026.04.28	02:11:03.686	0.78532	0.78538			6
2026.04.28	02:11:45.897	0.78530	0.78536			6
2026.04.28	02:12:07.452	0.78530				2
2026.04.28	02:12:19.640		0.78537			4
2026.04.28	02:12:21.499	0.78532	0.78538			6
2026.04.28	02:12:27.208	0.78533	0.78539			6
2026.04.28	02:12:43.255		0.78540			4
2026.04.28	02:12:58.667		0.78539			4
2026.04.28	02:13:01.343	0.78533				2
2026.04.28	02:13:24.986	0.78531	0.78537			6
2026.04.28	02:13:32.782	0.78530				2
2026.04.28	02:14:00.283	0.78530				2
2026.04.28	02:14:00.582		0.78536			4
2026.04.28	02:14:04.726	0.78531	0.78540			6
2026.04.28	02:14:13.677		0.78538			4
2026.04.28	02:14:17.566	0.78530				2
2026.04.28	02:14:24.323		0.78537			4
2026.04.28	02:14:26.449		0.78540			4
2026.04.28	02:14:26.749	0.78531	0.78539			6
2026.04.28	02:14:32.776		0.78538			4
2026.04.28	02:14:36.885		0.78539			4
2026.04.28	02:14:38.315		0.78538			4
2026.04.28	02:14:46.476		0.78539			4
2026.04.28	02:14:46.778		0.78538			4
2026.04.28	02:14:53.373	0.78532	0.78539			6
2026.04.28	02:14:55.052		0.78540			4
2026.04.28	02:15:00.006	0.78532				2
2026.04.28	02:15:01.820	0.78534				2
2026.04.28	02:15:02.120	0.78532	0.78538			6
2026.04.28	02:15:02.420	0.78534	0.78540			6
2026.04.28	02:15:03.622	0.78532				2
2026.04.28	02:15:09.264		0.78539			4
2026.04.28	02:15:11.425	0.78531				2
2026.04.28	02:15:11.725		0.78540			4
2026.04.28	02:15:36.470	0.78532	0.78539			6
2026.04.28	02:15:43.597		0.78540			4
2026.04.28	02:15:44.198		0.78539			4
2026.04.28	02:15:47.229	0.78531	0.78538			6
2026.04.28	02:15:55.660		0.78537			4
2026.04.28	02:16:00.106	0.78531				2
2026.04.28	02:16:19.032	0.78532				2
2026.04.28	02:16:20.558		0.78538			4
2026.04.28	02:16:34.301		0.78539			4
2026.04.28	02:16:51.289	0.78533				2
2026.04.28	02:17:01.124	0.78533				2
2026.04.28	02:17:35.523		0.78539			4
2026.04.28	02:17:55.031	0.78532	0.78540			6
2026.04.28	02:17:55.332	0.78533				2
2026.04.28	02:17:56.369		0.78539			4
2026.04.28	02:18:00.480	0.78533				2
2026.04.28	02:18:00.781		0.78540			4
2026.04.28	02:18:01.896		0.78539			4
2026.04.28	02:18:03.273	0.78532	0.78540			6
2026.04.28	02:18:25.981	0.78533	0.78539			6
2026.04.28	02:18:34.367	0.78532				2
2026.04.28	02:18:39.773	0.78533	0.78540			6
2026.04.28	02:18:41.728	0.78534				2
2026.04.28	02:18:42.814	0.78533	0.78541			6
2026.04.28	02:18:56.267	0.78534				2
2026.04.28	02:18:56.568		0.78540			4
2026.04.28	02:18:59.404	0.78533				2
2026.04.28	02:18:59.704	0.78534				2
2026.04.28	02:19:03.417	0.78534				2
2026.04.28	02:19:24.414	0.78535	0.78541			6
2026.04.28	02:19:25.511	0.78534	0.78540			6
2026.04.28	02:19:40.605	0.78535	0.78541			6
2026.04.28	02:19:51.231	0.78534	0.78540			6
2026.04.28	02:20:11.675	0.78534				2
2026.04.28	02:20:23.483	0.78535				2
2026.04.28	02:20:23.783		0.78541			4
2026.04.28	02:20:24.083	0.78534	0.78540			6
2026.04.28	02:21:00.073	0.78534				2
2026.04.28	02:21:00.370	0.78533	0.78538			6
2026.04.28	02:21:05.321	0.78532				2
2026.04.28	02:21:05.622		0.78539			4
2026.04.28	02:21:10.105		0.78538			4
2026.04.28	02:21:10.405		0.78537			4
2026.04.28	02:21:26.868	0.78531	0.78538			6
2026.04.28	02:21:47.569		0.78537			4
2026.04.28	02:21:49.032		0.78538			4
2026.04.28	02:22:02.661	0.78531				2
2026.04.28	02:22:02.963	0.78532	0.78537			6
2026.04.28	02:22:08.566	0.78531	0.78538			6
2026.04.28	02:22:17.549	0.78532				2
2026.04.28	02:22:17.849		0.78537			4
2026.04.28	02:22:20.620	0.78531	0.78538			6
2026.04.28	02:22:22.537	0.78532				2
2026.04.28	02:22:23.800	0.78535	0.78540			6
2026.04.28	02:23:02.425	0.78535				2
2026.04.28	02:23:10.620	0.78534				2
2026.04.28	02:23:10.922		0.78539			4
2026.04.28	02:23:11.782		0.78540			4
2026.04.28	02:23:13.511		0.78539			4
2026.04.28	02:23:13.812	0.78532	0.78538			6
2026.04.28	02:23:14.113	0.78529	0.78535			6
2026.04.28	02:23:15.192	0.78528	0.78536			6
2026.04.28	02:23:20.566	0.78529				2
2026.04.28	02:23:21.280	0.78530				2
2026.04.28	02:23:30.311		0.78535			4
2026.04.28	02:23:36.379		0.78536			4
2026.04.28	02:23:55.002		0.78535			4
2026.04.28	02:24:01.124	0.78530				2
2026.04.28	02:24:59.039		0.78535			4
2026.04.28	02:25:03.075	0.78530				2
2026.04.28	02:25:26.126		0.78536			4
2026.04.28	02:25:39.207	0.78529	0.78534			6
2026.04.28	02:25:44.076	0.78528				2
2026.04.28	02:26:00.107	0.78528				2
2026.04.28	02:26:01.284	0.78529	0.78536			6
2026.04.28	02:26:05.194	0.78532				2
2026.04.28	02:26:05.541	0.78529	0.78535			6
2026.04.28	02:26:05.841	0.78532	0.78536			6
2026.04.28	02:26:06.144	0.78529	0.78535			6
2026.04.28	02:26:06.454	0.78532	0.78536			6
2026.04.28	02:26:06.778	0.78529	0.78535			6
2026.04.28	02:26:07.091	0.78532	0.78536			6
2026.04.28	02:26:07.391	0.78529	0.78535			6
2026.04.28	02:26:07.711	0.78532	0.78536			6
2026.04.28	02:26:08.016	0.78529	0.78535			6
2026.04.28	02:26:08.326	0.78532	0.78536			6
2026.04.28	02:26:08.655	0.78529				2
2026.04.28	02:26:21.545	0.78534	0.78539			6
2026.04.28	02:26:23.576		0.78540			4
2026.04.28	02:26:23.876	0.78533	0.78539			6
2026.04.28	02:26:27.528	0.78534				2
2026.04.28	02:26:34.879	0.78537	0.78543			6
2026.04.28	02:26:35.177	0.78539	0.78545			6
2026.04.28	02:26:58.623	0.78540				2
2026.04.28	02:27:00.368	0.78539				2
2026.04.28	02:27:36.877		0.78545			4
2026.04.28	02:28:00.106	0.78539				2
2026.04.28	02:28:13.982	0.78538	0.78544			6
2026.04.28	02:28:16.781		0.78545			4
2026.04.28	02:28:33.564		0.78544			4
2026.04.28	02:29:03.100	0.78538				2
2026.04.28	02:29:19.472	0.78537	0.78543			6
2026.04.28	02:29:37.568	0.78536	0.78542			6
2026.04.28	02:29:50.887		0.78543			4
2026.04.28	02:30:00.003	0.78536				2
2026.04.28	02:30:12.763		0.78544			4
2026.04.28	02:30:38.567	0.78537				2
2026.04.28	02:30:59.567	0.78536				2
2026.04.28	02:31:01.216	0.78536				2
2026.04.28	02:31:01.516		0.78543			4
2026.04.28	02:31:09.443	0.78535	0.78542			6
2026.04.28	02:31:10.590		0.78543			4
2026.04.28	02:31:16.482	0.78537				2
2026.04.28	02:31:55.707	0.78536				2
2026.04.28	02:31:56.008		0.78544			4
2026.04.28	02:32:00.017	0.78536				2
2026.04.28	02:32:02.417	0.78540	0.78547			6
2026.04.28	02:32:04.801	0.78542	0.78548			6
2026.04.28	02:32:10.074		0.78549			4
2026.04.28	02:32:40.107		0.78550			4
2026.04.28	02:33:01.124	0.78542				2
2026.04.28	02:33:45.826		0.78550			4
2026.04.28	02:34:00.669	0.78542				2
2026.04.28	02:34:00.969	0.78539	0.78546			6
2026.04.28	02:34:01.870	0.78538				2
2026.04.28	02:34:04.534	0.78539				2
2026.04.28	02:34:41.421	0.78538				2
2026.04.28	02:34:45.845	0.78539				2
2026.04.28	02:34:46.145	0.78538				2
2026.04.28	02:34:59.566		0.78545			4
2026.04.28	02:35:00.376	0.78538				2
2026.04.28	02:35:01.592	0.78537				2
2026.04.28	02:35:14.605		0.78543			4
2026.04.28	02:35:14.906	0.78540	0.78545			6
2026.04.28	02:35:16.107	0.78537	0.78543			6
2026.04.28	02:35:16.408		0.78545			4
2026.04.28	02:35:16.708	0.78538				2
2026.04.28	02:35:17.931	0.78539	0.78546			6
2026.04.28	02:35:21.456	0.78540	0.78547			6
2026.04.28	02:35:21.758		0.78546			4
2026.04.28	02:35:48.065	0.78539				2
2026.04.28	02:36:00.072	0.78539	0.78547			6
2026.04.28	02:36:11.588		0.78546			4
2026.04.28	02:36:14.566	0.78538				2
2026.04.28	02:36:14.866		0.78545			4
2026.04.28	02:36:35.566		0.78544			4
2026.04.28	02:36:59.199	0.78539	0.78546			6
2026.04.28	02:37:00.037	0.78539				2
2026.04.28	02:37:31.526	0.78538	0.78545			6
2026.04.28	02:37:31.827	0.78536	0.78543			6
2026.04.28	02:37:35.491	0.78537				2
2026.04.28	02:37:47.621		0.78544			4
2026.04.28	02:37:59.147	0.78536				2
2026.04.28	02:38:00.106	0.78536				2
2026.04.28	02:38:09.214		0.78542			4
2026.04.28	02:38:09.815		0.78543			4
2026.04.28	02:38:10.720	0.78535	0.78542			6
2026.04.28	02:38:11.017		0.78543			4
2026.04.28	02:38:12.490	0.78536				2
2026.04.28	02:38:14.626		0.78542			4
2026.04.28	02:38:38.668		0.78543			4
2026.04.28	02:39:05.694	0.78536				2
2026.04.28	02:39:28.350		0.78542			4
2026.04.28	02:39:36.021		0.78543			4
2026.04.28	02:40:00.695	0.78536				2
2026.04.28	02:40:12.780		0.78544			4
2026.04.28	02:40:44.331	0.78537				2
2026.04.28	02:40:44.631		0.78543			4
2026.04.28	02:41:00.614	0.78537				2
2026.04.28	02:41:56.044		0.78543			4
2026.04.28	02:42:00.674	0.78537				2
2026.04.28	02:42:27.056		0.78544			4
2026.04.28	02:42:31.350		0.78545			4
2026.04.28	02:42:40.680	0.78539				2
2026.04.28	02:42:44.566		0.78546			4
2026.04.28	02:42:53.649	0.78540				2
2026.04.28	02:42:53.949	0.78539				2
2026.04.28	02:43:01.125	0.78539				2
2026.04.28	02:43:17.034		0.78545			4
2026.04.28	02:43:20.107	0.78538				2
2026.04.28	02:43:34.852	0.78539	0.78546			6
2026.04.28	02:44:01.285	0.78539				2
2026.04.28	02:44:30.161		0.78545			4
2026.04.28	02:44:41.418	0.78538	0.78544			6
2026.04.28	02:44:42.544	0.78537	0.78543			6
2026.04.28	02:45:00.294	0.78537				2
2026.04.28	02:45:02.259	0.78536				2
2026.04.28	02:45:06.474	0.78535	0.78542			6
2026.04.28	02:45:13.198		0.78541			4
2026.04.28	02:45:14.069	0.78532	0.78539			6
2026.04.28	02:45:14.370	0.78533				2
2026.04.28	02:45:23.415	0.78534	0.78540			6
2026.04.28	02:45:42.135	0.78538	0.78544			6
2026.04.28	02:45:54.230	0.78536	0.78542			6
2026.04.28	02:46:00.273	0.78536				2
2026.04.28	02:46:13.540	0.78537	0.78543			6
2026.04.28	02:46:38.123	0.78535				2
2026.04.28	02:46:38.420		0.78545			4
2026.04.28	02:47:00.851	0.78535				2
2026.04.28	02:47:01.452	0.78536				2
2026.04.28	02:47:01.755		0.78546			4
2026.04.28	02:47:18.354	0.78537				2
2026.04.28	02:47:35.477		0.78547			4
2026.04.28	02:47:36.988	0.78538	0.78548			6
2026.04.28	02:48:00.016	0.78538				2
2026.04.28	02:48:01.648		0.78547			4
2026.04.28	02:48:31.628	0.78535	0.78544			6
2026.04.28	02:48:39.685		0.78545			4
2026.04.28	02:48:39.984	0.78537	0.78546			6
2026.04.28	02:48:40.585	0.78536				2
2026.04.28	02:48:46.877	0.78538	0.78547			6
2026.04.28	02:49:02.167	0.78538				2
2026.04.28	02:49:27.105		0.78548			4
2026.04.28	02:49:30.558	0.78541				2
2026.04.28	02:49:32.363	0.78538				2
2026.04.28	02:49:35.104		0.78547			4
2026.04.28	02:50:04.882	0.78538				2
2026.04.28	02:50:05.183	0.78537				2
2026.04.28	02:50:08.571	0.78538				2
2026.04.28	02:50:16.290	0.78537	0.78545			6
2026.04.28	02:50:25.946		0.78547			4
2026.04.28	02:50:43.240	0.78538				2
2026.04.28	02:50:59.086	0.78539				2
2026.04.28	02:50:59.386		0.78546			4
2026.04.28	02:51:07.175	0.78539	0.78547			6
2026.04.28	02:51:25.040		0.78546			4
2026.04.28	02:51:27.269		0.78547			4
2026.04.28	02:51:40.336		0.78546			4
2026.04.28	02:51:51.456	0.78540				2
2026.04.28	02:52:00.118	0.78540				2
2026.04.28	02:52:00.741	0.78539				2
2026.04.28	02:52:01.620		0.78547			4
2026.04.28	02:52:03.474	0.78537	0.78545			6
2026.04.28	02:52:05.263	0.78538	0.78544			6
2026.04.28	02:52:18.906	0.78537	0.78545			6
2026.04.28	02:52:27.283	0.78538				2
2026.04.28	02:52:27.585		0.78544			4
2026.04.28	02:52:41.296	0.78536	0.78543			6
2026.04.28	02:52:42.579	0.78537				2
2026.04.28	02:52:59.967	0.78535				2
2026.04.28	02:53:00.597	0.78535				2
2026.04.28	02:53:01.538		0.78542			4
2026.04.28	02:53:01.838	0.78534	0.78543			6
2026.04.28	02:53:05.401		0.78542			4
2026.04.28	02:53:08.438		0.78543			4
2026.04.28	02:53:14.536		0.78542			4
2026.04.28	02:53:23.566		0.78541			4
2026.04.28	02:53:30.467	0.78535				2
2026.04.28	02:53:46.366	0.78534				2
2026.04.28	02:53:48.321	0.78535				2
2026.04.28	02:54:00.668	0.78535				2
2026.04.28	02:54:03.312	0.78534				2
2026.04.28	02:54:07.508		0.78540			4
2026.04.28	02:54:23.166		0.78541			4
2026.04.28	02:54:24.796	0.78531	0.78537			6
2026.04.28	02:54:26.615	0.78532	0.78538			6
2026.04.28	02:54:27.922	0.78530				2
2026.04.28	02:54:30.596	0.78532				2
2026.04.28	02:54:32.199	0.78531				2
2026.04.28	02:54:39.546	0.78532				2
2026.04.28	02:54:39.847	0.78531				2
2026.04.28	02:54:40.554	0.78532				2
2026.04.28	02:54:41.664	0.78533				2
2026.04.28	02:54:44.708	0.78531				2
2026.04.28	02:54:55.238	0.78532				2
2026.04.28	02:54:55.538	0.78530				2
2026.04.28	02:54:57.253		0.78537			4
2026.04.28	02:55:01.195	0.78530				2
2026.04.28	02:55:07.768	0.78531				2
2026.04.28	02:55:10.706	0.78532	0.78538			6
2026.04.28	02:55:20.563	0.78533	0.78539			6
2026.04.28	02:55:22.573		0.78540			4
2026.04.28	02:55:26.283	0.78534				2
2026.04.28	02:55:29.169	0.78533				2
2026.04.28	02:55:30.675	0.78532				2
2026.04.28	02:55:32.093	0.78533				2
2026.04.28	02:55:35.780		0.78539			4
2026.04.28	02:55:36.570	0.78532	0.78540			6
2026.04.28	02:56:00.069	0.78532				2
2026.04.28	02:56:37.840		0.78540			4
2026.04.28	02:56:38.141	0.78533	0.78541			6
2026.04.28	02:56:39.193	0.78532				2
2026.04.28	02:56:39.494	0.78533				2
2026.04.28	02:56:39.794	0.78532				2
2026.04.28	02:56:40.500	0.78533	0.78542			6
2026.04.28	02:56:57.540	0.78535	0.78543			6
2026.04.28	02:57:00.014	0.78535				2
2026.04.28	02:57:03.156	0.78536	0.78544			6
2026.04.28	02:57:03.458	0.78538				2
2026.04.28	02:57:09.094	0.78535	0.78543			6
2026.04.28	02:57:09.394	0.78536				2
2026.04.28	02:57:09.695	0.78535				2
2026.04.28	02:57:12.193	0.78536				2
2026.04.28	02:57:12.701	0.78537				2
2026.04.28	02:57:13.357	0.78538				2
2026.04.28	02:57:20.415		0.78541			4
2026.04.28	02:57:20.762		0.78543			4
2026.04.28	02:57:21.069		0.78541			4
2026.04.28	02:57:21.398		0.78543			4
2026.04.28	02:57:21.707		0.78541			4
2026.04.28	02:57:22.060		0.78543			4
2026.04.28	02:57:22.378		0.78541			4
2026.04.28	02:57:22.690		0.78543			4
2026.04.28	02:57:23.013		0.78541			4
2026.04.28	02:57:23.359		0.78543			4
2026.04.28	02:57:23.676		0.78541			4
2026.04.28	02:57:24.004		0.78543			4
2026.04.28	02:57:29.873	0.78537				2
2026.04.28	02:57:30.588	0.78536				2
2026.04.28	02:57:33.773	0.78537				2
2026.04.28	02:57:36.765	0.78538				2
2026.04.28	02:57:37.065		0.78544			4
2026.04.28	02:57:42.771	0.78537	0.78543			6
2026.04.28	02:57:43.073	0.78535				2
2026.04.28	02:57:47.992	0.78537				2
2026.04.28	02:57:48.296	0.78535				2
2026.04.28	02:57:49.565	0.78536				2
2026.04.28	02:57:50.368	0.78535				2
2026.04.28	02:57:52.355	0.78536				2
2026.04.28	02:57:53.377	0.78535				2
2026.04.28	02:58:02.451	0.78536				2
2026.04.28	02:58:03.583	0.78535				2
2026.04.28	02:58:03.919	0.78536				2
2026.04.28	02:58:07.123	0.78538				2
2026.04.28	02:58:07.423	0.78536	0.78541			6
2026.04.28	02:58:07.724	0.78538	0.78543			6
2026.04.28	02:58:08.325	0.78536	0.78541			6
2026.04.28	02:58:08.925		0.78543			4
2026.04.28	02:58:11.789	0.78539	0.78540			6
2026.04.28	02:58:13.291	0.78538	0.78541			6
2026.04.28	02:58:13.895	0.78539	0.78542			6
2026.04.28	02:58:15.096	0.78536	0.78543			6
2026.04.28	02:58:20.737	0.78537				2
2026.04.28	02:58:21.340	0.78536				2
2026.04.28	02:58:27.580		0.78542			4
2026.04.28	02:58:30.244	0.78534	0.78541			6
2026.04.28	02:58:31.419		0.78540			4
2026.04.28	02:58:54.390	0.78533				2
2026.04.28	02:58:57.721	0.78532	0.78538			6
2026.04.28	02:59:00.063	0.78532				2
2026.04.28	02:59:06.835		0.78539			4
2026.04.28	02:59:08.011	0.78533				2
2026.04.28	02:59:08.897	0.78532				2
2026.04.28	02:59:12.574	0.78531	0.78538			6
2026.04.28	02:59:14.601		0.78537			4
2026.04.28	02:59:35.675	0.78530				2
2026.04.28	02:59:39.791		0.78536			4
2026.04.28	03:00:00.006	0.78530				2
2026.04.28	03:00:00.607	0.78529	0.78535			6
2026.04.28	03:00:01.212	0.78527	0.78531			6
2026.04.28	03:00:01.508	0.78526	0.78532			6
2026.04.28	03:00:02.724	0.78527	0.78533			6
2026.04.28	03:00:03.927	0.78528	0.78534			6
2026.04.28	03:00:04.227	0.78529				2
2026.04.28	03:00:04.529	0.78528				2
2026.04.28	03:00:05.430	0.78529				2
2026.04.28	03:00:05.730		0.78535			4
2026.04.28	03:00:07.105	0.78527	0.78533			6
2026.04.28	03:00:08.306	0.78528	0.78534			6
2026.04.28	03:00:11.153	0.78527	0.78533			6
2026.04.28	03:00:16.117		0.78531			4
2026.04.28	03:00:16.506		0.78533			4
2026.04.28	03:00:16.805		0.78531			4
2026.04.28	03:00:17.445		0.78533			4
2026.04.28	03:00:17.747		0.78531			4
2026.04.28	03:00:18.049		0.78533			4
2026.04.28	03:00:18.351		0.78531			4
2026.04.28	03:00:18.651		0.78533			4
2026.04.28	03:00:18.953		0.78531			4
2026.04.28	03:00:19.249		0.78533			4
2026.04.28	03:00:19.581		0.78531			4
2026.04.28	03:00:20.179		0.78533			4
2026.04.28	03:00:20.780	0.78526	0.78532			6
2026.04.28	03:00:21.380	0.78527				2
2026.04.28	03:00:21.682	0.78526				2
2026.04.28	03:00:29.147	0.78527				2
2026.04.28	03:00:29.447	0.78524	0.78530			6
2026.04.28	03:00:29.746	0.78526	0.78531			6
2026.04.28	03:00:30.047		0.78532			4
2026.04.28	03:00:31.481	0.78527				2
2026.04.28	03:00:31.782	0.78528				2
2026.04.28	03:00:32.082		0.78533			4
2026.04.28	03:00:35.271	0.78527				2
2026.04.28	03:00:35.872	0.78528				2
2026.04.28	03:00:37.573	0.78527				2
2026.04.28	03:00:39.151		0.78532			4
2026.04.28	03:00:40.638	0.78528	0.78533			6
2026.04.28	03:00:43.237	0.78527				2
2026.04.28	03:00:45.459	0.78528				2
2026.04.28	03:00:46.498		0.78534			4
2026.04.28	03:00:47.201	0.78529				2
2026.04.28	03:00:47.735	0.78530				2
2026.04.28	03:00:48.789		0.78536			4
2026.04.28	03:01:00.163	0.78530				2
2026.04.28	03:01:00.463	0.78528	0.78533			6
2026.04.28	03:01:01.664		0.78534			4
2026.04.28	03:01:06.750	0.78529				2
2026.04.28	03:01:09.736	0.78528				2
2026.04.28	03:01:14.146		0.78533			4
2026.04.28	03:01:14.898		0.78534			4
2026.04.28	03:01:15.775	0.78527	0.78533			6
2026.04.28	03:01:16.075	0.78528	0.78534			6
2026.04.28	03:01:17.031	0.78527	0.78533			6
2026.04.28	03:01:17.933	0.78526	0.78532			6
2026.04.28	03:01:19.279		0.78531			4
2026.04.28	03:01:22.297		0.78532			4
2026.04.28	03:01:31.642	0.78523	0.78529			6
2026.04.28	03:01:33.138		0.78528			4
2026.04.28	03:01:35.124		0.78529			4
2026.04.28	03:01:35.425	0.78522	0.78528			6
2026.04.28	03:01:35.726	0.78520	0.78526			6
2026.04.28	03:01:36.025	0.78521	0.78527			6
2026.04.28	03:01:37.790	0.78520	0.78526			6
2026.04.28	03:01:43.393	0.78521	0.78527			6
2026.04.28	03:01:43.693	0.78520	0.78526			6
2026.04.28	03:01:52.487	0.78521	0.78527			6
2026.04.28	03:01:53.736	0.78520	0.78526			6
2026.04.28	03:01:54.035		0.78525			4
2026.04.28	03:01:54.336	0.78517	0.78523			6
2026.04.28	03:02:00.343	0.78517				2
2026.04.28	03:02:00.643	0.78518				2
2026.04.28	03:02:09.408		0.78524			4
2026.04.28	03:02:11.463		0.78523			4
2026.04.28	03:02:11.763	0.78517				2
2026.04.28	03:02:12.695	0.78518	0.78524			6
2026.04.28	03:02:12.998		0.78523			4
2026.04.28	03:02:20.407		0.78524			4
2026.04.28	03:02:27.766		0.78523			4
2026.04.28	03:02:28.580		0.78522			4
2026.04.28	03:02:28.880	0.78517	0.78523			6
2026.04.28	03:02:29.180	0.78518				2
2026.04.28	03:02:35.668	0.78517				2
2026.04.28	03:02:36.794	0.78516	0.78520			6
2026.04.28	03:02:37.092	0.78515				2
2026.04.28	03:02:37.394	0.78514				2
2026.04.28	03:02:37.693	0.78515				2
2026.04.28	03:02:38.591	0.78514				2
2026.04.28	03:02:38.892	0.78515				2
2026.04.28	03:02:39.191	0.78517	0.78523			6
2026.04.28	03:02:44.566	0.78518				2
2026.04.28	03:02:44.867		0.78524			4
2026.04.28	03:02:48.553	0.78517	0.78523			6
2026.04.28	03:02:49.503		0.78522			4
2026.04.28	03:02:54.697	0.78514	0.78520			6
2026.04.28	03:02:54.997	0.78515				2
2026.04.28	03:02:55.957		0.78521			4
2026.04.28	03:03:00.505	0.78515	0.78520			6
2026.04.28	03:03:01.606	0.78514	0.78519			6
2026.04.28	03:03:03.713		0.78518			4
2026.04.28	03:03:04.956		0.78519			4
2026.04.28	03:03:08.078		0.78520			4
2026.04.28	03:03:08.378	0.78515				2
2026.04.28	03:03:09.138	0.78516				2
2026.04.28	03:03:09.440	0.78515				2
2026.04.28	03:03:10.979	0.78514	0.78519			6
2026.04.28	03:03:11.278	0.78515	0.78520			6
2026.04.28	03:03:11.884	0.78517				2
2026.04.28	03:03:12.180	0.78518	0.78523			6
2026.04.28	03:03:12.482		0.78524			4
2026.04.28	03:03:12.781	0.78519	0.78523			6
2026.04.28	03:03:13.082		0.78524			4
2026.04.28	03:03:17.407		0.78523			4
2026.04.28	03:03:17.707	0.78518	0.78524			6
2026.04.28	03:03:18.008		0.78523			4
2026.04.28	03:03:18.714		0.78524			4
2026.04.28	03:03:19.014		0.78523			4
2026.04.28	03:03:19.316	0.78520	0.78524			6
2026.04.28	03:03:20.940		0.78525			4
2026.04.28	03:03:21.240	0.78519				2
2026.04.28	03:03:21.783	0.78520				2
2026.04.28	03:03:24.715	0.78519				2
2026.04.28	03:03:27.103		0.78524			4
2026.04.28	03:03:28.003	0.78521	0.78526			6
2026.04.28	03:03:28.905	0.78522	0.78527			6
2026.04.28	03:03:29.505	0.78521				2
2026.04.28	03:03:29.805		0.78526			4
2026.04.28	03:03:31.465	0.78520	0.78525			6
2026.04.28	03:03:34.181	0.78518	0.78523			6
2026.04.28	03:03:41.535	0.78517				2
2026.04.28	03:03:46.998	0.78518				2
2026.04.28	03:03:47.901	0.78517	0.78524			6
2026.04.28	03:03:48.202	0.78520	0.78522			6
2026.04.28	03:03:49.106	0.78521				2
2026.04.28	03:03:49.406	0.78520	0.78521			6
2026.04.28	03:03:49.707	0.78521	0.78522			6
2026.04.28	03:03:50.913	0.78518	0.78523			6
2026.04.28	03:03:52.307	0.78519				2
2026.04.28	03:03:53.254	0.78518				2
2026.04.28	03:03:54.641	0.78515	0.78520			6
2026.04.28	03:03:55.470	0.78514	0.78519			6
2026.04.28	03:03:56.708	0.78515				2
2026.04.28	03:03:58.159	0.78514				2
2026.04.28	03:04:00.162	0.78514	0.78520			6
2026.04.28	03:04:01.491	0.78516	0.78521			6
2026.04.28	03:04:01.791	0.78515				2
2026.04.28	03:04:02.090	0.78517	0.78522			6
2026.04.28	03:04:03.625	0.78516	0.78521			6
2026.04.28	03:04:09.901	0.78515				2
2026.04.28	03:04:13.141	0.78517	0.78522			6
2026.04.28	03:04:15.229	0.78516				2
2026.04.28	03:04:20.509		0.78521			4
2026.04.28	03:04:22.862		0.78520			4
2026.04.28	03:04:23.162		0.78521			4
2026.04.28	03:04:24.215		0.78520			4
2026.04.28	03:04:29.315		0.78521			4
2026.04.28	03:04:33.432	0.78515				2
2026.04.28	03:04:33.733	0.78516				2
2026.04.28	03:04:35.652	0.78517	0.78523			6
2026.04.28	03:04:37.505		0.78522			4
2026.04.28	03:04:38.050		0.78523			4
2026.04.28	03:04:44.668	0.78518				2
2026.04.28	03:04:45.269		0.78522			4
2026.04.28	03:04:45.569	0.78517				2
2026.04.28	03:04:46.170		0.78523			4
2026.04.28	03:04:46.470	0.78518	0.78524			6
2026.04.28	03:04:47.425	0.78521	0.78526			6
2026.04.28	03:04:47.723	0.78519	0.78523			6
2026.04.28	03:04:48.024	0.78518	0.78524			6
2026.04.28	03:04:48.624		0.78523			4
2026.04.28	03:04:49.226	0.78520	0.78524			6
2026.04.28	03:04:49.826	0.78518	0.78522			6
2026.04.28	03:04:50.728		0.78523			4
2026.04.28	03:04:51.357		0.78524			4
2026.04.28	03:04:52.240		0.78523			4
2026.04.28	03:04:55.210	0.78517				2
2026.04.28	03:04:55.511	0.78518				2
2026.04.28	03:04:58.152	0.78517				2
2026.04.28	03:05:00.015	0.78517				2
2026.04.28	03:05:06.502		0.78522			4
2026.04.28	03:05:06.912		0.78523			4
2026.04.28	03:05:07.514		0.78522			4
2026.04.28	03:05:07.973		0.78523			4
2026.04.28	03:05:09.396	0.78514	0.78520			6
2026.04.28	03:05:10.600	0.78515				2
2026.04.28	03:05:11.728	0.78514	0.78519			6
2026.04.28	03:05:12.026		0.78520			4
2026.04.28	03:05:12.929	0.78515				2
2026.04.28	03:05:13.229	0.78514				2
2026.04.28	03:05:17.350	0.78515	0.78521			6
2026.04.28	03:05:18.706	0.78514	0.78520			6
2026.04.28	03:05:23.372	0.78515				2
2026.04.28	03:05:23.671	0.78514				2
2026.04.28	03:05:25.252	0.78515	0.78519			6
2026.04.28	03:05:26.675	0.78514				2
2026.04.28	03:05:31.231	0.78513				2
2026.04.28	03:05:31.532	0.78514	0.78520			6
2026.04.28	03:05:31.831	0.78515				2
2026.04.28	03:05:32.733		0.78519			4
2026.04.28	03:05:33.033	0.78514				2
2026.04.28	03:05:33.935		0.78520			4
2026.04.28	03:05:36.191		0.78517			4
2026.04.28	03:05:36.491		0.78520			4
2026.04.28	03:05:37.391	0.78516	0.78521			6
2026.04.28	03:05:47.971	0.78515				2
2026.04.28	03:05:52.194	0.78516				2
2026.04.28	03:05:52.495		0.78522			4
2026.04.28	03:05:52.796		0.78521			4
2026.04.28	03:05:57.461	0.78515	0.78519			6
2026.04.28	03:05:58.913	0.78514				2
2026.04.28	03:05:59.214		0.78520			4
2026.04.28	03:05:59.514		0.78519			4
2026.04.28	03:06:00.123	0.78511	0.78517			6
2026.04.28	03:06:00.423		0.78516			4
2026.04.28	03:06:01.486		0.78517			4
2026.04.28	03:06:03.443	0.78512	0.78518			6
2026.04.28	03:06:03.744	0.78514	0.78519			6
2026.04.28	03:06:04.437	0.78513				2
2026.04.28	03:06:04.737		0.78518			4
2026.04.28	03:06:07.458	0.78512	0.78517			6
2026.04.28	03:06:08.956	0.78511				2
2026.04.28	03:06:10.001	0.78512				2
2026.04.28	03:06:14.378		0.78518			4
2026.04.28	03:06:15.951	0.78514	0.78519			6
2026.04.28	03:06:21.124		0.78520			4
2026.04.28	03:06:25.526		0.78519			4
2026.04.28	03:06:25.825	0.78513	0.78518			6
2026.04.28	03:06:29.755	0.78514	0.78519			6
2026.04.28	03:06:36.851	0.78512	0.78518			6
2026.04.28	03:06:42.490	0.78513				2
2026.04.28	03:06:44.316	0.78514	0.78519			6
2026.04.28	03:06:45.518	0.78513				2
2026.04.28	03:06:51.112		0.78518			4
2026.04.28	03:06:51.878		0.78519			4
2026.04.28	03:06:55.280		0.78518			4
2026.04.28	03:06:57.324	0.78512				2
2026.04.28	03:07:00.319	0.78512				2
2026.04.28	03:07:00.619	0.78511	0.78517			6
2026.04.28	03:07:01.221	0.78512	0.78518			6
2026.04.28	03:07:04.419	0.78514	0.78519			6
