<DATE>	<TIME>	<BID>	<ASK>	<LAST>	<VOLUME>	<FLAGS>
2026.03.04	00:03:30.164	0.78156	0.78412			6
2026.03.04	00:04:00.245	0.78156				2
2026.03.04	00:04:11.979	0.78199	0.78411			6
2026.03.04	00:04:45.953	0.78156	0.78389			6
2026.03.04	00:05:00.116	0.78156				2
2026.03.04	00:05:30.474	0.78161				2
2026.03.04	00:05:40.429	0.78156				2
2026.03.04	00:05:41.933		0.78331			4
2026.03.04	00:05:53.647	0.78095	0.78360			6
2026.03.04	00:05:53.946	0.78096	0.78357			6
2026.03.04	00:05:59.389		0.78347			4
2026.03.04	00:06:00.292	0.78096				2
2026.03.04	00:06:11.727		0.78310			4
2026.03.04	00:06:12.030		0.78297			4
2026.03.04	00:07:00.159	0.78096				2
2026.03.04	00:07:12.211		0.78303			4
2026.03.04	00:07:21.834	0.78109				2
2026.03.04	00:07:29.970		0.78344			4
2026.03.04	00:07:59.495		0.78334			4
2026.03.04	00:08:00.099	0.78109				2
2026.03.04	00:08:16.937	0.78107	0.78333			6
2026.03.04	00:08:35.006	0.78114				2
2026.03.04	00:08:40.733	0.78125				2
2026.03.04	00:08:41.333	0.78107				2
2026.03.04	00:08:44.036	0.78125				2
2026.03.04	00:08:44.336	0.78104	0.78294			6
2026.03.04	00:08:45.236	0.78110				2
2026.03.04	00:08:49.439	0.78119				2
2026.03.04	00:08:52.742	0.78128				2
2026.03.04	00:09:00.271	0.78128				2
2026.03.04	00:09:04.187		0.78291			4
2026.03.04	00:09:39.971		0.78293			4
2026.03.04	00:10:00.137	0.78100				2
2026.03.04	00:10:00.437	0.78116	0.78264			6
2026.03.04	00:10:03.140	0.78117	0.78263			6
2026.03.04	00:10:03.440	0.78118	0.78262			6
2026.03.04	00:10:12.773	0.78138	0.78240			6
2026.03.04	00:10:19.116	0.78139	0.78241			6
2026.03.04	00:10:29.034	0.78138	0.78240			6
2026.03.04	00:10:31.435		0.78248			4
2026.03.04	00:10:32.038		0.78240			4
2026.03.04	00:10:32.938	0.78139	0.78241			6
2026.03.04	00:10:33.239		0.78249			4
2026.03.04	00:10:33.840		0.78256			4
2026.03.04	00:10:35.041		0.78241			4
2026.03.04	00:10:37.144		0.78243			4
2026.03.04	00:10:37.444		0.78250			4
2026.03.04	00:10:38.045		0.78241			4
2026.03.04	00:10:40.149		0.78247			4
2026.03.04	00:10:41.049		0.78241			4
2026.03.04	00:10:42.853	0.78116	0.78218			6
2026.03.04	00:10:43.155		0.78226			4
2026.03.04	00:10:43.756	0.78119	0.78223			6
2026.03.04	00:10:44.056		0.78215			4
2026.03.04	00:10:45.262		0.78229			4
2026.03.04	00:10:47.070		0.78215			4
2026.03.04	00:10:47.672		0.78222			4
2026.03.04	00:10:48.271		0.78229			4
2026.03.04	00:10:49.473		0.78241			4
2026.03.04	00:10:49.772		0.78245			4
2026.03.04	00:10:50.073		0.78229			4
2026.03.04	00:10:52.180		0.78244			4
2026.03.04	00:10:53.085		0.78217			4
2026.03.04	00:10:53.990		0.78228			4
2026.03.04	00:10:55.194		0.78230			4
2026.03.04	00:10:56.097		0.78215			4
2026.03.04	00:10:57.001		0.78228			4
2026.03.04	00:10:57.899		0.78244			4
2026.03.04	00:10:59.105		0.78217			4
2026.03.04	00:10:59.706		0.78223			4
2026.03.04	00:11:00.012	0.78119	0.78228			6
2026.03.04	00:11:00.311	0.78072	0.78272			6
2026.03.04	00:11:02.114		0.78259			4
2026.03.04	00:11:06.622	0.78137	0.78237			6
2026.03.04	00:11:07.830	0.78160				2
2026.03.04	00:11:08.430	0.78159				2
2026.03.04	00:11:08.730	0.78148	0.78218			6
2026.03.04	00:11:12.936	0.78150				2
2026.03.04	00:11:13.836	0.78146	0.78231			6
2026.03.04	00:11:15.039		0.78224			4
2026.03.04	00:11:15.340		0.78227			4
2026.03.04	00:11:19.843	0.78144				2
2026.03.04	00:11:22.249	0.78142	0.78222			6
2026.03.04	00:11:25.254		0.78229			4
2026.03.04	00:11:31.886	0.78144				2
2026.03.04	00:11:32.490	0.78143				2
2026.03.04	00:11:33.995	0.78144				2
2026.03.04	00:11:38.512	0.78143				2
2026.03.04	00:11:39.713	0.78144				2
2026.03.04	00:11:40.015	0.78143				2
2026.03.04	00:11:43.323	0.78144				2
2026.03.04	00:11:45.131	0.78150	0.78240			6
2026.03.04	00:11:47.533	0.78151				2
2026.03.04	00:11:49.035	0.78150				2
2026.03.04	00:11:53.539	0.78151				2
2026.03.04	00:11:54.440	0.78157	0.78389			6
2026.03.04	00:11:54.740	0.78156	0.78339			6
2026.03.04	00:11:59.249	0.78157				2
2026.03.04	00:12:00.156	0.78157				2
2026.03.04	00:12:01.966	0.78160	0.78318			6
2026.03.04	00:12:06.177	0.78171				2
2026.03.04	00:12:07.979	0.78172				2
2026.03.04	00:12:08.880	0.78173	0.78339			6
2026.03.04	00:12:11.291	0.78174				2
2026.03.04	00:12:12.194	0.78173				2
2026.03.04	00:12:12.494	0.78174				2
2026.03.04	00:12:20.924	0.78173				2
2026.03.04	00:12:22.728	0.78172				2
2026.03.04	00:12:25.131	0.78173				2
2026.03.04	00:12:30.236	0.78159				2
2026.03.04	00:12:32.941	0.78130	0.78342			6
2026.03.04	00:12:33.540	0.78127	0.78316			6
2026.03.04	00:12:33.840	0.78130	0.78336			6
2026.03.04	00:12:35.044	0.78122	0.78342			6
2026.03.04	00:12:35.944		0.78339			4
2026.03.04	00:12:36.545	0.78126	0.78342			6
2026.03.04	00:12:36.845	0.78134	0.78316			6
2026.03.04	00:12:37.145		0.78342			4
2026.03.04	00:12:37.445	0.78129	0.78316			6
2026.03.04	00:12:38.645	0.78122	0.78339			6
2026.03.04	00:12:39.246	0.78120	0.78333			6
2026.03.04	00:12:39.846	0.78116				2
2026.03.04	00:12:42.256		0.78334			4
2026.03.04	00:12:43.163	0.78126				2
2026.03.04	00:12:43.766	0.78141	0.78341			6
2026.03.04	00:12:47.682	0.78142				2
2026.03.04	00:12:56.724	0.78143				2
2026.03.04	00:13:00.033	0.78143				2
2026.03.04	00:13:03.338	0.78144				2
2026.03.04	00:13:09.946	0.78143				2
2026.03.04	00:13:24.392	0.78144				2
2026.03.04	00:13:27.408	0.78148				2
2026.03.04	00:13:43.938		0.78341			4
2026.03.04	00:13:44.239	0.78149				2
2026.03.04	00:13:56.274	0.78150				2
2026.03.04	00:14:00.189	0.78150				2
2026.03.04	00:14:02.899	0.78147				2
2026.03.04	00:14:15.236	0.78148				2
2026.03.04	00:14:31.508	0.78149				2
2026.03.04	00:14:42.936	0.78150				2
2026.03.04	00:14:44.139		0.78341			4
2026.03.04	00:15:00.092	0.78150				2
2026.03.04	00:15:00.394	0.78148				2
2026.03.04	00:15:02.202	0.78153				2
2026.03.04	00:15:09.121	0.78152				2
2026.03.04	00:15:15.135	0.78155				2
2026.03.04	00:15:17.538	0.78157				2
2026.03.04	00:15:19.039	0.78159				2
2026.03.04	00:18:07.170	0.78164	0.78310			6
2026.03.04	00:18:20.350	0.78163				2
2026.03.04	00:18:28.184		0.78313			4
2026.03.04	00:18:31.195	0.78164				2
2026.03.04	00:18:31.796	0.78154	0.78320			6
2026.03.04	00:18:35.414	0.78167				2
2026.03.04	00:18:38.725	0.78164				2
2026.03.04	00:18:42.633	0.78165	0.78318			6
2026.03.04	00:18:44.136	0.78163	0.78319			6
2026.03.04	00:18:44.438	0.78162	0.78315			6
2026.03.04	00:18:46.543	0.78161				2
2026.03.04	00:18:49.547	0.78162				2
2026.03.04	00:18:56.766	0.78159				2
2026.03.04	00:18:57.965	0.78160	0.78307			6
2026.03.04	00:18:58.863	0.78163				2
2026.03.04	00:18:59.162	0.78157				2
2026.03.04	00:19:00.062	0.78157				2
2026.03.04	00:19:03.679	0.78160				2
2026.03.04	00:19:07.000	0.78161				2
2026.03.04	00:19:08.199	0.78160				2
2026.03.04	00:19:13.020	0.78159				2
2026.03.04	00:19:16.323		0.78325			4
2026.03.04	00:19:25.949	0.78158				2
2026.03.04	00:19:27.153	0.78157				2
2026.03.04	00:19:33.465	0.78160				2
2026.03.04	00:19:33.764	0.78163	0.78311			6
2026.03.04	00:19:38.578	0.78164				2
2026.03.04	00:19:42.792		0.78318			4
2026.03.04	00:19:44.294		0.78317			4
2026.03.04	00:19:46.414		0.78300			4
2026.03.04	00:19:47.618		0.78296			4
2026.03.04	00:19:49.423	0.78163				2
2026.03.04	00:19:58.145		0.78315			4
2026.03.04	00:20:00.248	0.78163				2
2026.03.04	00:20:12.595	0.78162	0.78320			6
2026.03.04	00:20:12.897		0.78299			4
2026.03.04	00:20:18.922	0.78159				2
2026.03.04	00:20:26.435	0.78151				2
2026.03.04	00:20:27.936		0.78321			4
2026.03.04	00:20:30.340	0.78152				2
2026.03.04	00:20:39.948	0.78154				2
2026.03.04	00:20:44.761	0.78153				2
2026.03.04	00:20:45.067	0.78149				2
2026.03.04	00:20:57.995		0.78322			4
2026.03.04	00:21:00.103	0.78149				2
2026.03.04	00:21:06.727		0.78307			4
2026.03.04	00:21:10.337	0.78150				2
2026.03.04	00:21:22.660		0.78304			4
2026.03.04	00:21:53.037	0.78151				2
2026.03.04	00:21:56.341		0.78305			4
2026.03.04	00:21:59.050	0.78150				2
2026.03.04	00:22:00.249	0.78150				2
2026.03.04	00:22:01.755	0.78155	0.78303			6
2026.03.04	00:22:21.941	0.78156				2
2026.03.04	00:22:23.140	0.78155				2
2026.03.04	00:22:30.058	0.78157				2
2026.03.04	00:22:31.266	0.78155				2
2026.03.04	00:22:35.774	0.78156				2
2026.03.04	00:22:37.278	0.78155				2
2026.03.04	00:22:46.296	0.78153				2
2026.03.04	00:22:56.832		0.78306			4
2026.03.04	00:22:58.032		0.78292			4
2026.03.04	00:23:00.136	0.78153				2
2026.03.04	00:23:10.350		0.78295			4
2026.03.04	00:23:13.657	0.78146	0.78293			6
2026.03.04	00:23:17.874	0.78143				2
2026.03.04	00:23:25.697		0.78297			4
2026.03.04	00:23:30.510	0.78144				2
2026.03.04	00:23:37.730	0.78145				2
2026.03.04	00:23:39.234		0.78293			4
2026.03.04	00:23:48.244	0.78146				2
2026.03.04	00:23:58.174		0.78282			4
2026.03.04	00:24:00.294	0.78146				2
2026.03.04	00:24:09.929	0.78147				2
2026.03.04	00:24:13.836	0.78146				2
2026.03.04	00:24:29.786		0.78287			4
2026.03.04	00:24:34.611		0.78264			4
2026.03.04	00:24:34.909		0.78268			4
2026.03.04	00:24:35.513	0.78111	0.78289			6
2026.03.04	00:24:40.040	0.78127	0.78270			6
2026.03.04	00:24:40.338	0.78124	0.78272			6
2026.03.04	00:24:42.142	0.78130	0.78273			6
2026.03.04	00:24:42.742	0.78137	0.78268			6
2026.03.04	00:24:43.042	0.78145	0.78269			6
2026.03.04	00:24:43.342	0.78144				2
2026.03.04	00:24:47.850		0.78267			4
2026.03.04	00:24:50.554	0.78145	0.78269			6
2026.03.04	00:24:53.261	0.78144				2
2026.03.04	00:25:00.183	0.78144				2
2026.03.04	00:25:04.700	0.78147	0.78266			6
2026.03.04	00:25:16.738	0.78148				2
2026.03.04	00:25:28.770	0.78149				2
2026.03.04	00:25:35.386		0.78272			4
2026.03.04	00:26:00.051	0.78149				2
2026.03.04	00:26:01.857		0.78275			4
2026.03.04	00:26:12.093	0.78150				2
2026.03.04	00:26:15.703	0.78151	0.78276			6
2026.03.04	00:26:20.816	0.78152				2
2026.03.04	00:26:33.146	0.78153				2
2026.03.04	00:26:37.962	0.78154				2
2026.03.04	00:26:42.175	0.78155				2
2026.03.04	00:26:42.777		0.78264			4
2026.03.04	00:27:00.229	0.78155				2
2026.03.04	00:27:08.040	0.78153				2
2026.03.04	00:27:15.855		0.78268			4
2026.03.04	00:27:16.769	0.78150				2
2026.03.04	00:27:17.066	0.78149				2
2026.03.04	00:27:18.580	0.78154				2
2026.03.04	00:27:41.788	0.78150	0.78271			6
2026.03.04	00:27:48.416	0.78155				2
2026.03.04	00:28:00.148	0.78155				2
2026.03.04	00:28:11.908		0.78273			4
2026.03.04	00:28:44.119	0.78156	0.78305			6
2026.03.04	00:28:46.532	0.78155				2
2026.03.04	00:28:59.150	0.78156				2
2026.03.04	00:29:00.050	0.78156				2
2026.03.04	00:29:07.291	0.78154				2
2026.03.04	00:29:07.591	0.78152				2
2026.03.04	00:29:09.399	0.78157	0.78293			6
2026.03.04	00:29:10.300		0.78288			4
2026.03.04	00:29:21.735	0.78160				2
2026.03.04	00:29:22.934		0.78287			4
2026.03.04	00:29:31.057	0.78158	0.78292			6
2026.03.04	00:29:31.355		0.78309			4
2026.03.04	00:29:31.959	0.78157				2
2026.03.04	00:29:35.580	0.78159				2
2026.03.04	00:29:36.182	0.78158				2
2026.03.04	00:29:41.003	0.78159	0.78294			6
2026.03.04	00:29:42.802		0.78270			4
2026.03.04	00:29:47.925		0.78267			4
2026.03.04	00:29:55.137	0.78160				2
2026.03.04	00:29:57.844	0.78158	0.78277			6
2026.03.04	00:29:58.443		0.78297			4
2026.03.04	00:29:58.747	0.78157				2
2026.03.04	00:29:59.049		0.78289			4
2026.03.04	00:30:00.264	0.78157				2
2026.03.04	00:30:00.560		0.78270			4
2026.03.04	00:30:01.161	0.78154				2
2026.03.04	00:30:02.064	0.78155				2
2026.03.04	00:30:04.474	0.78156				2
2026.03.04	00:30:05.984	0.78154	0.78278			6
2026.03.04	00:30:07.188		0.78273			4
2026.03.04	00:30:07.789		0.78272			4
2026.03.04	00:30:08.696		0.78268			4
2026.03.04	00:30:09.297	0.78155	0.78273			6
2026.03.04	00:30:16.217		0.78268			4
2026.03.04	00:30:23.442	0.78156				2
2026.03.04	00:30:36.382	0.78154				2
2026.03.04	00:30:38.794	0.78155				2
2026.03.04	00:30:43.908	0.78154	0.78299			6
2026.03.04	00:30:45.113		0.78300			4
2026.03.04	00:30:49.333	0.78159	0.78294			6
2026.03.04	00:30:49.933	0.78160	0.78293			6
2026.03.04	00:30:53.837	0.78165	0.78286			6
2026.03.04	00:30:56.841		0.78288			4
2026.03.04	00:31:00.147	0.78165				2
2026.03.04	00:31:01.043	0.78164				2
2026.03.04	00:31:03.150	0.78163	0.78283			6
2026.03.04	00:31:12.490		0.78272			4
2026.03.04	00:31:12.789	0.78162	0.78275			6
2026.03.04	00:31:21.216	0.78164				2
2026.03.04	00:31:46.172	0.78166				2
2026.03.04	00:31:53.693		0.78272			4
2026.03.04	00:31:54.299	0.78165	0.78269			6
2026.03.04	00:31:54.602	0.78167				2
2026.03.04	00:32:00.019	0.78167				2
2026.03.04	00:32:03.021		0.78268			4
2026.03.04	00:32:03.320	0.78166				2
2026.03.04	00:32:08.432	0.78167	0.78271			6
2026.03.04	00:32:12.040	0.78166				2
2026.03.04	00:32:12.337	0.78167				2
2026.03.04	00:32:26.196	0.78166	0.78273			6
2026.03.04	00:32:27.097	0.78167				2
2026.03.04	00:32:31.312	0.78166	0.78267			6
2026.03.04	00:32:31.614	0.78167				2
2026.03.04	00:32:33.118	0.78163	0.78265			6
2026.03.04	00:32:33.419	0.78164	0.78276			6
2026.03.04	00:32:34.628	0.78163				2
2026.03.04	00:32:42.437		0.78267			4
2026.03.04	00:32:44.240	0.78164				2
2026.03.04	00:32:48.157		0.78269			4
2026.03.04	00:32:54.486	0.78168				2
2026.03.04	00:33:00.217	0.78168				2
2026.03.04	00:33:02.321		0.78265			4
2026.03.04	00:33:09.534	0.78171				2
2026.03.04	00:33:12.535	0.78172				2
2026.03.04	00:33:13.436	0.78169				2
2026.03.04	00:33:16.439	0.78170				2
2026.03.04	00:33:20.647	0.78169				2
2026.03.04	00:33:24.563	0.78170				2
2026.03.04	00:33:32.115	0.78172				2
2026.03.04	00:33:32.710	0.78174				2
2026.03.04	00:33:33.614	0.78170				2
2026.03.04	00:33:34.818	0.78164				2
2026.03.04	00:33:35.116	0.78163				2
2026.03.04	00:33:42.331		0.78260			4
2026.03.04	00:33:49.838	0.78164				2
2026.03.04	00:33:52.241	0.78165				2
2026.03.04	00:33:54.646	0.78164				2
2026.03.04	00:33:55.547		0.78263			4
2026.03.04	00:34:00.069	0.78164				2
2026.03.04	00:34:04.891	0.78165				2
2026.03.04	00:34:05.494	0.78164				2
2026.03.04	00:34:05.794	0.78165				2
2026.03.04	00:34:26.579	0.78166				2
2026.03.04	00:34:32.915	0.78165				2
2026.03.04	00:34:34.727	0.78166				2
2026.03.04	00:34:41.942	0.78167				2
2026.03.04	00:34:42.243	0.78166				2
2026.03.04	00:34:48.867	0.78167				2
2026.03.04	00:34:49.770	0.78168				2
2026.03.04	00:34:52.190	0.78167				2
2026.03.04	00:34:52.495	0.78166				2
2026.03.04	00:34:53.401	0.78167				2
2026.03.04	00:34:55.811		0.78263			4
2026.03.04	00:35:00.023	0.78167				2
2026.03.04	00:35:04.530	0.78168				2
2026.03.04	00:35:04.831	0.78169				2
2026.03.04	00:35:14.742		0.78266			4
2026.03.04	00:35:15.041	0.78168				2
2026.03.04	00:35:19.848	0.78170				2
2026.03.04	00:35:20.451	0.78169				2
2026.03.04	00:35:25.273	0.78168				2
2026.03.04	00:35:31.602	0.78169				2
2026.03.04	00:35:38.522	0.78168				2
2026.03.04	00:35:52.980	0.78169				2
2026.03.04	00:35:56.902	0.78168				2
2026.03.04	00:35:57.503	0.78169				2
2026.03.04	00:35:58.703	0.78168				2
2026.03.04	00:35:59.604	0.78169				2
2026.03.04	00:35:59.906	0.78168				2
2026.03.04	00:36:00.208	0.78168				2
2026.03.04	00:36:01.713	0.78169				2
2026.03.04	00:36:02.918	0.78168				2
2026.03.04	00:36:05.927	0.78169				2
2026.03.04	00:36:07.431		0.78267			4
2026.03.04	00:36:08.934	0.78168				2
2026.03.04	00:36:14.652	0.78169				2
2026.03.04	00:36:14.951	0.78168				2
2026.03.04	00:36:16.459	0.78169				2
2026.03.04	00:36:17.064	0.78168				2
2026.03.04	00:36:20.372	0.78169				2
2026.03.04	00:36:20.975	0.78168				2
2026.03.04	00:36:23.088	0.78169				2
2026.03.04	00:36:23.388	0.78168				2
2026.03.04	00:36:29.108	0.78169				2
2026.03.04	00:36:29.410	0.78168				2
2026.03.04	00:36:30.010	0.78169				2
2026.03.04	00:36:30.613	0.78168				2
2026.03.04	00:36:30.914	0.78169				2
2026.03.04	00:36:32.117	0.78168				2
2026.03.04	00:36:34.224	0.78169				2
2026.03.04	00:36:34.827	0.78168				2
2026.03.04	00:36:36.029	0.78169				2
2026.03.04	00:36:37.534	0.78168				2
2026.03.04	00:36:38.132	0.78169				2
2026.03.04	00:36:39.035	0.78168				2
2026.03.04	00:36:39.935	0.78169				2
2026.03.04	00:36:41.436	0.78168				2
2026.03.04	00:36:42.339	0.78169				2
2026.03.04	00:36:45.339	0.78171				2
2026.03.04	00:36:45.942	0.78169				2
2026.03.04	00:36:48.950	0.78168				2
2026.03.04	00:36:50.450	0.78169				2
2026.03.04	00:36:52.557	0.78168				2
2026.03.04	00:36:58.880	0.78169				2
2026.03.04	00:37:00.085	0.78169				2
2026.03.04	00:37:01.593	0.78170				2
2026.03.04	00:37:02.494	0.78169				2
2026.03.04	00:37:03.402	0.78170				2
2026.03.04	00:37:04.304	0.78169				2
2026.03.04	00:37:04.906		0.78269			4
2026.03.04	00:37:07.319	0.78170				2
2026.03.04	00:37:08.824	0.78169				2
2026.03.04	00:37:10.328	0.78170				2
2026.03.04	00:37:14.541	0.78169				2
2026.03.04	00:37:14.842	0.78170				2
2026.03.04	00:37:15.443	0.78169				2
2026.03.04	00:37:16.646	0.78170				2
2026.03.04	00:37:17.547	0.78169				2
2026.03.04	00:37:17.848	0.78170				2
2026.03.04	00:37:19.051	0.78169				2
2026.03.04	00:37:19.351	0.78170				2
2026.03.04	00:37:19.651	0.78169				2
2026.03.04	00:37:21.465	0.78170				2
2026.03.04	00:37:22.372	0.78169				2
2026.03.04	00:37:22.668	0.78170				2
2026.03.04	00:37:23.574	0.78169				2
2026.03.04	00:37:25.382	0.78170				2
2026.03.04	00:37:26.287	0.78169				2
2026.03.04	00:37:26.588	0.78170				2
2026.03.04	00:37:26.888	0.78169				2
2026.03.04	00:37:27.489	0.78170				2
2026.03.04	00:37:28.093	0.78169				2
2026.03.04	00:37:34.411	0.78170				2
2026.03.04	00:37:38.925	0.78169				2
2026.03.04	00:37:39.525	0.78170				2
2026.03.04	00:37:40.432	0.78169				2
2026.03.04	00:37:44.636	0.78170				2
2026.03.04	00:37:44.936	0.78169				2
2026.03.04	00:37:45.537	0.78170				2
2026.03.04	00:37:45.837	0.78169				2
2026.03.04	00:37:46.438	0.78170				2
2026.03.04	00:37:47.038	0.78169				2
2026.03.04	00:37:48.542	0.78170				2
2026.03.04	00:37:48.842	0.78169				2
2026.03.04	00:37:49.443	0.78170				2
2026.03.04	00:37:51.848	0.78171				2
2026.03.04	00:37:52.747	0.78170				2
2026.03.04	00:37:53.352	0.78171				2
2026.03.04	00:37:56.969	0.78170				2
2026.03.04	00:37:58.475	0.78171				2
2026.03.04	00:37:59.981	0.78170				2
2026.03.04	00:38:00.283	0.78170				2
2026.03.04	00:38:00.582	0.78171				2
2026.03.04	00:38:02.688	0.78170				2
2026.03.04	00:38:03.590		0.78260			4
2026.03.04	00:38:04.194	0.78171				2
2026.03.04	00:38:26.156	0.78172				2
2026.03.04	00:38:27.062	0.78171				2
2026.03.04	00:38:27.661	0.78172				2
2026.03.04	00:38:31.578	0.78171				2
2026.03.04	00:38:31.875	0.78172				2
2026.03.04	00:38:35.483	0.78171				2
2026.03.04	00:38:38.196	0.78172				2
2026.03.04	00:38:39.403	0.78171				2
2026.03.04	00:38:41.209	0.78172				2
2026.03.04	00:38:57.145	0.78171				2
2026.03.04	00:39:00.156	0.78171				2
2026.03.04	00:39:00.760	0.78172				2
2026.03.04	00:39:03.779		0.78260			4
2026.03.04	00:39:48.335	0.78170	0.78318			6
2026.03.04	00:39:48.933	0.78171				2
2026.03.04	00:39:50.136		0.78310			4
2026.03.04	00:39:50.740		0.78287			4
2026.03.04	00:39:51.039		0.78281			4
2026.03.04	00:39:55.547	0.78180				2
2026.03.04	00:39:55.850	0.78176				2
2026.03.04	00:39:56.147	0.78178				2
2026.03.04	00:40:00.051	0.78178				2
2026.03.04	00:40:00.354	0.78172				2
2026.03.04	00:40:01.254	0.78171				2
2026.03.04	00:40:02.155	0.78176				2
2026.03.04	00:40:02.456	0.78171				2
2026.03.04	00:40:03.658	0.78172	0.78288			6
2026.03.04	00:40:08.185	0.78184				2
2026.03.04	00:40:08.479	0.78177				2
2026.03.04	00:40:12.692	0.78172				2
2026.03.04	00:40:12.997	0.78177				2
2026.03.04	00:40:13.598	0.78172				2
2026.03.04	00:40:13.898		0.78286			4
2026.03.04	00:40:14.200	0.78171				2
2026.03.04	00:40:26.536	0.78172				2
2026.03.04	00:40:31.942	0.78171				2
2026.03.04	00:40:39.751	0.78174				2
2026.03.04	00:40:46.061	0.78175				2
2026.03.04	00:40:48.470		0.78288			4
2026.03.04	00:41:00.204	0.78175				2
2026.03.04	00:41:03.814		0.78286			4
2026.03.04	00:41:10.742	0.78176				2
2026.03.04	00:41:17.353	0.78175				2
2026.03.04	00:41:18.859	0.78176				2
2026.03.04	00:41:22.470		0.78290			4
2026.03.04	00:41:25.181	0.78175				2
2026.03.04	00:41:30.597	0.78178				2
2026.03.04	00:41:33.906	0.78177				2
2026.03.04	00:41:36.306	0.78178				2
2026.03.04	00:41:39.620	0.78177				2
2026.03.04	00:41:57.095	0.78178				2
2026.03.04	00:41:58.004	0.78177				2
2026.03.04	00:42:00.108	0.78177				2
2026.03.04	00:42:05.225	0.78176				2
2026.03.04	00:42:05.529	0.78174				2
2026.03.04	00:42:06.732	0.78175				2
2026.03.04	00:42:11.241	0.78174				2
2026.03.04	00:42:12.441	0.78175				2
2026.03.04	00:42:22.675		0.78290			4
2026.03.04	00:42:35.037	0.78176				2
2026.03.04	00:42:50.085	0.78175				2
2026.03.04	00:42:51.294	0.78176				2
2026.03.04	00:43:00.027	0.78176				2
2026.03.04	00:43:03.635		0.78276			4
2026.03.04	00:43:08.741	0.78175				2
2026.03.04	00:43:09.343	0.78176				2
2026.03.04	00:43:09.644	0.78174				2
2026.03.04	00:43:10.244	0.78171				2
2026.03.04	00:43:10.545	0.78172				2
2026.03.04	00:43:11.747	0.78173				2
2026.03.04	00:43:12.047	0.78172				2
2026.03.04	00:43:13.249	0.78173				2
2026.03.04	00:43:14.148	0.78172				2
2026.03.04	00:43:16.260	0.78173				2
2026.03.04	00:43:17.158	0.78172				2
2026.03.04	00:43:17.459	0.78173				2
2026.03.04	00:43:17.761	0.78172				2
2026.03.04	00:43:18.363	0.78173				2
2026.03.04	00:43:19.268	0.78174				2
2026.03.04	00:43:19.869	0.78173				2
2026.03.04	00:43:20.182	0.78172				2
2026.03.04	00:43:20.484	0.78173				2
2026.03.04	00:43:32.229	0.78171				2
2026.03.04	00:43:32.833	0.78170				2
2026.03.04	00:43:33.435	0.78171				2
2026.03.04	00:43:34.634	0.78170				2
2026.03.04	00:43:37.341	0.78171				2
2026.03.04	00:43:37.943	0.78170				2
2026.03.04	00:43:38.243	0.78171				2
2026.03.04	00:43:46.966	0.78172				2
2026.03.04	00:43:47.568	0.78171				2
2026.03.04	00:43:53.592	0.78170				2
2026.03.04	00:44:00.217	0.78170				2
2026.03.04	00:44:03.527	0.78171				2
2026.03.04	00:44:03.827		0.78276			4
2026.03.04	00:44:05.633	0.78172				2
2026.03.04	00:44:05.935	0.78171				2
2026.03.04	00:44:10.438	0.78172				2
2026.03.04	00:44:10.743	0.78171				2
2026.03.04	00:44:11.039	0.78172				2
2026.03.04	00:44:11.338	0.78171				2
2026.03.04	00:44:11.639	0.78172				2
2026.03.04	00:44:11.939	0.78171				2
2026.03.04	00:44:15.241	0.78170				2
2026.03.04	00:44:15.541	0.78171				2
2026.03.04	00:44:17.963	0.78172				2
2026.03.04	00:44:18.865	0.78171				2
2026.03.04	00:44:19.168	0.78172				2
2026.03.04	00:44:20.070	0.78171				2
2026.03.04	00:44:20.974	0.78172				2
2026.03.04	00:44:39.034	0.78171				2
2026.03.04	00:44:41.136	0.78172				2
2026.03.04	00:44:41.739	0.78171				2
2026.03.04	00:44:42.040	0.78172				2
2026.03.04	00:44:42.642	0.78171				2
2026.03.04	00:44:48.354	0.78172				2
2026.03.04	00:44:55.280	0.78170				2
2026.03.04	00:44:59.197	0.78171				2
2026.03.04	00:45:00.100	0.78171				2
2026.03.04	00:45:00.704	0.78190				2
2026.03.04	00:45:01.004	0.78198				2
2026.03.04	00:45:01.306	0.78208				2
2026.03.04	00:45:01.605		0.78275			4
2026.03.04	00:45:02.206		0.78285			4
2026.03.04	00:45:03.111	0.78184	0.78301			6
2026.03.04	00:45:03.414	0.78187	0.78296			6
2026.03.04	00:45:04.617	0.78188				2
2026.03.04	00:45:05.216	0.78187				2
2026.03.04	00:45:06.731	0.78208	0.78277			6
2026.03.04	00:45:07.630	0.78209				2
2026.03.04	00:45:15.268	0.78204	0.78267			6
2026.03.04	00:45:15.550	0.78205				2
2026.03.04	00:45:23.751	0.78207				2
2026.03.04	00:45:28.280	0.78208	0.78276			6
2026.03.04	00:45:37.014	0.78209				2
2026.03.04	00:45:37.315	0.78196				2
2026.03.04	00:45:37.614	0.78210				2
2026.03.04	00:45:52.332	0.78211				2
2026.03.04	00:45:52.633	0.78214				2
2026.03.04	00:45:55.358	0.78185	0.78270			6
2026.03.04	00:45:55.658	0.78182				2
2026.03.04	00:45:55.960	0.78207				2
2026.03.04	00:45:56.264	0.78209	0.78269			6
2026.03.04	00:45:58.895		0.78280			4
2026.03.04	00:46:03.455	0.78208				2
2026.03.04	00:46:04.655	0.78209				2
2026.03.04	00:46:12.398	0.78196				2
2026.03.04	00:46:13.018	0.78197				2
2026.03.04	00:46:15.315	0.78204				2
2026.03.04	00:46:17.151	0.78189	0.78272			6
2026.03.04	00:46:17.452	0.78207	0.78273			6
2026.03.04	00:46:18.463		0.78279			4
2026.03.04	00:46:19.066		0.78287			4
2026.03.04	00:46:19.370	0.78208	0.78273			6
2026.03.04	00:46:19.672		0.78277			4
2026.03.04	00:46:21.362	0.78206				2
2026.03.04	00:46:21.662	0.78209				2
2026.03.04	00:46:21.964	0.78208	0.78291			6
2026.03.04	00:46:23.285	0.78209				2
2026.03.04	00:46:24.799	0.78208	0.78280			6
2026.03.04	00:46:25.102	0.78209	0.78290			6
2026.03.04	00:46:25.401	0.78210	0.78286			6
2026.03.04	00:46:26.047	0.78209				2
2026.03.04	00:46:28.552		0.78274			4
2026.03.04	00:46:28.853		0.78280			4
2026.03.04	00:46:29.153	0.78210	0.78286			6
2026.03.04	00:46:29.455		0.78288			4
2026.03.04	00:46:29.756	0.78211	0.78291			6
2026.03.04	00:46:31.655	0.78210				2
2026.03.04	00:46:32.498		0.78284			4
2026.03.04	00:46:33.220	0.78207	0.78283			6
2026.03.04	00:46:34.129	0.78206	0.78286			6
2026.03.04	00:46:34.730	0.78207				2
2026.03.04	00:46:35.634	0.78208				2
2026.03.04	00:46:36.019	0.78211				2
2026.03.04	00:46:36.921	0.78208	0.78279			6
2026.03.04	00:46:37.221	0.78207	0.78274			6
2026.03.04	00:46:37.522	0.78208	0.78283			6
2026.03.04	00:46:37.823	0.78209	0.78290			6
2026.03.04	00:46:38.122		0.78287			4
2026.03.04	00:46:38.423	0.78212	0.78282			6
2026.03.04	00:46:38.724	0.78211				2
2026.03.04	00:46:39.023	0.78208				2
2026.03.04	00:46:39.627	0.78209				2
2026.03.04	00:46:47.907		0.78290			4
2026.03.04	00:46:48.208	0.78212				2
2026.03.04	00:46:51.330	0.78210				2
2026.03.04	00:46:51.931	0.78212				2
2026.03.04	00:46:52.832	0.78213				2
2026.03.04	00:46:53.132	0.78212	0.78287			6
2026.03.04	00:46:53.432	0.78213				2
2026.03.04	00:46:54.639		0.78290			4
2026.03.04	00:46:55.251		0.78286			4
2026.03.04	00:46:56.154	0.78212	0.78273			6
2026.03.04	00:46:56.453	0.78213	0.78290			6
2026.03.04	00:46:59.809	0.78211				2
2026.03.04	00:47:00.111	0.78211	0.78291			6
2026.03.04	00:47:00.711	0.78214	0.78289			6
2026.03.04	00:47:02.589		0.78290			4
2026.03.04	00:47:02.889	0.78211				2
2026.03.04	00:47:03.191	0.78198	0.78286			6
2026.03.04	00:47:03.797	0.78197	0.78285			6
2026.03.04	00:47:04.100	0.78194	0.78284			6
2026.03.04	00:47:04.401	0.78199	0.78285			6
2026.03.04	00:47:05.004	0.78200	0.78284			6
2026.03.04	00:47:05.304	0.78198	0.78282			6
2026.03.04	00:47:05.605	0.78201	0.78284			6
2026.03.04	00:47:06.209	0.78214	0.78290			6
2026.03.04	00:47:06.930		0.78286			4
2026.03.04	00:47:07.631	0.78215				2
2026.03.04	00:47:08.532	0.78214	0.78285			6
2026.03.04	00:47:19.566	0.78215				2
2026.03.04	00:47:19.867	0.78213	0.78273			6
2026.03.04	00:47:22.621	0.78214	0.78284			6
2026.03.04	00:47:22.954	0.78215				2
2026.03.04	00:47:23.864	0.78213	0.78285			6
2026.03.04	00:47:31.070	0.78214				2
2026.03.04	00:47:31.371	0.78215				2
2026.03.04	00:47:35.814	0.78185	0.78274			6
2026.03.04	00:47:36.419	0.78203				2
2026.03.04	00:47:36.725	0.78204	0.78279			6
2026.03.04	00:47:37.480	0.78203				2
2026.03.04	00:47:38.707	0.78202	0.78280			6
2026.03.04	00:47:39.009	0.78203				2
2026.03.04	00:47:39.610	0.78211				2
2026.03.04	00:47:39.912	0.78210				2
2026.03.04	00:47:41.221	0.78216	0.78271			6
2026.03.04	00:47:42.461	0.78215				2
2026.03.04	00:47:48.815	0.78217	0.78273			6
2026.03.04	00:47:53.345		0.78281			4
2026.03.04	00:47:56.255	0.78216				2
2026.03.04	00:47:57.404	0.78217				2
2026.03.04	00:47:59.255	0.78216				2
2026.03.04	00:48:00.095	0.78216				2
2026.03.04	00:48:05.827		0.78282			4
2026.03.04	00:48:06.430		0.78281			4
2026.03.04	00:48:15.531		0.78283			4
2026.03.04	00:48:20.770	0.78199	0.78273			6
2026.03.04	00:48:21.071	0.78189	0.78265			6
2026.03.04	00:48:21.371	0.78192				2
2026.03.04	00:48:21.971	0.78191	0.78264			6
2026.03.04	00:48:22.271	0.78187				2
2026.03.04	00:48:22.574	0.78196				2
2026.03.04	00:48:28.872		0.78265			4
2026.03.04	00:48:37.300	0.78193	0.78264			6
2026.03.04	00:48:38.325	0.78189				2
2026.03.04	00:48:38.625	0.78192				2
2026.03.04	00:48:45.280	0.78191	0.78265			6
2026.03.04	00:48:54.022	0.78189				2
2026.03.04	00:48:54.322	0.78185	0.78263			6
2026.03.04	00:48:54.622	0.78187				2
2026.03.04	00:48:55.642	0.78188				2
2026.03.04	00:48:56.339	0.78189				2
2026.03.04	00:48:56.639	0.78188				2
2026.03.04	00:48:56.939	0.78187				2
2026.03.04	00:48:58.337	0.78188				2
2026.03.04	00:49:01.355	0.78188				2
2026.03.04	00:49:01.655		0.78264			4
2026.03.04	00:49:01.956		0.78263			4
2026.03.04	00:49:03.029	0.78189				2
2026.03.04	00:49:03.331	0.78188				2
2026.03.04	00:49:04.296	0.78189				2
2026.03.04	00:49:08.850	0.78188				2
2026.03.04	00:49:11.715	0.78189				2
2026.03.04	00:49:15.772	0.78188				2
2026.03.04	00:49:22.329	0.78185	0.78264			6
2026.03.04	00:49:23.377	0.78183				2
2026.03.04	00:49:23.979	0.78185				2
2026.03.04	00:49:24.279	0.78183				2
2026.03.04	00:49:26.220	0.78182				2
2026.03.04	00:49:26.523	0.78180				2
2026.03.04	00:49:28.110	0.78179				2
2026.03.04	00:49:28.410	0.78178				2
2026.03.04	00:49:28.711	0.78179				2
2026.03.04	00:49:29.475	0.78182				2
2026.03.04	00:49:29.778	0.78184				2
2026.03.04	00:49:30.703	0.78183				2
2026.03.04	00:49:31.924	0.78184				2
2026.03.04	00:49:35.800	0.78183				2
2026.03.04	00:49:39.541	0.78184				2
2026.03.04	00:49:40.827	0.78185				2
2026.03.04	00:49:41.128	0.78181				2
2026.03.04	00:49:41.429	0.78183				2
2026.03.04	00:49:42.582	0.78180				2
2026.03.04	00:49:42.882	0.78185				2
2026.03.04	00:49:43.553	0.78181				2
2026.03.04	00:49:43.857	0.78185				2
2026.03.04	00:49:44.776	0.78184				2
2026.03.04	00:49:48.539	0.78182				2
2026.03.04	00:49:48.839	0.78184				2
2026.03.04	00:49:49.442	0.78186				2
2026.03.04	00:50:00.137	0.78186				2
2026.03.04	00:50:00.437	0.78185				2
2026.03.04	00:50:01.037	0.78184				2
2026.03.04	00:50:01.338	0.78178				2
2026.03.04	00:50:01.638	0.78177				2
2026.03.04	00:50:02.239	0.78181				2
2026.03.04	00:50:02.540	0.78179				2
2026.03.04	00:50:02.841	0.78182				2
2026.03.04	00:50:04.975	0.78184				2
2026.03.04	00:50:05.274	0.78185				2
2026.03.04	00:50:06.197	0.78184				2
2026.03.04	00:50:06.496	0.78183				2
2026.03.04	00:50:07.783	0.78184				2
2026.03.04	00:50:10.780	0.78185				2
2026.03.04	00:50:12.006	0.78184				2
2026.03.04	00:50:13.479	0.78183				2
2026.03.04	00:50:13.780	0.78182				2
2026.03.04	00:50:15.100	0.78181				2
2026.03.04	00:50:16.603	0.78182				2
2026.03.04	00:50:17.813	0.78183				2
2026.03.04	00:50:18.113	0.78175				2
2026.03.04	00:50:18.414	0.78178				2
2026.03.04	00:50:20.571	0.78177				2
2026.03.04	00:50:21.179		0.78262			4
2026.03.04	00:50:22.117	0.78178				2
2026.03.04	00:50:22.419	0.78175				2
2026.03.04	00:50:23.627	0.78174				2
2026.03.04	00:50:24.229	0.78176				2
2026.03.04	00:50:24.829	0.78175				2
2026.03.04	00:50:25.129	0.78173				2
2026.03.04	00:50:25.732	0.78171				2
2026.03.04	00:50:26.333	0.78170				2
2026.03.04	00:50:26.935	0.78169				2
2026.03.04	00:50:27.236	0.78168				2
2026.03.04	00:50:27.536	0.78167				2
2026.03.04	00:50:27.838	0.78166	0.78263			6
2026.03.04	00:50:28.137	0.78169				2
2026.03.04	00:50:28.738	0.78170				2
2026.03.04	00:50:30.127	0.78172				2
2026.03.04	00:50:31.028	0.78171				2
2026.03.04	00:50:31.329	0.78176				2
2026.03.04	00:50:31.630	0.78173				2
2026.03.04	00:50:32.230	0.78175				2
2026.03.04	00:50:34.329	0.78174	0.78262			6
2026.03.04	00:50:34.928	0.78173				2
2026.03.04	00:50:35.231	0.78170				2
2026.03.04	00:50:35.832	0.78173				2
2026.03.04	00:50:36.132	0.78170				2
2026.03.04	00:50:36.732	0.78169				2
2026.03.04	00:50:37.035	0.78172				2
2026.03.04	00:50:37.636	0.78171				2
2026.03.04	00:50:38.334	0.78174				2
2026.03.04	00:50:39.235	0.78173				2
2026.03.04	00:50:39.535	0.78174				2
2026.03.04	00:50:40.136	0.78172				2
2026.03.04	00:50:41.036	0.78171				2
2026.03.04	00:50:41.637	0.78169				2
2026.03.04	00:50:42.303	0.78168				2
2026.03.04	00:50:43.205	0.78167	0.78261			6
2026.03.04	00:50:43.809	0.78169				2
2026.03.04	00:50:46.034	0.78170				2
2026.03.04	00:50:46.335	0.78171				2
2026.03.04	00:50:47.035	0.78172				2
2026.03.04	00:50:47.336	0.78171				2
2026.03.04	00:50:47.636	0.78174				2
2026.03.04	00:50:48.728	0.78173				2
2026.03.04	00:50:49.333	0.78174				2
2026.03.04	00:50:49.633	0.78171				2
2026.03.04	00:50:50.234	0.78169				2
2026.03.04	00:50:51.135	0.78170				2
2026.03.04	00:50:52.336	0.78171				2
2026.03.04	00:50:53.327	0.78173				2
2026.03.04	00:50:53.626	0.78172				2
2026.03.04	00:50:54.661	0.78176				2
2026.03.04	00:50:54.962	0.78174	0.78263			6
2026.03.04	00:50:55.261	0.78170				2
2026.03.04	00:50:56.035	0.78171				2
2026.03.04	00:50:56.637	0.78170				2
2026.03.04	00:50:57.038	0.78173				2
2026.03.04	00:50:58.216	0.78175				2
2026.03.04	00:51:02.048	0.78175				2
2026.03.04	00:51:02.490	0.78173				2
2026.03.04	00:51:02.794		0.78262			4
2026.03.04	00:51:06.747	0.78171				2
2026.03.04	00:51:07.047	0.78176				2
2026.03.04	00:51:07.449	0.78177				2
2026.03.04	00:51:07.751	0.78173				2
2026.03.04	00:51:18.037	0.78172				2
2026.03.04	00:51:18.339	0.78170				2
2026.03.04	00:51:21.096		0.78258			4
2026.03.04	00:51:36.406	0.78169				2
2026.03.04	00:51:39.114	0.78168				2
2026.03.04	00:51:39.414	0.78170				2
2026.03.04	00:51:41.039	0.78171				2
2026.03.04	00:51:41.341	0.78172				2
2026.03.04	00:51:41.641	0.78171				2
2026.03.04	00:51:42.336	0.78175				2
2026.03.04	00:51:42.636	0.78172				2
2026.03.04	00:51:43.687	0.78170				2
2026.03.04	00:51:44.594	0.78168				2
2026.03.04	00:51:44.894		0.78259			4
2026.03.04	00:51:45.194	0.78166				2
2026.03.04	00:51:46.095	0.78165				2
2026.03.04	00:51:47.435	0.78167				2
2026.03.04	00:51:47.736	0.78170				2
2026.03.04	00:51:48.041	0.78166				2
2026.03.04	00:51:51.039	0.78167				2
2026.03.04	00:51:51.339	0.78168				2
2026.03.04	00:51:51.639	0.78167				2
2026.03.04	00:51:52.240	0.78169				2
2026.03.04	00:51:53.643	0.78168				2
2026.03.04	00:51:55.337	0.78165				2
2026.03.04	00:51:58.449	0.78164				2
2026.03.04	00:51:58.751	0.78167				2
2026.03.04	00:51:59.054	0.78161				2
2026.03.04	00:51:59.659	0.78165				2
2026.03.04	00:52:00.041	0.78166				2
2026.03.04	00:52:02.041	0.78167				2
2026.03.04	00:52:02.641	0.78165				2
2026.03.04	00:52:03.242	0.78164				2
2026.03.04	00:52:04.041	0.78167				2
2026.03.04	00:52:07.141	0.78165				2
2026.03.04	00:52:08.339	0.78163				2
2026.03.04	00:52:10.746		0.78258			4
2026.03.04	00:52:11.046	0.78164				2
2026.03.04	00:52:12.252	0.78165				2
2026.03.04	00:52:14.043	0.78166				2
2026.03.04	00:52:14.943	0.78165				2
2026.03.04	00:52:15.244	0.78166				2
2026.03.04	00:52:16.527	0.78165				2
2026.03.04	00:52:16.827	0.78166	0.78260			6
2026.03.04	00:52:18.746	0.78164				2
2026.03.04	00:52:19.345	0.78163				2
2026.03.04	00:52:19.647	0.78162				2
2026.03.04	00:52:20.797	0.78167				2
2026.03.04	00:52:21.097	0.78163	0.78256			6
2026.03.04	00:52:22.163	0.78164				2
2026.03.04	00:52:23.283	0.78165				2
2026.03.04	00:52:23.895	0.78164				2
2026.03.04	00:52:24.200	0.78167				2
2026.03.04	00:52:24.804	0.78166				2
2026.03.04	00:52:27.452	0.78164				2
2026.03.04	00:52:28.357	0.78162				2
2026.03.04	00:52:30.841	0.78167				2
2026.03.04	00:52:31.141	0.78164				2
2026.03.04	00:52:32.888	0.78165				2
2026.03.04	00:52:33.493	0.78164				2
2026.03.04	00:52:34.096	0.78167				2
2026.03.04	00:52:34.699	0.78166				2
2026.03.04	00:52:36.705	0.78164				2
2026.03.04	00:52:37.311	0.78163				2
2026.03.04	00:52:37.611	0.78162				2
2026.03.04	00:52:37.912	0.78163				2
2026.03.04	00:52:38.514	0.78162				2
2026.03.04	00:52:39.196	0.78161				2
2026.03.04	00:52:39.497	0.78162				2
2026.03.04	00:52:39.797	0.78163				2
2026.03.04	00:52:40.098	0.78164				2
2026.03.04	00:52:40.398	0.78163				2
2026.03.04	00:52:41.031	0.78164				2
2026.03.04	00:52:41.334	0.78166				2
2026.03.04	00:52:41.637	0.78165				2
2026.03.04	00:52:42.239	0.78167				2
2026.03.04	00:52:43.044	0.78168				2
2026.03.04	00:52:44.711		0.78255			4
2026.03.04	00:52:45.012	0.78167				2
2026.03.04	00:52:46.043	0.78164				2
2026.03.04	00:52:46.344	0.78163				2
2026.03.04	00:52:47.246	0.78165				2
2026.03.04	00:52:47.545	0.78166				2
2026.03.04	00:52:48.746	0.78167				2
2026.03.04	00:52:49.047	0.78166				2
2026.03.04	00:52:50.044	0.78164				2
2026.03.04	00:52:50.644	0.78163				2
2026.03.04	00:52:52.047	0.78162				2
2026.03.04	00:52:53.378	0.78164				2
2026.03.04	00:52:53.678	0.78163				2
2026.03.04	00:52:53.980	0.78164				2
2026.03.04	00:52:54.280	0.78165				2
2026.03.04	00:52:56.044	0.78166				2
2026.03.04	00:52:56.344	0.78167				2
2026.03.04	00:52:56.648	0.78168				2
2026.03.04	00:52:57.250	0.78169				2
2026.03.04	00:53:00.097	0.78170				2
2026.03.04	00:53:00.698	0.78169				2
2026.03.04	00:53:01.757	0.78168				2
2026.03.04	00:53:02.056	0.78167	0.78256			6
2026.03.04	00:53:02.356	0.78166				2
2026.03.04	00:53:02.656	0.78165				2
2026.03.04	00:53:03.256	0.78168				2
2026.03.04	00:53:03.557		0.78255			4
2026.03.04	00:53:04.044	0.78166				2
2026.03.04	00:53:04.348	0.78165				2
2026.03.04	00:53:05.045	0.78167				2
2026.03.04	00:53:06.044	0.78168				2
2026.03.04	00:53:06.344	0.78167				2
2026.03.04	00:53:06.759	0.78165				2
2026.03.04	00:53:07.059	0.78167				2
2026.03.04	00:53:07.359	0.78168				2
2026.03.04	00:53:07.660	0.78167				2
2026.03.04	00:53:07.961	0.78168				2
2026.03.04	00:53:08.262	0.78169				2
2026.03.04	00:53:08.563	0.78168				2
2026.03.04	00:53:09.167	0.78166				2
2026.03.04	00:53:09.468	0.78165				2
2026.03.04	00:53:09.768	0.78164				2
2026.03.04	00:53:11.038	0.78165				2
2026.03.04	00:53:11.839	0.78171				2
2026.03.04	00:53:12.439	0.78170	0.78275			6
2026.03.04	00:53:12.740	0.78171	0.78333			6
2026.03.04	00:53:13.040	0.78170				2
2026.03.04	00:53:13.655	0.78169				2
2026.03.04	00:53:14.642	0.78167				2
2026.03.04	00:53:14.942	0.78168				2
2026.03.04	00:53:15.450	0.78166				2
2026.03.04	00:53:16.529	0.78165				2
2026.03.04	00:53:17.737	0.78164				2
2026.03.04	00:53:19.544	0.78162				2
2026.03.04	00:53:20.643	0.78161				2
2026.03.04	00:53:20.947	0.78160				2
2026.03.04	00:53:25.765	0.78159				2
2026.03.04	00:53:26.065	0.78160				2
2026.03.04	00:53:26.366	0.78161				2
2026.03.04	00:53:26.669	0.78160				2
2026.03.04	00:53:29.855	0.78161				2
2026.03.04	00:53:30.706	0.78160				2
2026.03.04	00:53:31.307	0.78161				2
2026.03.04	00:53:33.503	0.78160				2
2026.03.04	00:53:36.464	0.78161				2
2026.03.04	00:53:48.409	0.78159				2
2026.03.04	00:53:48.712	0.78160				2
2026.03.04	00:53:50.456	0.78162				2
2026.03.04	00:53:51.057	0.78173	0.78331			6
2026.03.04	00:53:51.358	0.78167	0.78333			6
2026.03.04	00:53:51.658	0.78168				2
2026.03.04	00:53:52.054	0.78169				2
2026.03.04	00:53:53.645	0.78168				2
2026.03.04	00:53:53.945	0.78166				2
2026.03.04	00:53:54.644	0.78163				2
2026.03.04	00:53:54.945	0.78164				2
2026.03.04	00:53:56.644	0.78163				2
2026.03.04	00:53:57.549	0.78162				2
2026.03.04	00:54:00.133	0.78162				2
2026.03.04	00:54:02.646	0.78160				2
2026.03.04	00:54:03.647	0.78158				2
2026.03.04	00:54:04.634	0.78156				2
2026.03.04	00:54:04.934	0.78155				2
2026.03.04	00:54:05.534	0.78154				2
2026.03.04	00:54:05.835	0.78156				2
2026.03.04	00:54:06.135	0.78153				2
2026.03.04	00:54:06.436	0.78149				2
2026.03.04	00:54:07.646	0.78146				2
2026.03.04	00:54:09.656	0.78145				2
2026.03.04	00:54:12.246	0.78144				2
2026.03.04	00:54:20.727	0.78143				2
2026.03.04	00:54:23.969	0.78142				2
2026.03.04	00:54:25.947	0.78141				2
2026.03.04	00:54:27.647	0.78140				2
2026.03.04	00:54:33.647	0.78139				2
2026.03.04	00:54:35.318	0.78138				2
2026.03.04	00:54:39.647		0.78331			4
2026.03.04	00:54:40.948	0.78139	0.78333			6
2026.03.04	00:54:41.551	0.78140				2
2026.03.04	00:54:42.948	0.78141				2
2026.03.04	00:54:43.552	0.78146				2
2026.03.04	00:54:44.763	0.78145				2
2026.03.04	00:54:46.648	0.78143				2
2026.03.04	00:54:47.559	0.78142				2
2026.03.04	00:54:48.647	0.78140				2
2026.03.04	00:54:48.948	0.78116	0.78276			6
2026.03.04	00:54:50.429		0.78277			4
2026.03.04	00:54:51.030		0.78276			4
2026.03.04	00:54:55.073		0.78275			4
2026.03.04	00:54:55.954		0.78276			4
2026.03.04	00:54:57.431		0.78275			4
2026.03.04	00:55:00.080	0.78116				2
2026.03.04	00:55:01.319	0.78100	0.78274			6
2026.03.04	00:55:05.607		0.78273			4
2026.03.04	00:55:07.538		0.78271			4
2026.03.04	00:55:31.288	0.78117				2
2026.03.04	00:55:31.594		0.78275			4
2026.03.04	00:55:38.670		0.78274			4
2026.03.04	00:55:38.971		0.78273			4
2026.03.04	00:55:39.275		0.78272			4
2026.03.04	00:55:39.577		0.78270			4
2026.03.04	00:55:40.183		0.78269			4
2026.03.04	00:55:40.487		0.78268			4
2026.03.04	00:55:40.788		0.78267			4
2026.03.04	00:55:41.388		0.78266			4
2026.03.04	00:55:42.132		0.78264			4
2026.03.04	00:55:43.174		0.78263			4
2026.03.04	00:55:46.772		0.78262			4
2026.03.04	00:55:58.163		0.78261			4
2026.03.04	00:56:01.581	0.78117				2
2026.03.04	00:56:06.646		0.78260			4
2026.03.04	00:56:09.377		0.78262			4
2026.03.04	00:56:10.654		0.78263			4
2026.03.04	00:56:12.063		0.78262			4
2026.03.04	00:56:20.820		0.78261			4
2026.03.04	00:56:21.572		0.78268			4
2026.03.04	00:56:22.648		0.78267			4
2026.03.04	00:56:26.203		0.78266			4
2026.03.04	00:56:26.504	0.78127	0.78265			6
2026.03.04	00:56:26.804		0.78264			4
2026.03.04	00:56:27.405	0.78111	0.78263			6
2026.03.04	00:56:28.008		0.78262			4
2026.03.04	00:56:28.308	0.78112				2
2026.03.04	00:56:28.613		0.78261			4
2026.03.04	00:56:28.912	0.78113				2
2026.03.04	00:56:29.213		0.78260			4
2026.03.04	00:56:29.815	0.78114				2
2026.03.04	00:56:30.116		0.78259			4
2026.03.04	00:56:30.416	0.78115				2
2026.03.04	00:56:31.018		0.78258			4
2026.03.04	00:56:31.318	0.78116				2
2026.03.04	00:56:31.919		0.78257			4
2026.03.04	00:56:33.853	0.78117				2
2026.03.04	00:56:37.106		0.78256			4
2026.03.04	00:56:39.084		0.78257			4
2026.03.04	00:56:40.955		0.78256			4
2026.03.04	00:56:45.198		0.78257			4
2026.03.04	00:56:46.891	0.78116				2
2026.03.04	00:56:56.855	0.78117				2
2026.03.04	00:57:03.156	0.78117	0.78256			6
2026.03.04	00:57:09.087	0.78118				2
2026.03.04	00:57:09.390		0.78255			4
2026.03.04	00:57:10.222	0.78119				2
2026.03.04	00:57:11.281		0.78254			4
2026.03.04	00:57:11.584		0.78255			4
2026.03.04	00:57:12.716		0.78254			4
2026.03.04	00:57:21.755	0.78118	0.78255			6
2026.03.04	00:57:22.954	0.78119				2
2026.03.04	00:57:31.484		0.78254			4
2026.03.04	00:57:40.417	0.78120				2
2026.03.04	00:57:49.358	0.78119				2
2026.03.04	00:57:50.063	0.78120	0.78253			6
2026.03.04	00:57:50.363	0.78121	0.78252			6
2026.03.04	00:57:50.665	0.78148				2
2026.03.04	00:57:51.755	0.78147				2
2026.03.04	00:57:52.055	0.78151	0.78249			6
2026.03.04	00:57:59.951	0.78150				2
2026.03.04	00:58:00.252	0.78156	0.78247			6
2026.03.04	00:58:02.892	0.78152	0.78252			6
2026.03.04	00:58:03.449	0.78153	0.78250			6
2026.03.04	00:58:04.903	0.78164	0.78240			6
2026.03.04	00:58:05.204	0.78163				2
2026.03.04	00:58:05.504		0.78241			4
2026.03.04	00:58:05.805		0.78240			4
2026.03.04	00:58:06.624	0.78165	0.78239			6
2026.03.04	00:58:07.225		0.78238			4
2026.03.04	00:58:12.097	0.78154	0.78250			6
2026.03.04	00:58:12.701	0.78141	0.78255			6
2026.03.04	00:58:13.050	0.78145	0.78251			6
2026.03.04	00:58:13.350	0.78142	0.78255			6
2026.03.04	00:58:13.954	0.78132				2
2026.03.04	00:58:14.254	0.78131	0.78256			6
2026.03.04	00:58:14.558	0.78130	0.78257			6
2026.03.04	00:58:14.858	0.78146				2
2026.03.04	00:58:16.655	0.78147				2
2026.03.04	00:58:18.325	0.78146				2
2026.03.04	00:58:21.092		0.78258			4
2026.03.04	00:58:34.888	0.78148	0.78256			6
2026.03.04	00:58:36.755		0.78255			4
2026.03.04	00:58:37.752	0.78146	0.78257			6
2026.03.04	00:58:38.664		0.78258			4
2026.03.04	00:58:42.164	0.78148	0.78256			6
2026.03.04	00:58:43.860	0.78147				2
2026.03.04	00:58:45.664	0.78151	0.78253			6
2026.03.04	00:58:46.665	0.78149	0.78255			6
2026.03.04	00:58:49.764		0.78254			4
2026.03.04	00:58:52.096		0.78255			4
2026.03.04	00:58:55.456	0.78148	0.78256			6
2026.03.04	00:58:55.756	0.78146	0.78258			6
2026.03.04	00:58:59.662	0.78148	0.78256			6
2026.03.04	00:59:01.286	0.78148				2
2026.03.04	00:59:03.386	0.78145	0.78258			6
2026.03.04	00:59:08.049	0.78146	0.78257			6
2026.03.04	00:59:09.566	0.78147				2
2026.03.04	00:59:10.893	0.78146				2
2026.03.04	00:59:12.045	0.78147	0.78256			6
2026.03.04	00:59:15.432	0.78150	0.78254			6
2026.03.04	00:59:17.200	0.78147	0.78257			6
2026.03.04	00:59:18.563	0.78187	0.78273			6
2026.03.04	00:59:23.097	0.78188	0.78272			6
2026.03.04	00:59:34.126	0.78187	0.78273			6
2026.03.04	00:59:34.428	0.78188	0.78272			6
2026.03.04	00:59:34.825	0.78189				2
2026.03.04	00:59:35.125	0.78190	0.78270			6
2026.03.04	00:59:36.156	0.78189	0.78271			6
2026.03.04	00:59:37.258		0.78270			4
2026.03.04	00:59:37.559		0.78271			4
2026.03.04	00:59:37.861	0.78190	0.78270			6
2026.03.04	00:59:50.203	0.78194	0.78266			6
2026.03.04	00:59:50.505	0.78192	0.78268			6
2026.03.04	00:59:51.008	0.78189	0.78271			6
2026.03.04	00:59:52.736	0.78190	0.78270			6
2026.03.04	00:59:53.703	0.78193	0.78267			6
2026.03.04	00:59:54.004	0.78196	0.78264			6
2026.03.04	00:59:54.303	0.78195	0.78265			6
2026.03.04	00:59:54.603	0.78190	0.78270			6
2026.03.04	00:59:54.929	0.78191	0.78269			6
2026.03.04	00:59:55.229	0.78197	0.78263			6
2026.03.04	00:59:56.525	0.78198	0.78262			6
2026.03.04	00:59:56.825	0.78196	0.78264			6
2026.03.04	00:59:57.125	0.78192	0.78268			6
2026.03.04	00:59:57.426	0.78197	0.78263			6
2026.03.04	00:59:58.161	0.78196				2
2026.03.04	00:59:58.462	0.78195	0.78265			6
2026.03.04	01:00:00.007	0.78195				2
2026.03.04	01:00:00.307	0.78144	0.78301			6
2026.03.04	01:00:00.607	0.78134				2
2026.03.04	01:00:00.907	0.78162				2
2026.03.04	01:00:01.207	0.78163				2
2026.03.04	01:00:01.507	0.78167				2
2026.03.04	01:00:01.807		0.78339			4
2026.03.04	01:00:02.109	0.78172	0.78315			6
2026.03.04	01:00:02.709		0.78314			4
2026.03.04	01:00:03.010	0.78170	0.78303			6
2026.03.04	01:00:03.310	0.78169	0.78298			6
2026.03.04	01:00:03.610	0.78148	0.78355			6
2026.03.04	01:00:04.212	0.78150	0.78357			6
2026.03.04	01:00:04.512	0.78148	0.78355			6
2026.03.04	01:00:05.414	0.78146	0.78353			6
2026.03.04	01:00:06.016	0.78148	0.78355			6
2026.03.04	01:00:06.620	0.78146	0.78353			6
2026.03.04	01:00:06.924	0.78148	0.78355			6
2026.03.04	01:00:07.225	0.78168	0.78302			6
2026.03.04	01:00:07.526	0.78169				2
2026.03.04	01:00:09.142	0.78170				2
2026.03.04	01:00:09.862	0.78173				2
2026.03.04	01:00:10.463	0.78170				2
2026.03.04	01:00:10.762	0.78171				2
2026.03.04	01:00:11.063	0.78173				2
2026.03.04	01:00:11.366	0.78174				2
2026.03.04	01:00:14.319	0.78175				2
2026.03.04	01:00:14.919	0.78174				2
2026.03.04	01:00:15.552	0.78170	0.78297			6
2026.03.04	01:00:15.853	0.78173				2
2026.03.04	01:00:16.154	0.78174				2
2026.03.04	01:00:16.755	0.78175				2
2026.03.04	01:00:18.304	0.78211	0.78311			6
2026.03.04	01:00:18.604		0.78309			4
2026.03.04	01:00:20.556		0.78308			4
2026.03.04	01:00:21.156		0.78303			4
2026.03.04	01:00:22.057		0.78296			4
2026.03.04	01:00:23.017		0.78290			4
2026.03.04	01:00:28.070		0.78285			4
2026.03.04	01:00:30.663	0.78218				2
2026.03.04	01:00:30.962	0.78211	0.78279			6
2026.03.04	01:00:31.263		0.78285			4
2026.03.04	01:00:31.563	0.78213				2
2026.03.04	01:00:31.864	0.78212				2
2026.03.04	01:00:32.164	0.78211				2
2026.03.04	01:00:35.372		0.78297			4
2026.03.04	01:00:35.974	0.78214	0.78298			6
2026.03.04	01:00:36.574	0.78213				2
2026.03.04	01:00:39.457	0.78221	0.78299			6
2026.03.04	01:00:40.357		0.78303			4
2026.03.04	01:00:40.657	0.78215				2
2026.03.04	01:00:40.957	0.78223				2
2026.03.04	01:00:41.261	0.78224				2
2026.03.04	01:00:41.561	0.78217				2
2026.03.04	01:00:41.862		0.78300			4
2026.03.04	01:00:42.600	0.78216				2
2026.03.04	01:00:44.779	0.78215				2
2026.03.04	01:00:45.755	0.78216				2
2026.03.04	01:00:46.730		0.78303			4
2026.03.04	01:00:47.031	0.78217				2
2026.03.04	01:00:47.332		0.78301			4
2026.03.04	01:00:47.632	0.78218				2
2026.03.04	01:00:47.933	0.78219				2
2026.03.04	01:00:48.880	0.78218				2
2026.03.04	01:00:49.182	0.78219				2
2026.03.04	01:00:50.316	0.78218				2
2026.03.04	01:00:50.617	0.78216	0.78302			6
2026.03.04	01:00:50.918	0.78221				2
2026.03.04	01:00:51.218	0.78232				2
2026.03.04	01:00:51.518	0.78233				2
2026.03.04	01:00:51.819	0.78231	0.78303			6
2026.03.04	01:00:52.536	0.78232				2
2026.03.04	01:00:54.511	0.78233				2
2026.03.04	01:00:55.308	0.78232				2
2026.03.04	01:00:55.608	0.78218				2
2026.03.04	01:00:55.910	0.78229				2
2026.03.04	01:00:56.210		0.78302			4
2026.03.04	01:00:56.811	0.78230	0.78293			6
2026.03.04	01:00:58.121	0.78220	0.78285			6
2026.03.04	01:00:58.420		0.78293			4
2026.03.04	01:00:58.721	0.78213				2
2026.03.04	01:00:59.021	0.78214				2
2026.03.04	01:00:59.325	0.78217				2
2026.03.04	01:00:59.625	0.78211				2
2026.03.04	01:00:59.926	0.78217				2
2026.03.04	01:01:00.226	0.78220	0.78295			6
2026.03.04	01:01:00.526	0.78219	0.78296			6
2026.03.04	01:01:01.743	0.78218	0.78293			6
2026.03.04	01:01:02.595		0.78292			4
2026.03.04	01:01:02.895		0.78290			4
2026.03.04	01:01:03.195		0.78274			4
2026.03.04	01:01:03.497		0.78290			4
2026.03.04	01:01:03.796		0.78295			4
2026.03.04	01:01:04.748	0.78219				2
2026.03.04	01:01:05.354	0.78217				2
2026.03.04	01:01:06.730		0.78285			4
2026.03.04	01:01:08.443		0.78283			4
2026.03.04	01:01:08.743	0.78218				2
2026.03.04	01:01:09.043	0.78217	0.78281			6
2026.03.04	01:01:09.343	0.78218	0.78280			6
2026.03.04	01:01:11.773		0.78277			4
2026.03.04	01:01:16.731		0.78275			4
2026.03.04	01:01:18.010	0.78222				2
2026.03.04	01:01:18.310		0.78276			4
2026.03.04	01:01:19.514	0.78223	0.78275			6
2026.03.04	01:01:20.241		0.78278			4
2026.03.04	01:01:21.142	0.78225				2
2026.03.04	01:01:22.363		0.78276			4
2026.03.04	01:01:22.663		0.78273			4
2026.03.04	01:01:26.857		0.78277			4
2026.03.04	01:01:31.960		0.78286			4
2026.03.04	01:01:32.861	0.78226	0.78285			6
2026.03.04	01:01:33.764	0.78225				2
2026.03.04	01:01:35.100		0.78280			4
2026.03.04	01:01:40.916	0.78211	0.78285			6
2026.03.04	01:01:41.217		0.78279			4
2026.03.04	01:01:41.818		0.78238			4
2026.03.04	01:01:42.145		0.78236			4
2026.03.04	01:01:42.447		0.78235			4
2026.03.04	01:01:43.348		0.78237			4
2026.03.04	01:01:43.956		0.78240			4
2026.03.04	01:01:44.556		0.78239			4
2026.03.04	01:01:45.756		0.78241			4
2026.03.04	01:01:46.658	0.78215	0.78242			6
2026.03.04	01:01:49.363	0.78217				2
2026.03.04	01:01:49.963	0.78211	0.78239			6
2026.03.04	01:01:50.264	0.78191	0.78238			6
2026.03.04	01:01:50.864	0.78194	0.78239			6
2026.03.04	01:01:51.163	0.78212				2
2026.03.04	01:01:51.464	0.78214	0.78235			6
2026.03.04	01:01:51.763	0.78237	0.78241			6
2026.03.04	01:01:52.065	0.78199	0.78233			6
2026.03.04	01:01:52.364		0.78232			4
2026.03.04	01:01:52.665		0.78236			4
2026.03.04	01:01:52.965		0.78232			4
2026.03.04	01:01:54.467	0.78205				2
2026.03.04	01:01:55.657	0.78206	0.78231			6
2026.03.04	01:01:56.857	0.78212				2
2026.03.04	01:01:57.159	0.78207				2
2026.03.04	01:01:57.457	0.78210				2
2026.03.04	01:01:57.757	0.78237	0.78245			6
2026.03.04	01:01:58.059	0.78236	0.78237			6
2026.03.04	01:01:58.359	0.78214	0.78232			6
2026.03.04	01:01:58.660	0.78212				2
2026.03.04	01:01:58.960	0.78214				2
2026.03.04	01:01:59.261		0.78231			4
2026.03.04	01:01:59.863	0.78212				2
2026.03.04	01:02:00.164	0.78210				2
2026.03.04	01:02:00.463	0.78213				2
2026.03.04	01:02:00.764	0.78210	0.78230			6
2026.03.04	01:02:01.364	0.78211	0.78232			6
2026.03.04	01:02:01.665	0.78228	0.78230			6
2026.03.04	01:02:01.965	0.78209	0.78229			6
2026.03.04	01:02:02.266	0.78198				2
2026.03.04	01:02:03.342	0.78223				2
2026.03.04	01:02:03.641	0.78225				2
2026.03.04	01:02:03.942		0.78230			4
2026.03.04	01:02:04.242	0.78205	0.78229			6
2026.03.04	01:02:04.542	0.78213	0.78228			6
2026.03.04	01:02:04.842	0.78218	0.78227			6
2026.03.04	01:02:05.141	0.78209				2
2026.03.04	01:02:05.442	0.78216				2
2026.03.04	01:02:05.742	0.78221	0.78229			6
2026.03.04	01:02:06.343	0.78220				2
2026.03.04	01:02:06.645	0.78215	0.78228			6
2026.03.04	01:02:06.945	0.78223				2
2026.03.04	01:02:07.246	0.78210				2
2026.03.04	01:02:07.545	0.78214				2
2026.03.04	01:02:07.846	0.78211	0.78227			6
2026.03.04	01:02:08.145	0.78205				2
2026.03.04	01:02:08.446	0.78214				2
2026.03.04	01:02:08.853	0.78213				2
2026.03.04	01:02:09.154	0.78225				2
2026.03.04	01:02:09.454	0.78216	0.78238			6
2026.03.04	01:02:10.054	0.78226	0.78230			6
2026.03.04	01:02:10.354	0.78216				2
2026.03.04	01:02:10.655	0.78213	0.78229			6
2026.03.04	01:02:10.955	0.78221				2
2026.03.04	01:02:11.257	0.78209				2
2026.03.04	01:02:11.557	0.78215	0.78228			6
2026.03.04	01:02:12.157	0.78227	0.78229			6
2026.03.04	01:02:12.457	0.78215				2
2026.03.04	01:02:12.757	0.78218				2
2026.03.04	01:02:13.057	0.78215				2
2026.03.04	01:02:13.357	0.78216	0.78228			6
2026.03.04	01:02:13.658	0.78214				2
2026.03.04	01:02:14.258	0.78231	0.78232			6
2026.03.04	01:02:14.558	0.78232	0.78233			6
2026.03.04	01:02:15.458	0.78231	0.78232			6
2026.03.04	01:02:16.986	0.78220	0.78229			6
2026.03.04	01:02:17.287	0.78214	0.78230			6
2026.03.04	01:02:17.587	0.78231	0.78232			6
2026.03.04	01:02:17.886	0.78225	0.78231			6
2026.03.04	01:02:18.187	0.78222	0.78229			6
2026.03.04	01:02:18.488	0.78216				2
2026.03.04	01:02:19.238		0.78230			4
2026.03.04	01:02:20.138	0.78208				2
2026.03.04	01:02:20.439	0.78216				2
2026.03.04	01:02:20.738	0.78215				2
2026.03.04	01:02:21.040	0.78232	0.78244			6
2026.03.04	01:02:21.340		0.78242			4
2026.03.04	01:02:21.640	0.78226	0.78244			6
2026.03.04	01:02:21.941	0.78210				2
2026.03.04	01:02:22.240	0.78218				2
2026.03.04	01:02:22.540	0.78219				2
2026.03.04	01:02:22.840	0.78215	0.78242			6
2026.03.04	01:02:23.441	0.78240				2
2026.03.04	01:02:24.041	0.78232	0.78243			6
2026.03.04	01:02:24.342	0.78240	0.78245			6
2026.03.04	01:02:24.642	0.78239	0.78244			6
2026.03.04	01:02:24.942	0.78235	0.78246			6
2026.03.04	01:02:25.242	0.78212	0.78244			6
2026.03.04	01:02:25.542	0.78218				2
2026.03.04	01:02:25.843	0.78232				2
2026.03.04	01:02:26.143	0.78241	0.78242			6
2026.03.04	01:02:26.444	0.78237				2
2026.03.04	01:02:27.645		0.78243			4
2026.03.04	01:02:27.946	0.78239	0.78252			6
2026.03.04	01:02:28.247	0.78231				2
2026.03.04	01:02:28.888	0.78225				2
2026.03.04	01:02:29.187	0.78226				2
2026.03.04	01:02:30.547	0.78225				2
2026.03.04	01:02:30.847	0.78235	0.78257			6
2026.03.04	01:02:31.148	0.78240	0.78250			6
2026.03.04	01:02:31.448	0.78241				2
2026.03.04	01:02:31.899		0.78269			4
2026.03.04	01:02:32.200		0.78271			4
2026.03.04	01:02:32.500		0.78269			4
2026.03.04	01:02:34.793		0.78271			4
2026.03.04	01:02:38.386		0.78269			4
2026.03.04	01:02:38.855	0.78242				2
2026.03.04	01:02:41.164		0.78259			4
2026.03.04	01:02:41.468		0.78260			4
2026.03.04	01:02:44.250		0.78263			4
2026.03.04	01:02:44.550		0.78270			4
2026.03.04	01:02:44.851		0.78269			4
2026.03.04	01:02:45.912		0.78270			4
2026.03.04	01:02:46.212		0.78272			4
2026.03.04	01:02:47.546		0.78271			4
2026.03.04	01:02:48.294		0.78273			4
2026.03.04	01:02:49.275		0.78262			4
2026.03.04	01:02:49.575		0.78274			4
2026.03.04	01:02:49.876		0.78272			4
2026.03.04	01:02:50.177	0.78241	0.78271			6
2026.03.04	01:02:50.478	0.78240				2
2026.03.04	01:02:52.253		0.78291			4
2026.03.04	01:02:52.553	0.78239	0.78277			6
2026.03.04	01:02:52.852	0.78232	0.78275			6
2026.03.04	01:02:53.153	0.78230				2
2026.03.04	01:02:54.011		0.78276			4
2026.03.04	01:02:54.480		0.78273			4
2026.03.04	01:02:54.780	0.78229	0.78272			6
2026.03.04	01:02:55.082		0.78273			4
2026.03.04	01:02:57.733		0.78274			4
2026.03.04	01:02:58.634	0.78228	0.78266			6
2026.03.04	01:02:58.933	0.78223				2
2026.03.04	01:02:59.835		0.78264			4
2026.03.04	01:03:00.135	0.78223	0.78266			6
2026.03.04	01:03:00.436	0.78228				2
2026.03.04	01:03:01.444	0.78233				2
2026.03.04	01:03:01.744		0.78267			4
2026.03.04	01:03:02.043		0.78265			4
2026.03.04	01:03:03.844		0.78260			4
2026.03.04	01:03:07.745		0.78261			4
2026.03.04	01:03:08.989		0.78260			4
2026.03.04	01:03:10.450		0.78261			4
2026.03.04	01:03:10.750		0.78263			4
2026.03.04	01:03:12.460	0.78230	0.78264			6
2026.03.04	01:03:13.060	0.78231	0.78262			6
2026.03.04	01:03:13.360	0.78230				2
2026.03.04	01:03:13.961	0.78232				2
2026.03.04	01:03:14.563	0.78231	0.78263			6
2026.03.04	01:03:14.863	0.78230				2
2026.03.04	01:03:15.463		0.78261			4
2026.03.04	01:03:15.764	0.78231				2
2026.03.04	01:03:18.581	0.78230	0.78257			6
2026.03.04	01:03:18.880	0.78231				2
2026.03.04	01:03:19.482	0.78232				2
2026.03.04	01:03:20.121		0.78258			4
2026.03.04	01:03:20.420	0.78230	0.78254			6
2026.03.04	01:03:21.021	0.78231				2
2026.03.04	01:03:22.809		0.78257			4
2026.03.04	01:03:23.410	0.78230				2
2026.03.04	01:03:25.625	0.78232				2
2026.03.04	01:03:26.868		0.78258			4
2026.03.04	01:03:27.468	0.78234	0.78261			6
2026.03.04	01:03:27.769	0.78233				2
2026.03.04	01:03:28.069	0.78238	0.78259			6
2026.03.04	01:03:28.369	0.78237	0.78260			6
2026.03.04	01:03:29.555	0.78235				2
2026.03.04	01:03:29.855	0.78237				2
2026.03.04	01:03:30.157	0.78240	0.78266			6
2026.03.04	01:03:30.456		0.78264			4
2026.03.04	01:03:31.151		0.78262			4
2026.03.04	01:03:31.454	0.78239				2
2026.03.04	01:03:32.055		0.78261			4
2026.03.04	01:03:32.660	0.78240				2
2026.03.04	01:03:34.655		0.78264			4
2026.03.04	01:03:34.958	0.78238	0.78265			6
2026.03.04	01:03:35.257		0.78263			4
2026.03.04	01:03:35.857	0.78237				2
2026.03.04	01:03:40.904	0.78239	0.78269			6
2026.03.04	01:03:41.206	0.78230	0.78284			6
2026.03.04	01:03:42.409	0.78229	0.78285			6
2026.03.04	01:03:43.910	0.78231	0.78284			6
2026.03.04	01:03:45.109	0.78242	0.78269			6
2026.03.04	01:03:47.487	0.78241				2
2026.03.04	01:03:49.361	0.78242				2
2026.03.04	01:03:52.740	0.78244				2
2026.03.04	01:03:53.039	0.78242				2
2026.03.04	01:03:53.339	0.78244				2
2026.03.04	01:03:56.426	0.78242				2
2026.03.04	01:03:57.989	0.78238	0.78271			6
2026.03.04	01:03:58.290	0.78230	0.78285			6
2026.03.04	01:04:00.092	0.78232	0.78281			6
2026.03.04	01:04:00.692	0.78233				2
2026.03.04	01:04:01.293	0.78232				2
2026.03.04	01:04:01.894	0.78242	0.78269			6
2026.03.04	01:04:06.575	0.78244				2
2026.03.04	01:04:07.837	0.78242				2
2026.03.04	01:04:09.120	0.78243				2
2026.03.04	01:04:09.421	0.78242				2
2026.03.04	01:04:09.766	0.78244	0.78270			6
2026.03.04	01:04:10.821	0.78245				2
2026.03.04	01:04:11.421	0.78243				2
2026.03.04	01:04:15.170	0.78245				2
2026.03.04	01:04:18.400	0.78243				2
2026.03.04	01:04:31.272		0.78269			4
2026.03.04	01:04:31.575	0.78244				2
2026.03.04	01:04:39.810	0.78243	0.78270			6
2026.03.04	01:04:40.933	0.78244				2
2026.03.04	01:04:41.233	0.78241				2
2026.03.04	01:04:41.533	0.78243				2
2026.03.04	01:04:41.833		0.78269			4
2026.03.04	01:04:44.196		0.78268			4
2026.03.04	01:04:46.467	0.78245				2
2026.03.04	01:04:47.177	0.78244	0.78269			6
2026.03.04	01:04:50.095	0.78246	0.78270			6
2026.03.04	01:04:51.812	0.78250				2
2026.03.04	01:04:52.112	0.78261	0.78281			6
2026.03.04	01:04:52.412	0.78264	0.78282			6
2026.03.04	01:04:52.713	0.78265	0.78283			6
2026.03.04	01:04:53.013		0.78277			4
2026.03.04	01:04:53.312	0.78246	0.78272			6
2026.03.04	01:04:53.613	0.78247	0.78271			6
2026.03.04	01:04:55.349	0.78249				2
2026.03.04	01:04:55.650	0.78254				2
2026.03.04	01:04:55.950		0.78272			4
2026.03.04	01:05:00.070	0.78252				2
2026.03.04	01:05:00.371	0.78254				2
2026.03.04	01:05:00.671	0.78252				2
2026.03.04	01:05:00.973	0.78251				2
2026.03.04	01:05:01.874	0.78250	0.78271			6
2026.03.04	01:05:02.658	0.78252				2
2026.03.04	01:05:02.958	0.78254	0.78272			6
2026.03.04	01:05:03.729	0.78255				2
2026.03.04	01:05:04.685	0.78251	0.78271			6
2026.03.04	01:05:04.986	0.78250				2
2026.03.04	01:05:07.047	0.78249				2
2026.03.04	01:05:08.857	0.78255	0.78272			6
2026.03.04	01:05:09.157	0.78251	0.78271			6
2026.03.04	01:05:09.457	0.78249				2
2026.03.04	01:05:10.058	0.78236	0.78265			6
2026.03.04	01:05:10.359	0.78235				2
2026.03.04	01:05:20.791	0.78237				2
2026.03.04	01:05:25.261		0.78264			4
2026.03.04	01:05:25.562	0.78233	0.78260			6
2026.03.04	01:05:32.855	0.78245	0.78266			6
2026.03.04	01:05:33.155		0.78264			4
2026.03.04	01:05:34.658	0.78243				2
2026.03.04	01:05:37.192		0.78263			4
2026.03.04	01:05:39.349	0.78241				2
2026.03.04	01:05:39.650	0.78240				2
2026.03.04	01:05:44.693	0.78241				2
2026.03.04	01:05:46.656	0.78242				2
2026.03.04	01:05:49.282		0.78264			4
2026.03.04	01:05:49.955	0.78241				2
2026.03.04	01:05:50.364	0.78240				2
2026.03.04	01:05:50.664	0.78237	0.78262			6
2026.03.04	01:05:50.967		0.78263			4
2026.03.04	01:05:51.388	0.78236				2
2026.03.04	01:05:51.989		0.78262			4
2026.03.04	01:05:59.591	0.78238	0.78263			6
2026.03.04	01:05:59.893	0.78237				2
2026.03.04	01:06:00.326	0.78237				2
2026.03.04	01:06:10.656		0.78264			4
2026.03.04	01:06:14.555	0.78236				2
2026.03.04	01:06:14.855		0.78263			4
2026.03.04	01:06:16.782		0.78262			4
2026.03.04	01:06:17.281		0.78263			4
2026.03.04	01:06:23.556		0.78261			4
2026.03.04	01:06:23.857	0.78240	0.78262			6
2026.03.04	01:06:24.397	0.78243				2
2026.03.04	01:06:24.696	0.78238	0.78261			6
2026.03.04	01:06:24.997	0.78240				2
2026.03.04	01:06:25.597		0.78260			4
2026.03.04	01:06:26.197	0.78241				2
2026.03.04	01:06:27.991	0.78239				2
2026.03.04	01:06:28.291	0.78241				2
2026.03.04	01:06:29.855	0.78240				2
2026.03.04	01:06:31.381		0.78259			4
2026.03.04	01:06:32.221	0.78238				2
2026.03.04	01:06:45.577	0.78247				2
2026.03.04	01:06:47.370	0.78248				2
2026.03.04	01:06:47.970		0.78260			4
2026.03.04	01:06:48.397	0.78244				2
2026.03.04	01:06:48.696		0.78259			4
2026.03.04	01:06:50.396	0.78243				2
2026.03.04	01:06:51.292	0.78246				2
2026.03.04	01:06:55.702	0.78247				2
2026.03.04	01:06:56.355		0.78260			4
2026.03.04	01:06:56.655	0.78246				2
2026.03.04	01:07:00.154	0.78246				2
2026.03.04	01:07:04.378		0.78259			4
2026.03.04	01:07:04.678	0.78247				2
2026.03.04	01:07:04.979	0.78238				2
2026.03.04	01:07:09.155	0.78237				2
2026.03.04	01:07:09.455	0.78239				2
2026.03.04	01:07:09.797	0.78238				2
2026.03.04	01:07:10.402	0.78237				2
2026.03.04	01:07:11.044	0.78245				2
2026.03.04	01:07:11.645	0.78239				2
2026.03.04	01:07:11.946	0.78245				2
2026.03.04	01:07:12.247	0.78238				2
2026.03.04	01:07:12.547	0.78245				2
2026.03.04	01:07:12.847	0.78238				2
2026.03.04	01:07:13.148	0.78245				2
2026.03.04	01:07:13.447		0.78260			4
2026.03.04	01:07:13.748	0.78240				2
2026.03.04	01:07:14.048	0.78245				2
2026.03.04	01:07:14.348	0.78240				2
2026.03.04	01:07:14.648	0.78245				2
2026.03.04	01:07:14.948	0.78242				2
2026.03.04	01:07:15.249	0.78241	0.78261			6
2026.03.04	01:07:15.550	0.78242	0.78260			6
2026.03.04	01:07:15.990	0.78241				2
2026.03.04	01:07:16.401	0.78240				2
2026.03.04	01:07:17.401	0.78242	0.78261			6
2026.03.04	01:07:17.703	0.78243	0.78263			6
2026.03.04	01:07:18.003	0.78245	0.78264			6
2026.03.04	01:07:18.606	0.78244				2
2026.03.04	01:07:19.401		0.78263			4
2026.03.04	01:07:20.343	0.78245	0.78264			6
2026.03.04	01:07:21.514	0.78247				2
2026.03.04	01:07:24.006	0.78248				2
2026.03.04	01:07:24.811	0.78247				2
2026.03.04	01:07:25.111	0.78248				2
2026.03.04	01:07:25.901	0.78247				2
2026.03.04	01:07:26.201	0.78245				2
2026.03.04	01:07:26.501	0.78248				2
2026.03.04	01:07:27.551	0.78247	0.78265			6
2026.03.04	01:07:27.990	0.78248				2
2026.03.04	01:07:28.401	0.78247				2
2026.03.04	01:07:29.128	0.78248	0.78264			6
2026.03.04	01:07:29.428	0.78247				2
2026.03.04	01:07:30.028	0.78246				2
2026.03.04	01:07:30.795		0.78263			4
2026.03.04	01:07:31.096	0.78244	0.78264			6
2026.03.04	01:07:31.397	0.78236	0.78259			6
2026.03.04	01:07:33.700	0.78234				2
2026.03.04	01:07:34.001	0.78233				2
2026.03.04	01:07:36.756	0.78237	0.78260			6
2026.03.04	01:07:37.426	0.78238				2
2026.03.04	01:07:37.729	0.78234				2
2026.03.04	01:07:38.401		0.78261			4
2026.03.04	01:07:44.558		0.78262			4
2026.03.04	01:07:46.020		0.78261			4
2026.03.04	01:07:47.021		0.78262			4
2026.03.04	01:07:47.713	0.78235				2
2026.03.04	01:07:48.013		0.78261			4
2026.03.04	01:07:50.402		0.78262			4
2026.03.04	01:07:50.704		0.78261			4
2026.03.04	01:07:52.021		0.78260			4
2026.03.04	01:07:52.702	0.78234				2
2026.03.04	01:07:54.702		0.78259			4
2026.03.04	01:07:55.002	0.78238	0.78256			6
2026.03.04	01:07:56.020		0.78257			4
2026.03.04	01:07:57.020		0.78256			4
2026.03.04	01:07:57.401		0.78257			4
2026.03.04	01:08:00.120	0.78238				2
2026.03.04	01:08:01.655		0.78258			4
2026.03.04	01:08:04.323	0.78234				2
2026.03.04	01:08:05.637	0.78235				2
2026.03.04	01:08:06.537	0.78233	0.78256			6
2026.03.04	01:08:15.401	0.78235				2
2026.03.04	01:08:18.842		0.78257			4
2026.03.04	01:08:19.446	0.78234				2
2026.03.04	01:08:19.748	0.78233	0.78259			6
2026.03.04	01:08:21.231	0.78234	0.78258			6
2026.03.04	01:08:21.810	0.78233				2
2026.03.04	01:08:28.871	0.78234	0.78257			6
2026.03.04	01:08:47.462	0.78233	0.78258			6
2026.03.04	01:08:48.023	0.78234	0.78255			6
2026.03.04	01:08:48.324	0.78233				2
2026.03.04	01:08:49.468	0.78232	0.78256			6
2026.03.04	01:08:49.767	0.78231				2
2026.03.04	01:08:50.565	0.78230	0.78255			6
2026.03.04	01:08:53.259	0.78231				2
2026.03.04	01:08:53.558	0.78230	0.78257			6
2026.03.04	01:08:53.858		0.78255			4
2026.03.04	01:08:54.160	0.78228				2
2026.03.04	01:08:54.652	0.78224				2
2026.03.04	01:08:54.952	0.78222	0.78242			6
2026.03.04	01:08:55.552	0.78221				2
2026.03.04	01:08:55.852	0.78222				2
2026.03.04	01:08:56.452	0.78221	0.78239			6
2026.03.04	01:08:58.011	0.78226	0.78245			6
2026.03.04	01:08:58.911		0.78244			4
2026.03.04	01:09:00.112	0.78226				2
2026.03.04	01:09:00.713	0.78228				2
2026.03.04	01:09:05.942		0.78245			4
2026.03.04	01:09:06.242	0.78227				2
2026.03.04	01:09:07.746	0.78228				2
2026.03.04	01:09:08.349	0.78227				2
2026.03.04	01:09:08.649	0.78226	0.78244			6
2026.03.04	01:09:08.950	0.78228				2
2026.03.04	01:09:09.250		0.78245			4
2026.03.04	01:09:10.753	0.78226	0.78241			6
2026.03.04	01:09:11.053	0.78225				2
2026.03.04	01:09:12.854	0.78224				2
2026.03.04	01:09:14.357	0.78226				2
2026.03.04	01:09:14.956	0.78225				2
2026.03.04	01:09:16.457		0.78242			4
2026.03.04	01:09:16.758	0.78229				2
2026.03.04	01:09:17.361	0.78225				2
2026.03.04	01:09:17.962	0.78226				2
2026.03.04	01:09:19.465	0.78227				2
2026.03.04	01:09:19.765	0.78226				2
2026.03.04	01:09:21.567	0.78227	0.78248			6
2026.03.04	01:09:21.866	0.78233	0.78249			6
2026.03.04	01:09:23.993	0.78232				2
2026.03.04	01:09:24.294	0.78231	0.78250			6
2026.03.04	01:09:24.896	0.78230				2
2026.03.04	01:09:25.495	0.78229				2
2026.03.04	01:09:28.804		0.78249			4
2026.03.04	01:09:29.841	0.78230				2
2026.03.04	01:09:37.655	0.78229				2
2026.03.04	01:09:38.503	0.78230	0.78248			6
2026.03.04	01:09:38.804	0.78229	0.78249			6
2026.03.04	01:09:39.105	0.78230				2
2026.03.04	01:09:40.355		0.78248			4
2026.03.04	01:09:43.467	0.78225	0.78247			6
2026.03.04	01:09:43.767	0.78226				2
2026.03.04	01:09:44.368	0.78227				2
2026.03.04	01:09:45.377		0.78248			4
2026.03.04	01:09:45.677	0.78223	0.78242			6
2026.03.04	01:09:45.977	0.78224				2
2026.03.04	01:09:47.481	0.78223				2
2026.03.04	01:09:49.282	0.78224	0.78241			6
2026.03.04	01:09:50.484	0.78225	0.78245			6
2026.03.04	01:09:50.784	0.78224				2
2026.03.04	01:09:51.084	0.78225				2
2026.03.04	01:09:51.716		0.78249			4
2026.03.04	01:09:52.014		0.78247			4
2026.03.04	01:09:53.516		0.78246			4
2026.03.04	01:09:55.751		0.78247			4
2026.03.04	01:09:56.693		0.78246			4
2026.03.04	01:09:57.974	0.78226				2
2026.03.04	01:09:58.273	0.78225	0.78247			6
2026.03.04	01:09:59.255	0.78227	0.78245			6
2026.03.04	01:09:59.555	0.78228				2
2026.03.04	01:10:00.203	0.78228				2
2026.03.04	01:10:03.838	0.78226				2
2026.03.04	01:10:05.856	0.78225	0.78238			6
2026.03.04	01:10:06.457	0.78222				2
2026.03.04	01:10:07.773	0.78220				2
2026.03.04	01:10:08.075		0.78237			4
2026.03.04	01:10:20.711	0.78221				2
2026.03.04	01:10:22.560	0.78222				2
2026.03.04	01:10:25.697		0.78235			4
2026.03.04	01:10:26.001	0.78224				2
2026.03.04	01:10:26.300	0.78222	0.78232			6
2026.03.04	01:10:29.431		0.78233			4
2026.03.04	01:10:32.470		0.78232			4
2026.03.04	01:10:35.539	0.78220				2
2026.03.04	01:10:36.740	0.78221				2
2026.03.04	01:10:37.041	0.78218				2
2026.03.04	01:10:37.411		0.78231			4
2026.03.04	01:10:37.710		0.78233			4
2026.03.04	01:10:38.011	0.78217	0.78231			6
2026.03.04	01:10:38.312		0.78230			4
2026.03.04	01:10:39.815	0.78218				2
2026.03.04	01:10:43.909	0.78219				2
2026.03.04	01:10:44.210		0.78231			4
2026.03.04	01:10:44.511	0.78218	0.78230			6
2026.03.04	01:10:45.111	0.78217				2
2026.03.04	01:10:45.712	0.78221				2
2026.03.04	01:10:46.012	0.78218	0.78229			6
2026.03.04	01:10:46.915		0.78231			4
2026.03.04	01:10:47.815	0.78200	0.78222			6
2026.03.04	01:10:48.117		0.78219			4
2026.03.04	01:10:48.417	0.78204	0.78222			6
2026.03.04	01:10:48.717	0.78208	0.78223			6
2026.03.04	01:10:49.018	0.78203				2
2026.03.04	01:10:49.319	0.78204				2
2026.03.04	01:10:49.618	0.78208				2
2026.03.04	01:10:50.819	0.78207				2
2026.03.04	01:10:51.722	0.78208				2
2026.03.04	01:10:54.774	0.78210				2
2026.03.04	01:10:55.074	0.78208				2
2026.03.04	01:10:55.375	0.78207	0.78225			6
2026.03.04	01:10:55.676	0.78209				2
2026.03.04	01:10:56.291	0.78206	0.78227			6
2026.03.04	01:10:56.593	0.78210	0.78226			6
2026.03.04	01:10:56.894		0.78224			4
2026.03.04	01:10:57.494	0.78209				2
2026.03.04	01:10:58.058	0.78208				2
2026.03.04	01:10:59.587	0.78206				2
2026.03.04	01:11:00.291	0.78206				2
2026.03.04	01:11:05.925	0.78205	0.78222			6
2026.03.04	01:11:06.224	0.78202	0.78220			6
2026.03.04	01:11:06.525	0.78200				2
2026.03.04	01:11:06.825	0.78199				2
2026.03.04	01:11:07.127	0.78200	0.78219			6
2026.03.04	01:11:07.858	0.78199	0.78218			6
2026.03.04	01:11:08.276	0.78198	0.78217			6
2026.03.04	01:11:08.577	0.78196	0.78216			6
2026.03.04	01:11:09.451	0.78197				2
2026.03.04	01:11:09.751	0.78193	0.78212			6
2026.03.04	01:11:10.052	0.78178	0.78198			6
2026.03.04	01:11:10.351	0.78179				2
2026.03.04	01:11:11.253	0.78171	0.78193			6
2026.03.04	01:11:11.553		0.78194			4
2026.03.04	01:11:12.155	0.78175				2
2026.03.04	01:11:12.454	0.78174				2
2026.03.04	01:11:14.276	0.78173				2
2026.03.04	01:11:15.177	0.78174				2
2026.03.04	01:11:16.378	0.78173				2
2026.03.04	01:11:16.979	0.78171	0.78192			6
2026.03.04	01:11:17.579		0.78193			4
2026.03.04	01:11:18.276	0.78172				2
2026.03.04	01:11:18.877	0.78173	0.78192			6
2026.03.04	01:11:19.778		0.78193			4
2026.03.04	01:11:20.678	0.78174	0.78194			6
2026.03.04	01:11:20.979	0.78173	0.78193			6
2026.03.04	01:11:21.280		0.78194			4
2026.03.04	01:11:21.879		0.78193			4
2026.03.04	01:11:22.182		0.78192			4
2026.03.04	01:11:22.484		0.78193			4
2026.03.04	01:11:22.784		0.78192			4
2026.03.04	01:11:23.988		0.78193			4
2026.03.04	01:11:24.287		0.78192			4
2026.03.04	01:11:24.589		0.78191			4
2026.03.04	01:11:24.890		0.78192			4
2026.03.04	01:11:25.191		0.78191			4
2026.03.04	01:11:25.792		0.78192			4
2026.03.04	01:11:26.093		0.78191			4
2026.03.04	01:11:26.693		0.78192			4
2026.03.04	01:11:26.994		0.78191			4
2026.03.04	01:11:28.432		0.78192			4
2026.03.04	01:11:28.732		0.78191			4
2026.03.04	01:11:29.335		0.78192			4
2026.03.04	01:11:31.060		0.78193			4
2026.03.04	01:11:31.661		0.78192			4
2026.03.04	01:11:32.347		0.78191			4
2026.03.04	01:11:33.550	0.78170				2
2026.03.04	01:11:33.850		0.78194			4
2026.03.04	01:11:34.151		0.78189			4
2026.03.04	01:11:36.937	0.78172				2
2026.03.04	01:11:38.864		0.78190			4
2026.03.04	01:11:39.602		0.78191			4
2026.03.04	01:11:40.431	0.78170				2
2026.03.04	01:11:41.413	0.78172	0.78194			6
2026.03.04	01:11:43.079	0.78170	0.78191			6
2026.03.04	01:11:48.792		0.78192			4
2026.03.04	01:11:49.655		0.78191			4
2026.03.04	01:11:49.955	0.78188	0.78208			6
2026.03.04	01:11:53.361	0.78187	0.78205			6
2026.03.04	01:11:56.753	0.78184	0.78203			6
2026.03.04	01:11:57.052	0.78186	0.78204			6
2026.03.04	01:11:57.442	0.78185				2
2026.03.04	01:11:57.744	0.78187	0.78206			6
2026.03.04	01:11:58.344	0.78186				2
2026.03.04	01:11:59.608	0.78188	0.78208			6
2026.03.04	01:12:00.312	0.78188				2
2026.03.04	01:12:02.377	0.78189				2
2026.03.04	01:12:02.677	0.78190				2
2026.03.04	01:12:04.091	0.78191				2
2026.03.04	01:12:04.391	0.78190	0.78209			6
2026.03.04	01:12:07.742	0.78191				2
2026.03.04	01:12:08.042	0.78190				2
2026.03.04	01:12:10.447	0.78189	0.78208			6
2026.03.04	01:12:10.747	0.78188	0.78207			6
2026.03.04	01:12:15.743	0.78189	0.78208			6
2026.03.04	01:12:25.355	0.78190				2
2026.03.04	01:12:27.360	0.78189				2
2026.03.04	01:12:28.798	0.78190				2
2026.03.04	01:12:29.098	0.78195	0.78212			6
2026.03.04	01:12:29.398		0.78211			4
2026.03.04	01:12:29.697		0.78212			4
2026.03.04	01:12:31.090	0.78196				2
2026.03.04	01:12:41.717	0.78194				2
2026.03.04	01:12:43.551	0.78195				2
2026.03.04	01:12:43.851	0.78194				2
2026.03.04	01:12:44.450	0.78195				2
2026.03.04	01:12:48.716	0.78194				2
2026.03.04	01:12:49.861	0.78193				2
2026.03.04	01:12:50.856	0.78194				2
2026.03.04	01:12:53.252	0.78195				2
2026.03.04	01:12:53.553	0.78194				2
2026.03.04	01:12:53.853	0.78195				2
2026.03.04	01:12:55.551	0.78194				2
2026.03.04	01:12:58.100	0.78195				2
2026.03.04	01:13:00.155	0.78195				2
2026.03.04	01:13:01.732	0.78194				2
2026.03.04	01:13:06.585	0.78195				2
2026.03.04	01:13:12.821	0.78194				2
2026.03.04	01:13:13.161	0.78195				2
2026.03.04	01:13:13.861	0.78194				2
2026.03.04	01:13:14.551	0.78195				2
2026.03.04	01:13:16.362	0.78194				2
2026.03.04	01:13:24.361	0.78195				2
2026.03.04	01:13:29.874		0.78212			4
2026.03.04	01:13:30.716	0.78196				2
2026.03.04	01:13:39.479	0.78195	0.78211			6
2026.03.04	01:13:39.778	0.78194	0.78210			6
2026.03.04	01:13:46.021	0.78189	0.78208			6
2026.03.04	01:13:46.320	0.78194	0.78209			6
2026.03.04	01:13:52.610	0.78191	0.78207			6
2026.03.04	01:14:02.059	0.78191				2
2026.03.04	01:14:08.639	0.78192	0.78208			6
2026.03.04	01:14:32.108	0.78191	0.78207			6
2026.03.04	01:14:37.710	0.78192	0.78208			6
2026.03.04	01:14:39.274	0.78191	0.78206			6
2026.03.04	01:14:44.715	0.78187	0.78203			6
2026.03.04	01:14:49.728	0.78183	0.78199			6
2026.03.04	01:14:58.065	0.78184				2
2026.03.04	01:15:00.006	0.78185	0.78197			6
2026.03.04	01:15:00.606	0.78182	0.78195			6
2026.03.04	01:15:00.906	0.78179				2
2026.03.04	01:15:10.418	0.78181				2
2026.03.04	01:15:13.055	0.78182				2
2026.03.04	01:15:13.356	0.78181				2
2026.03.04	01:15:15.368	0.78182	0.78194			6
2026.03.04	01:15:16.565	0.78180	0.78195			6
2026.03.04	01:15:16.865	0.78179				2
2026.03.04	01:15:17.470	0.78182				2
2026.03.04	01:15:20.597	0.78183				2
2026.03.04	01:15:22.631		0.78193			4
2026.03.04	01:15:22.931	0.78182	0.78194			6
2026.03.04	01:15:24.347	0.78183				2
2026.03.04	01:15:27.412	0.78184	0.78200			6
2026.03.04	01:15:27.713	0.78185	0.78198			6
2026.03.04	01:15:30.554		0.78197			4
2026.03.04	01:15:32.071		0.78199			4
2026.03.04	01:15:32.371	0.78184				2
2026.03.04	01:15:32.673	0.78185	0.78197			6
2026.03.04	01:15:33.873	0.78184	0.78199			6
2026.03.04	01:15:41.080	0.78182	0.78198			6
2026.03.04	01:15:54.031		0.78200			4
2026.03.04	01:15:55.731		0.78201			4
2026.03.04	01:15:57.431	0.78181				2
2026.03.04	01:15:57.731		0.78200			4
2026.03.04	01:15:58.031		0.78198			4
2026.03.04	01:16:00.107	0.78181				2
2026.03.04	01:16:02.567	0.78182	0.78197			6
2026.03.04	01:16:05.255	0.78184				2
2026.03.04	01:16:06.836	0.78188	0.78201			6
2026.03.04	01:16:08.036	0.78190	0.78203			6
2026.03.04	01:16:09.367	0.78187	0.78198			6
2026.03.04	01:16:09.805	0.78188				2
2026.03.04	01:16:10.656	0.78187	0.78197			6
2026.03.04	01:16:10.956	0.78188	0.78198			6
2026.03.04	01:16:11.556	0.78187	0.78199			6
2026.03.04	01:16:15.064	0.78189	0.78201			6
2026.03.04	01:16:18.374	0.78190				2
2026.03.04	01:16:20.646	0.78188				2
2026.03.04	01:16:21.980	0.78187	0.78199			6
2026.03.04	01:16:22.279	0.78189	0.78198			6
2026.03.04	01:16:23.255	0.78188	0.78199			6
2026.03.04	01:16:23.556		0.78200			4
2026.03.04	01:16:32.045		0.78199			4
2026.03.04	01:16:32.345	0.78186				2
2026.03.04	01:16:41.248		0.78198			4
2026.03.04	01:16:43.709	0.78187				2
2026.03.04	01:16:47.970	0.78186	0.78197			6
2026.03.04	01:16:49.988		0.78196			4
2026.03.04	01:16:50.288	0.78183	0.78195			6
2026.03.04	01:16:56.020	0.78180	0.78191			6
2026.03.04	01:16:56.320	0.78179				2
2026.03.04	01:16:57.155	0.78181				2
2026.03.04	01:17:00.014	0.78181				2
2026.03.04	01:17:00.334	0.78182				2
2026.03.04	01:17:01.234	0.78183				2
2026.03.04	01:17:05.255	0.78181				2
2026.03.04	01:17:15.768		0.78192			4
2026.03.04	01:17:20.481	0.78187	0.78196			6
2026.03.04	01:17:30.241	0.78188	0.78198			6
2026.03.04	01:17:37.381	0.78189				2
2026.03.04	01:17:40.356		0.78200			4
2026.03.04	01:17:42.274	0.78188	0.78197			6
2026.03.04	01:17:43.293	0.78189	0.78200			6
2026.03.04	01:17:43.774	0.78194				2
2026.03.04	01:17:44.556	0.78188	0.78197			6
2026.03.04	01:17:44.855	0.78194	0.78200			6
2026.03.04	01:17:45.274	0.78189				2
2026.03.04	01:17:48.406		0.78201			4
2026.03.04	01:17:50.311		0.78198			4
2026.03.04	01:18:00.012	0.78189				2
2026.03.04	01:18:04.928	0.78188				2
2026.03.04	01:18:09.193	0.78189	0.78201			6
2026.03.04	01:18:12.081	0.78190	0.78199			6
2026.03.04	01:18:13.829	0.78189				2
2026.03.04	01:18:14.978		0.78200			4
2026.03.04	01:18:15.283		0.78199			4
2026.03.04	01:18:15.579	0.78187	0.78196			6
2026.03.04	01:18:16.780	0.78188				2
2026.03.04	01:18:17.827		0.78197			4
2026.03.04	01:18:51.766	0.78187	0.78196			6
2026.03.04	01:18:55.356	0.78188				2
2026.03.04	01:19:00.156	0.78188				2
2026.03.04	01:19:02.669	0.78187				2
2026.03.04	01:19:02.969	0.78188				2
2026.03.04	01:19:05.988	0.78187				2
2026.03.04	01:19:21.304	0.78188				2
2026.03.04	01:19:23.255	0.78187				2
2026.03.04	01:19:26.557	0.78188				2
2026.03.04	01:19:35.136	0.78187				2
2026.03.04	01:19:48.716	0.78188				2
2026.03.04	01:19:52.005		0.78196			4
2026.03.04	01:19:52.606	0.78193	0.78202			6
2026.03.04	01:19:54.748	0.78194	0.78203			6
2026.03.04	01:20:00.028	0.78194				2
2026.03.04	01:20:00.331	0.78193	0.78202			6
2026.03.04	01:20:00.629	0.78194	0.78203			6
2026.03.04	01:20:06.493	0.78193	0.78202			6
2026.03.04	01:20:20.902	0.78195	0.78204			6
2026.03.04	01:20:26.791	0.78192	0.78202			6
2026.03.04	01:20:27.090	0.78193				2
2026.03.04	01:20:30.532	0.78194				2
2026.03.04	01:20:30.833	0.78193				2
2026.03.04	01:20:31.434	0.78194				2
2026.03.04	01:20:34.646	0.78193				2
2026.03.04	01:20:34.945	0.78194				2
2026.03.04	01:20:36.173	0.78193				2
2026.03.04	01:20:38.257	0.78194				2
2026.03.04	01:20:53.547	0.78196	0.78205			6
2026.03.04	01:20:53.847	0.78195				2
2026.03.04	01:20:57.155		0.78204			4
2026.03.04	01:20:57.456		0.78206			4
2026.03.04	01:21:00.217	0.78195				2
2026.03.04	01:21:00.518		0.78203			4
2026.03.04	01:21:00.819		0.78204			4
2026.03.04	01:21:04.705	0.78199	0.78207			6
2026.03.04	01:21:05.001		0.78206			4
2026.03.04	01:21:11.012		0.78207			4
2026.03.04	01:21:12.711		0.78208			4
2026.03.04	01:21:14.712		0.78209			4
2026.03.04	01:21:15.012	0.78198	0.78208			6
2026.03.04	01:21:16.012	0.78199	0.78209			6
2026.03.04	01:21:16.313		0.78208			4
2026.03.04	01:21:16.612	0.78198				2
2026.03.04	01:21:37.025	0.78199				2
2026.03.04	01:21:39.039	0.78198				2
2026.03.04	01:21:40.929	0.78199				2
2026.03.04	01:21:43.891	0.78200				2
2026.03.04	01:21:45.453	0.78199				2
2026.03.04	01:21:45.754	0.78198				2
2026.03.04	01:21:46.055	0.78199				2
2026.03.04	01:21:56.417	0.78198				2
2026.03.04	01:21:56.718	0.78194	0.78203			6
2026.03.04	01:21:57.018	0.78195				2
2026.03.04	01:22:00.058	0.78196				2
2026.03.04	01:22:00.358		0.78204			4
2026.03.04	01:22:02.441	0.78199	0.78208			6
2026.03.04	01:22:03.043	0.78202	0.78211			6
2026.03.04	01:22:03.342		0.78212			4
2026.03.04	01:22:05.003	0.78203				2
2026.03.04	01:22:06.508	0.78205	0.78213			6
2026.03.04	01:22:07.109		0.78214			4
2026.03.04	01:22:18.233	0.78206				2
2026.03.04	01:22:20.254	0.78207				2
2026.03.04	01:22:21.277	0.78203	0.78210			6
2026.03.04	01:22:21.575	0.78202				2
2026.03.04	01:22:27.830	0.78201				2
2026.03.04	01:22:29.240		0.78211			4
2026.03.04	01:22:30.141		0.78210			4
2026.03.04	01:22:38.613	0.78203	0.78212			6
2026.03.04	01:22:39.213	0.78206	0.78215			6
2026.03.04	01:22:39.813	0.78210	0.78219			6
2026.03.04	01:22:40.114	0.78212				2
2026.03.04	01:22:42.488	0.78211				2
2026.03.04	01:22:43.058	0.78212				2
2026.03.04	01:22:44.604		0.78220			4
2026.03.04	01:22:48.174	0.78211				2
2026.03.04	01:22:49.658	0.78210				2
2026.03.04	01:22:49.957	0.78198	0.78207			6
2026.03.04	01:22:50.862	0.78190	0.78198			6
2026.03.04	01:22:51.160	0.78188				2
2026.03.04	01:22:51.770	0.78187	0.78197			6
2026.03.04	01:22:52.070	0.78188				2
2026.03.04	01:22:55.684	0.78193	0.78200			6
2026.03.04	01:22:56.886	0.78192				2
2026.03.04	01:22:57.718	0.78194				2
2026.03.04	01:23:00.018	0.78194				2
2026.03.04	01:23:01.305	0.78190	0.78199			6
2026.03.04	01:23:01.609		0.78196			4
2026.03.04	01:23:01.908	0.78187				2
2026.03.04	01:23:02.508	0.78188				2
2026.03.04	01:23:12.577	0.78187	0.78195			6
2026.03.04	01:23:13.684	0.78182	0.78189			6
2026.03.04	01:23:13.984		0.78188			4
2026.03.04	01:23:14.285	0.78183	0.78192			6
2026.03.04	01:23:14.586	0.78184				2
2026.03.04	01:23:15.670	0.78185				2
2026.03.04	01:23:16.457	0.78184	0.78191			6
2026.03.04	01:23:19.450	0.78185	0.78193			6
2026.03.04	01:23:19.749	0.78186	0.78194			6
2026.03.04	01:23:20.050	0.78187				2
2026.03.04	01:23:21.756	0.78188				2
2026.03.04	01:23:22.357	0.78191	0.78199			6
2026.03.04	01:23:25.666	0.78192				2
2026.03.04	01:23:27.757		0.78200			4
2026.03.04	01:23:29.257	0.78193				2
2026.03.04	01:23:45.584	0.78194	0.78203			6
2026.03.04	01:23:47.255		0.78204			4
2026.03.04	01:23:52.370	0.78193				2
2026.03.04	01:23:53.255	0.78194				2
2026.03.04	01:23:55.202		0.78205			4
2026.03.04	01:23:56.554		0.78204			4
2026.03.04	01:24:00.123	0.78194				2
2026.03.04	01:24:01.003	0.78193				2
2026.03.04	01:24:01.655		0.78205			4
2026.03.04	01:24:03.819		0.78204			4
2026.03.04	01:24:05.751	0.78192				2
2026.03.04	01:24:06.880	0.78195	0.78205			6
2026.03.04	01:24:08.232		0.78203			4
2026.03.04	01:24:10.134	0.78194				2
2026.03.04	01:24:15.348	0.78195				2
2026.03.04	01:24:16.908	0.78192	0.78200			6
2026.03.04	01:24:18.156	0.78194				2
2026.03.04	01:24:20.373	0.78193				2
2026.03.04	01:24:34.056	0.78192				2
2026.03.04	01:24:35.626	0.78193				2
2026.03.04	01:24:38.529	0.78194	0.78202			6
2026.03.04	01:24:40.761	0.78195				2
2026.03.04	01:24:41.414	0.78196	0.78206			6
2026.03.04	01:24:42.017	0.78197				2
2026.03.04	01:24:43.215	0.78196				2
2026.03.04	01:24:43.828		0.78205			4
2026.03.04	01:24:44.263	0.78195				2
2026.03.04	01:24:56.761		0.78206			4
2026.03.04	01:24:58.514	0.78194	0.78204			6
2026.03.04	01:25:00.156	0.78194				2
2026.03.04	01:25:11.892	0.78193	0.78202			6
2026.03.04	01:25:13.055	0.78194	0.78204			6
2026.03.04	01:25:15.551	0.78195	0.78202			6
2026.03.04	01:25:16.900	0.78194				2
2026.03.04	01:25:25.395	0.78195				2
2026.03.04	01:25:26.744	0.78194				2
2026.03.04	01:25:38.989	0.78193				2
2026.03.04	01:25:41.255	0.78194				2
2026.03.04	01:25:42.540	0.78193				2
2026.03.04	01:25:42.840	0.78194				2
2026.03.04	01:25:47.855	0.78193				2
2026.03.04	01:25:48.985	0.78195				2
2026.03.04	01:25:49.284	0.78193				2
2026.03.04	01:26:00.199	0.78193				2
2026.03.04	01:26:07.523	0.78195				2
2026.03.04	01:26:08.124		0.78203			4
2026.03.04	01:26:13.125	0.78194				2
2026.03.04	01:26:13.726	0.78195				2
2026.03.04	01:26:14.326	0.78194				2
2026.03.04	01:26:19.688	0.78195				2
2026.03.04	01:26:20.292	0.78194				2
2026.03.04	01:26:22.807	0.78195				2
2026.03.04	01:26:25.028	0.78194				2
2026.03.04	01:26:26.855	0.78195				2
2026.03.04	01:26:28.311	0.78194				2
2026.03.04	01:26:31.451	0.78195				2
2026.03.04	01:26:32.967	0.78194	0.78202			6
2026.03.04	01:26:33.448	0.78193				2
2026.03.04	01:26:33.750	0.78194				2
2026.03.04	01:26:35.071		0.78203			4
2026.03.04	01:26:35.371		0.78202			4
2026.03.04	01:26:40.474		0.78203			4
2026.03.04	01:26:40.773	0.78195	0.78204			6
2026.03.04	01:26:46.187	0.78196				2
2026.03.04	01:26:46.487	0.78195				2
2026.03.04	01:26:50.916	0.78196				2
2026.03.04	01:26:51.217	0.78195				2
2026.03.04	01:26:51.516	0.78196				2
2026.03.04	01:26:52.334	0.78197				2
2026.03.04	01:26:52.632	0.78195				2
2026.03.04	01:26:52.932		0.78203			4
2026.03.04	01:27:00.016	0.78195				2
2026.03.04	01:27:01.659		0.78202			4
2026.03.04	01:27:02.023		0.78203			4
2026.03.04	01:27:05.311	0.78193	0.78202			6
2026.03.04	01:27:05.611	0.78195				2
2026.03.04	01:27:05.911	0.78194				2
2026.03.04	01:27:07.054	0.78195				2
2026.03.04	01:27:07.356	0.78194				2
2026.03.04	01:27:07.657	0.78195				2
2026.03.04	01:27:09.245	0.78190	0.78199			6
2026.03.04	01:27:09.541	0.78189	0.78197			6
2026.03.04	01:27:10.318		0.78196			4
2026.03.04	01:27:17.829	0.78185	0.78194			6
2026.03.04	01:27:24.150		0.78193			4
2026.03.04	01:27:26.106	0.78182	0.78191			6
2026.03.04	01:27:26.406	0.78179	0.78187			6
2026.03.04	01:27:26.705		0.78188			4
2026.03.04	01:27:27.007	0.78180	0.78187			6
2026.03.04	01:27:27.308		0.78188			4
2026.03.04	01:27:27.608	0.78181	0.78189			6
2026.03.04	01:27:29.506	0.78183	0.78191			6
2026.03.04	01:27:36.283		0.78192			4
2026.03.04	01:27:36.580		0.78191			4
2026.03.04	01:27:38.668	0.78182	0.78190			6
2026.03.04	01:27:42.778	0.78185	0.78191			6
2026.03.04	01:27:43.080	0.78182	0.78190			6
2026.03.04	01:27:48.601		0.78189			4
2026.03.04	01:27:49.236	0.78181				2
2026.03.04	01:27:49.536	0.78182	0.78190			6
2026.03.04	01:27:51.116	0.78181	0.78189			6
2026.03.04	01:27:51.418	0.78182				2
2026.03.04	01:27:52.292		0.78190			4
2026.03.04	01:27:53.125	0.78183				2
2026.03.04	01:27:53.425		0.78191			4
2026.03.04	01:27:54.456		0.78190			4
2026.03.04	01:27:54.756		0.78191			4
2026.03.04	01:27:55.532		0.78190			4
2026.03.04	01:28:00.319	0.78183				2
2026.03.04	01:28:01.571	0.78188	0.78196			6
2026.03.04	01:28:01.872		0.78197			4
2026.03.04	01:28:02.772		0.78196			4
2026.03.04	01:28:03.996		0.78197			4
2026.03.04	01:28:04.297		0.78196			4
2026.03.04	01:28:08.278	0.78189				2
2026.03.04	01:28:15.925		0.78197			4
2026.03.04	01:28:22.897	0.78188				2
2026.03.04	01:28:28.316	0.78191	0.78198			6
2026.03.04	01:28:28.615		0.78199			4
2026.03.04	01:28:28.917	0.78193	0.78201			6
2026.03.04	01:28:36.883	0.78192	0.78199			6
2026.03.04	01:28:37.183		0.78200			4
2026.03.04	01:28:37.805		0.78199			4
2026.03.04	01:28:38.432		0.78200			4
2026.03.04	01:28:39.899	0.78193				2
2026.03.04	01:28:40.957	0.78192				2
2026.03.04	01:28:41.257	0.78193				2
2026.03.04	01:28:41.763	0.78192				2
2026.03.04	01:28:42.064	0.78193				2
2026.03.04	01:28:42.794	0.78192				2
2026.03.04	01:28:45.423	0.78190	0.78199			6
2026.03.04	01:28:46.056	0.78191				2
2026.03.04	01:28:50.372	0.78189	0.78198			6
2026.03.04	01:28:50.673	0.78190				2
2026.03.04	01:28:52.095		0.78195			4
2026.03.04	01:28:52.396	0.78189				2
2026.03.04	01:28:52.696		0.78198			4
2026.03.04	01:28:53.800	0.78190				2
2026.03.04	01:28:54.102	0.78189	0.78197			6
2026.03.04	01:29:00.325	0.78189				2
2026.03.04	01:29:08.255	0.78190	0.78198			6
2026.03.04	01:29:08.555		0.78197			4
2026.03.04	01:29:09.475	0.78189				2
2026.03.04	01:29:29.703	0.78191	0.78200			6
2026.03.04	01:29:30.004		0.78199			4
2026.03.04	01:29:30.998		0.78200			4
2026.03.04	01:29:37.091	0.78190	0.78198			6
2026.03.04	01:29:37.993	0.78189				2
2026.03.04	01:29:40.512	0.78186	0.78194			6
2026.03.04	01:29:41.855	0.78187				2
2026.03.04	01:30:00.096	0.78187				2
2026.03.04	01:30:00.395	0.78186	0.78193			6
2026.03.04	01:30:01.453	0.78185				2
2026.03.04	01:30:02.314	0.78186				2
2026.03.04	01:30:03.328	0.78184	0.78194			6
2026.03.04	01:30:03.628	0.78188	0.78191			6
2026.03.04	01:30:06.334	0.78189				2
2026.03.04	01:30:07.237	0.78186	0.78193			6
2026.03.04	01:30:15.382	0.78185				2
2026.03.04	01:30:17.254	0.78186				2
2026.03.04	01:30:17.554	0.78181	0.78191			6
2026.03.04	01:30:18.649	0.78185	0.78190			6
2026.03.04	01:30:19.379	0.78184				2
2026.03.04	01:30:23.932	0.78182				2
2026.03.04	01:30:24.232		0.78191			4
2026.03.04	01:30:26.254		0.78192			4
2026.03.04	01:30:27.351	0.78184				2
2026.03.04	01:30:27.652	0.78183	0.78191			6
2026.03.04	01:30:29.855	0.78182				2
2026.03.04	01:30:30.457	0.78184	0.78192			6
2026.03.04	01:30:31.057	0.78188	0.78195			6
2026.03.04	01:30:33.511	0.78189				2
2026.03.04	01:30:33.810	0.78186	0.78193			6
2026.03.04	01:30:37.532	0.78189	0.78195			6
2026.03.04	01:30:38.133	0.78190	0.78196			6
2026.03.04	01:30:38.734	0.78189				2
2026.03.04	01:30:40.080	0.78190				2
2026.03.04	01:30:44.242	0.78191	0.78199			6
2026.03.04	01:30:44.542	0.78190				2
2026.03.04	01:30:44.843	0.78191				2
2026.03.04	01:30:49.956	0.78192				2
2026.03.04	01:30:50.256	0.78191				2
2026.03.04	01:30:51.470		0.78197			4
2026.03.04	01:30:52.459	0.78190	0.78198			6
2026.03.04	01:30:53.858	0.78189	0.78197			6
2026.03.04	01:30:55.061		0.78198			4
2026.03.04	01:30:55.360	0.78188	0.78196			6
2026.03.04	01:30:56.262	0.78187	0.78195			6
2026.03.04	01:31:00.011	0.78187				2
2026.03.04	01:31:00.311	0.78185	0.78194			6
2026.03.04	01:31:00.611	0.78187	0.78195			6
2026.03.04	01:31:00.913	0.78188	0.78196			6
2026.03.04	01:31:01.213	0.78185	0.78193			6
2026.03.04	01:31:02.767		0.78194			4
2026.03.04	01:31:03.757		0.78193			4
2026.03.04	01:31:04.057		0.78194			4
2026.03.04	01:31:04.358		0.78193			4
2026.03.04	01:31:04.958	0.78188	0.78196			6
2026.03.04	01:31:05.258		0.78197			4
2026.03.04	01:31:06.113		0.78196			4
2026.03.04	01:31:10.546		0.78197			4
2026.03.04	01:31:11.240		0.78196			4
2026.03.04	01:31:11.540		0.78197			4
2026.03.04	01:31:13.438		0.78196			4
2026.03.04	01:31:14.420	0.78187	0.78195			6
2026.03.04	01:31:18.564	0.78186	0.78194			6
2026.03.04	01:31:18.865	0.78185	0.78193			6
2026.03.04	01:31:28.020	0.78184				2
2026.03.04	01:31:31.470		0.78192			4
2026.03.04	01:31:31.771		0.78193			4
2026.03.04	01:31:35.031		0.78192			4
2026.03.04	01:31:36.937		0.78193			4
2026.03.04	01:31:42.155		0.78192			4
2026.03.04	01:31:43.095		0.78193			4
2026.03.04	01:31:44.191	0.78183	0.78191			6
2026.03.04	01:31:46.685		0.78192			4
2026.03.04	01:31:46.985		0.78191			4
2026.03.04	01:31:49.884	0.78182				2
2026.03.04	01:31:56.487	0.78185	0.78194			6
2026.03.04	01:32:00.012	0.78185				2
2026.03.04	01:32:00.915	0.78186				2
2026.03.04	01:32:02.936		0.78193			4
2026.03.04	01:32:03.849	0.78185				2
2026.03.04	01:32:04.294		0.78192			4
2026.03.04	01:32:06.700		0.78193			4
2026.03.04	01:32:07.000		0.78192			4
2026.03.04	01:32:07.300		0.78193			4
2026.03.04	01:32:08.014		0.78192			4
2026.03.04	01:32:10.013		0.78193			4
2026.03.04	01:32:12.996	0.78183	0.78191			6
2026.03.04	01:32:15.861	0.78185	0.78193			6
2026.03.04	01:32:19.999	0.78186				2
2026.03.04	01:32:20.599		0.78194			4
2026.03.04	01:32:22.184	0.78182	0.78190			6
2026.03.04	01:32:24.718		0.78191			4
2026.03.04	01:32:25.018	0.78184	0.78192			6
2026.03.04	01:32:25.318		0.78193			4
2026.03.04	01:32:30.725	0.78183	0.78191			6
2026.03.04	01:32:31.899	0.78184	0.78193			6
2026.03.04	01:32:33.765	0.78185				2
2026.03.04	01:32:44.220	0.78182	0.78190			6
2026.03.04	01:32:44.519		0.78191			4
2026.03.04	01:32:45.543	0.78184	0.78192			6
2026.03.04	01:32:55.524		0.78193			4
2026.03.04	01:32:55.824	0.78185				2
2026.03.04	01:33:00.013	0.78185				2
2026.03.04	01:33:01.531	0.78184	0.78192			6
2026.03.04	01:33:02.414		0.78193			4
2026.03.04	01:33:03.014		0.78191			4
2026.03.04	01:33:20.562	0.78183				2
2026.03.04	01:33:28.268	0.78182				2
2026.03.04	01:33:28.569		0.78190			4
2026.03.04	01:33:30.207		0.78189			4
2026.03.04	01:33:30.507		0.78190			4
2026.03.04	01:33:45.748		0.78191			4
2026.03.04	01:33:54.032	0.78188	0.78197			6
2026.03.04	01:34:00.238	0.78188				2
2026.03.04	01:34:06.571	0.78189				2
2026.03.04	01:34:10.313	0.78190				2
2026.03.04	01:34:12.508	0.78194	0.78203			6
2026.03.04	01:34:12.807	0.78195				2
2026.03.04	01:34:19.356	0.78194				2
2026.03.04	01:34:21.892	0.78195				2
2026.03.04	01:34:26.228	0.78197	0.78206			6
2026.03.04	01:34:34.866	0.78192	0.78200			6
2026.03.04	01:34:35.166	0.78194	0.78203			6
2026.03.04	01:34:43.955	0.78195				2
2026.03.04	01:34:46.210	0.78194				2
2026.03.04	01:34:47.016	0.78195				2
2026.03.04	01:34:47.615		0.78202			4
2026.03.04	01:34:48.394	0.78196				2
2026.03.04	01:34:49.285	0.78195	0.78203			6
2026.03.04	01:34:49.585	0.78194				2
2026.03.04	01:34:51.755	0.78195				2
2026.03.04	01:34:52.955	0.78194				2
2026.03.04	01:34:56.580	0.78195				2
2026.03.04	01:34:57.755	0.78194				2
2026.03.04	01:34:58.354		0.78202			4
2026.03.04	01:35:00.016	0.78194				2
2026.03.04	01:35:04.900		0.78201			4
2026.03.04	01:35:05.199		0.78202			4
2026.03.04	01:35:05.501		0.78201			4
2026.03.04	01:35:05.801	0.78192	0.78200			6
2026.03.04	01:35:10.786	0.78191				2
2026.03.04	01:35:41.061	0.78190	0.78199			6
2026.03.04	01:35:53.564	0.78191	0.78200			6
2026.03.04	01:36:00.017	0.78191				2
2026.03.04	01:36:04.126	0.78193	0.78202			6
2026.03.04	01:36:06.773	0.78191	0.78200			6
2026.03.04	01:36:13.269	0.78190	0.78199			6
2026.03.04	01:36:17.304	0.78191	0.78200			6
2026.03.04	01:36:24.543	0.78186	0.78195			6
2026.03.04	01:36:31.146	0.78185	0.78194			6
2026.03.04	01:36:32.834	0.78187	0.78195			6
2026.03.04	01:36:34.956	0.78186				2
2026.03.04	01:36:38.898	0.78188	0.78197			6
2026.03.04	01:36:40.114	0.78189				2
2026.03.04	01:36:52.210	0.78191	0.78199			6
2026.03.04	01:36:53.209	0.78190				2
2026.03.04	01:37:00.209	0.78191				2
2026.03.04	01:37:03.238	0.78190	0.78198			6
2026.03.04	01:37:08.989	0.78189				2
2026.03.04	01:37:09.708	0.78190				2
2026.03.04	01:37:10.357	0.78189				2
2026.03.04	01:37:27.556	0.78190				2
2026.03.04	01:37:30.486	0.78189				2
2026.03.04	01:37:34.548	0.78188	0.78197			6
2026.03.04	01:37:34.849	0.78190	0.78198			6
2026.03.04	01:37:37.550	0.78189				2
2026.03.04	01:37:47.352	0.78188	0.78197			6
2026.03.04	01:37:50.056	0.78189				2
2026.03.04	01:38:01.152	0.78189				2
2026.03.04	01:38:07.157	0.78188				2
2026.03.04	01:38:22.702	0.78189	0.78199			6
2026.03.04	01:38:24.757		0.78198			4
2026.03.04	01:38:27.233		0.78199			4
2026.03.04	01:38:27.783		0.78198			4
2026.03.04	01:38:28.086		0.78199			4
2026.03.04	01:38:29.383	0.78190				2
2026.03.04	01:38:35.862	0.78192	0.78200			6
2026.03.04	01:38:38.402		0.78199			4
2026.03.04	01:38:40.016		0.78200			4
2026.03.04	01:38:53.569		0.78201			4
2026.03.04	01:38:54.169		0.78198			4
2026.03.04	01:38:54.566		0.78201			4
2026.03.04	01:39:00.019	0.78192				2
2026.03.04	01:39:00.668		0.78200			4
2026.03.04	01:39:06.073	0.78196	0.78203			6
2026.03.04	01:39:29.613	0.78197				2
2026.03.04	01:39:32.396	0.78196				2
2026.03.04	01:39:33.363	0.78197				2
2026.03.04	01:39:39.562	0.78196				2
2026.03.04	01:39:39.863	0.78195				2
2026.03.04	01:39:46.501	0.78198	0.78205			6
2026.03.04	01:39:46.800		0.78204			4
2026.03.04	01:39:47.569		0.78205			4
2026.03.04	01:39:52.365	0.78197	0.78204			6
2026.03.04	01:39:54.155	0.78198				2
2026.03.04	01:39:58.138	0.78196	0.78205			6
2026.03.04	01:40:00.187	0.78195	0.78203			6
2026.03.04	01:40:23.022		0.78204			4
2026.03.04	01:40:23.624	0.78196	0.78205			6
2026.03.04	01:40:26.230		0.78203			4
2026.03.04	01:40:27.798	0.78195				2
2026.03.04	01:40:29.216		0.78204			4
2026.03.04	01:40:39.955	0.78196				2
2026.03.04	01:40:58.556		0.78205			4
2026.03.04	01:40:59.457		0.78203			4
2026.03.04	01:40:59.757	0.78195				2
2026.03.04	01:41:00.058	0.78195				2
2026.03.04	01:41:02.382	0.78196	0.78204			6
2026.03.04	01:41:03.617		0.78205			4
2026.03.04	01:41:16.175	0.78197				2
2026.03.04	01:41:16.523	0.78196	0.78201			6
2026.03.04	01:41:17.122	0.78197	0.78205			6
2026.03.04	01:41:17.423	0.78196	0.78202			6
2026.03.04	01:41:17.723	0.78197	0.78205			6
2026.03.04	01:41:18.023	0.78196	0.78201			6
2026.03.04	01:41:18.323	0.78197	0.78205			6
2026.03.04	01:41:18.623	0.78196	0.78201			6
2026.03.04	01:41:18.934	0.78197	0.78205			6
2026.03.04	01:41:19.270	0.78196	0.78201			6
2026.03.04	01:41:19.669	0.78197	0.78205			6
2026.03.04	01:41:19.978	0.78196	0.78201			6
2026.03.04	01:41:20.581		0.78204			4
2026.03.04	01:41:31.675	0.78197	0.78205			6
2026.03.04	01:41:44.555	0.78196	0.78204			6
2026.03.04	01:42:00.013	0.78196				2
2026.03.04	01:42:01.356		0.78202			4
2026.03.04	01:42:02.408		0.78204			4
2026.03.04	01:42:12.641	0.78197				2
2026.03.04	01:42:13.241	0.78196				2
2026.03.04	01:42:17.480	0.78197	0.78205			6
2026.03.04	01:42:23.372	0.78198				2
2026.03.04	01:42:34.143	0.78200	0.78208			6
2026.03.04	01:42:34.442	0.78197	0.78205			6
2026.03.04	01:42:48.167	0.78196				2
2026.03.04	01:42:50.494	0.78197				2
2026.03.04	01:42:58.955	0.78198	0.78206			6
2026.03.04	01:43:00.015	0.78198				2
2026.03.04	01:43:02.373	0.78199	0.78207			6
2026.03.04	01:43:03.455		0.78208			4
2026.03.04	01:43:04.687	0.78197	0.78203			6
2026.03.04	01:43:04.988	0.78196	0.78204			6
2026.03.04	01:43:07.130	0.78198	0.78206			6
2026.03.04	01:43:08.256	0.78196	0.78203			6
2026.03.04	01:43:08.556	0.78197	0.78204			6
2026.03.04	01:43:21.180	0.78194	0.78203			6
2026.03.04	01:43:21.480		0.78202			4
2026.03.04	01:43:23.288	0.78191	0.78199			6
2026.03.04	01:43:23.587	0.78192	0.78198			6
2026.03.04	01:43:23.887	0.78191	0.78197			6
2026.03.04	01:43:24.188	0.78192	0.78199			6
2026.03.04	01:43:25.601		0.78198			4
2026.03.04	01:43:29.555		0.78199			4
2026.03.04	01:43:30.320		0.78198			4
2026.03.04	01:43:31.482		0.78199			4
2026.03.04	01:43:46.748	0.78191	0.78198			6
2026.03.04	01:43:50.411		0.78199			4
2026.03.04	01:43:52.655	0.78192	0.78198			6
2026.03.04	01:43:55.357		0.78199			4
2026.03.04	01:43:58.943	0.78189	0.78196			6
2026.03.04	01:44:00.068	0.78189	0.78195			6
2026.03.04	01:44:01.055	0.78190				2
2026.03.04	01:44:01.356		0.78197			4
2026.03.04	01:44:03.615	0.78189				2
2026.03.04	01:44:05.299		0.78196			4
2026.03.04	01:44:05.600		0.78195			4
2026.03.04	01:44:08.653	0.78188				2
2026.03.04	01:44:11.255	0.78187				2
2026.03.04	01:44:12.155	0.78190	0.78197			6
2026.03.04	01:44:31.193	0.78189	0.78196			6
2026.03.04	01:44:36.792	0.78190				2
2026.03.04	01:44:39.755	0.78189				2
2026.03.04	01:44:45.289	0.78192	0.78198			6
2026.03.04	01:44:45.620		0.78199			4
2026.03.04	01:44:51.170	0.78191				2
2026.03.04	01:44:52.187	0.78192				2
2026.03.04	01:44:58.805	0.78194	0.78201			6
2026.03.04	01:44:59.108	0.78195				2
2026.03.04	01:45:00.016	0.78195				2
2026.03.04	01:45:00.316	0.78194				2
2026.03.04	01:45:00.616	0.78192	0.78200			6
2026.03.04	01:45:01.932	0.78194				2
2026.03.04	01:45:03.284	0.78193	0.78199			6
2026.03.04	01:45:03.583		0.78200			4
2026.03.04	01:45:05.262	0.78194	0.78201			6
2026.03.04	01:45:05.563	0.78197	0.78204			6
2026.03.04	01:45:05.863	0.78196	0.78203			6
2026.03.04	01:45:06.163	0.78195	0.78204			6
2026.03.04	01:45:06.505	0.78196				2
2026.03.04	01:45:06.805		0.78203			4
2026.03.04	01:45:08.069	0.78197	0.78204			6
2026.03.04	01:45:09.120	0.78198	0.78206			6
2026.03.04	01:45:09.420	0.78199				2
2026.03.04	01:45:20.194		0.78207			4
2026.03.04	01:45:20.496	0.78201	0.78208			6
