<DATE>	<TIME>	<BID>	<ASK>	<LAST>	<VOLUME>	<FLAGS>
2026.02.26	00:03:31.367	0.77219	0.77360			6
2026.02.26	00:03:52.598		0.77354			4
2026.02.26	00:03:52.909		0.77360			4
2026.02.26	00:04:00.081	0.77219				2
2026.02.26	00:04:53.051		0.77360			4
2026.02.26	00:05:00.126	0.77219				2
2026.02.26	00:05:22.018		0.77354			4
2026.02.26	00:06:00.243	0.77219				2
2026.02.26	00:06:04.568	0.77215				2
2026.02.26	00:06:22.182		0.77354			4
2026.02.26	00:06:56.814		0.77344			4
2026.02.26	00:06:59.599	0.77214				2
2026.02.26	00:07:00.208	0.77214				2
2026.02.26	00:07:12.923		0.77343			4
2026.02.26	00:07:51.213		0.77339			4
2026.02.26	00:07:54.625	0.77219				2
2026.02.26	00:07:59.258	0.77208	0.77314			6
2026.02.26	00:08:00.185	0.77206				2
2026.02.26	00:08:00.805		0.77327			4
2026.02.26	00:08:01.109		0.77328			4
2026.02.26	00:08:02.673		0.77326			4
2026.02.26	00:08:02.974		0.77324			4
2026.02.26	00:08:03.924	0.77203	0.77292			6
2026.02.26	00:08:04.541	0.77197				2
2026.02.26	00:08:05.778	0.77198				2
2026.02.26	00:08:08.880	0.77210	0.77295			6
2026.02.26	00:08:11.652	0.77213				2
2026.02.26	00:08:11.968	0.77210				2
2026.02.26	00:08:17.843	0.77204	0.77293			6
2026.02.26	00:08:37.275	0.77206	0.77290			6
2026.02.26	00:08:46.712	0.77217	0.77337			6
2026.02.26	00:08:53.909		0.77339			4
2026.02.26	00:08:57.346		0.77341			4
2026.02.26	00:09:00.151	0.77217				2
2026.02.26	00:09:09.839		0.77337			4
2026.02.26	00:09:11.078		0.77335			4
2026.02.26	00:09:14.533		0.77338			4
2026.02.26	00:09:16.114		0.77337			4
2026.02.26	00:09:16.417		0.77338			4
2026.02.26	00:09:29.791		0.77342			4
2026.02.26	00:09:41.677	0.77216	0.77344			6
2026.02.26	00:09:51.061		0.77345			4
2026.02.26	00:10:00.100	0.77216				2
2026.02.26	00:10:00.407	0.77222	0.77308			6
2026.02.26	00:10:01.355	0.77223	0.77344			6
2026.02.26	00:10:06.399		0.77345			4
2026.02.26	00:10:08.275	0.77224				2
2026.02.26	00:10:12.384	0.77234	0.77354			6
2026.02.26	00:10:16.125	0.77231	0.77351			6
2026.02.26	00:10:16.449	0.77234	0.77354			6
2026.02.26	00:10:17.705	0.77229	0.77349			6
2026.02.26	00:10:18.024	0.77233	0.77353			6
2026.02.26	00:10:18.329	0.77234	0.77354			6
2026.02.26	00:10:20.535	0.77233	0.77353			6
2026.02.26	00:10:23.018	0.77241	0.77361			6
2026.02.26	00:10:23.324	0.77235	0.77355			6
2026.02.26	00:10:25.572	0.77233	0.77353			6
2026.02.26	00:10:26.199	0.77151	0.77256			6
2026.02.26	00:10:27.130	0.77150	0.77257			6
2026.02.26	00:10:37.143	0.77151	0.77258			6
2026.02.26	00:10:40.929		0.77259			4
2026.02.26	00:10:41.254	0.77150	0.77260			6
2026.02.26	00:10:43.137	0.77149	0.77259			6
2026.02.26	00:10:47.177	0.77150	0.77260			6
2026.02.26	00:10:47.805	0.77156	0.77266			6
2026.02.26	00:10:57.771	0.77155				2
2026.02.26	00:11:00.249	0.77155				2
2026.02.26	00:11:06.190	0.77111	0.77316			6
2026.02.26	00:11:07.443	0.77223	0.77307			6
2026.02.26	00:11:08.699	0.77155	0.77266			6
2026.02.26	00:11:09.651	0.77223	0.77307			6
2026.02.26	00:11:14.950	0.77155	0.77266			6
2026.02.26	00:11:15.903	0.77223	0.77307			6
2026.02.26	00:11:21.146	0.77158	0.77269			6
2026.02.26	00:11:22.099	0.77223	0.77309			6
2026.02.26	00:11:23.946		0.77314			4
2026.02.26	00:11:27.144	0.77146	0.77258			6
2026.02.26	00:11:28.075	0.77223	0.77308			6
2026.02.26	00:11:28.376		0.77314			4
2026.02.26	00:11:31.835	0.77227				2
2026.02.26	00:11:33.412	0.77146	0.77258			6
2026.02.26	00:11:34.343	0.77227	0.77314			6
2026.02.26	00:11:37.149		0.77311			4
2026.02.26	00:11:46.863		0.77310			4
2026.02.26	00:11:47.505		0.77311			4
2026.02.26	00:11:50.594		0.77305			4
2026.02.26	00:11:51.526		0.77311			4
2026.02.26	00:11:55.611		0.77305			4
2026.02.26	00:11:56.560		0.77310			4
2026.02.26	00:12:00.300	0.77227				2
2026.02.26	00:12:02.518		0.77309			4
2026.02.26	00:12:07.254		0.77312			4
2026.02.26	00:12:08.182		0.77311			4
2026.02.26	00:12:08.488		0.77309			4
2026.02.26	00:12:15.352		0.77308			4
2026.02.26	00:12:19.725		0.77307			4
2026.02.26	00:12:20.041	0.77216	0.77309			6
2026.02.26	00:12:20.972		0.77298			4
2026.02.26	00:12:21.276		0.77297			4
2026.02.26	00:12:22.226		0.77296			4
2026.02.26	00:12:23.154		0.77295			4
2026.02.26	00:12:23.757	0.77227	0.77302			6
2026.02.26	00:12:24.058	0.77216	0.77295			6
2026.02.26	00:12:25.334	0.77200				2
2026.02.26	00:12:25.635		0.77294			4
2026.02.26	00:12:34.709		0.77293			4
2026.02.26	00:12:35.334	0.77202	0.77298			6
2026.02.26	00:12:48.227		0.77245			4
2026.02.26	00:12:55.151	0.77200	0.77294			6
2026.02.26	00:13:00.167	0.77200				2
2026.02.26	00:13:07.675	0.77216				2
2026.02.26	00:13:08.927	0.77200				2
2026.02.26	00:13:13.025	0.77205	0.77300			6
2026.02.26	00:13:14.896		0.77301			4
2026.02.26	00:13:26.734	0.77216	0.77298			6
2026.02.26	00:13:28.916		0.77299			4
2026.02.26	00:13:39.302		0.77298			4
2026.02.26	00:13:50.542	0.77217				2
2026.02.26	00:13:58.043		0.77306			4
2026.02.26	00:14:00.202	0.77217				2
2026.02.26	00:14:12.163	0.77227				2
2026.02.26	00:14:29.998		0.77305			4
2026.02.26	00:14:44.043		0.77304			4
2026.02.26	00:14:46.251		0.77305			4
2026.02.26	00:15:00.001	0.77227				2
2026.02.26	00:15:11.238		0.77302			4
2026.02.26	00:15:14.952		0.77303			4
2026.02.26	00:16:00.256	0.77227				2
2026.02.26	00:16:00.863		0.77302			4
2026.02.26	00:16:07.459	0.77215	0.77299			6
2026.02.26	00:16:13.055		0.77297			4
2026.02.26	00:16:14.608		0.77296			4
2026.02.26	00:16:27.729		0.77295			4
2026.02.26	00:16:34.630		0.77297			4
2026.02.26	00:16:34.933		0.77301			4
2026.02.26	00:16:35.260		0.77302			4
2026.02.26	00:16:38.118		0.77301			4
2026.02.26	00:16:46.550	0.77225				2
2026.02.26	00:16:50.918	0.77227	0.77317			6
2026.02.26	00:16:51.221		0.77309			4
2026.02.26	00:16:55.634		0.77302			4
2026.02.26	00:17:00.001	0.77227				2
2026.02.26	00:17:06.911		0.77301			4
2026.02.26	00:17:47.504		0.77300			4
2026.02.26	00:17:59.761	0.77215	0.77294			6
2026.02.26	00:18:00.065	0.77215				2
2026.02.26	00:18:07.173		0.77293			4
2026.02.26	00:18:16.450		0.77292			4
2026.02.26	00:18:19.229		0.77293			4
2026.02.26	00:18:21.739		0.77292			4
2026.02.26	00:18:28.999		0.77291			4
2026.02.26	00:18:29.942		0.77292			4
2026.02.26	00:18:36.246		0.77281			4
2026.02.26	00:18:55.765	0.77222	0.77309			6
2026.02.26	00:18:56.069	0.77214	0.77290			6
2026.02.26	00:19:00.138	0.77214				2
2026.02.26	00:19:07.074		0.77289			4
2026.02.26	00:19:14.302		0.77292			4
2026.02.26	00:19:15.231		0.77290			4
2026.02.26	00:19:21.551		0.77289			4
2026.02.26	00:19:45.028		0.77288			4
2026.02.26	00:19:48.493	0.77222				2
2026.02.26	00:20:00.108	0.77222				2
2026.02.26	00:20:43.299	0.77223				2
2026.02.26	00:20:45.171		0.77288			4
2026.02.26	00:20:55.242		0.77289			4
2026.02.26	00:21:00.234	0.77223				2
2026.02.26	00:21:04.640		0.77288			4
2026.02.26	00:21:26.823	0.77229	0.77312			6
2026.02.26	00:21:27.429	0.77230				2
2026.02.26	00:21:28.055	0.77233				2
2026.02.26	00:21:29.306	0.77234	0.77331			6
2026.02.26	00:21:30.863	0.77235				2
2026.02.26	00:21:33.069	0.77234				2
2026.02.26	00:21:40.254	0.77230	0.77312			6
2026.02.26	00:21:40.578	0.77233	0.77331			6
2026.02.26	00:21:42.133	0.77235	0.77312			6
2026.02.26	00:21:44.645	0.77234				2
2026.02.26	00:21:58.672		0.77313			4
2026.02.26	00:21:58.998		0.77310			4
2026.02.26	00:22:00.253	0.77234				2
2026.02.26	00:22:00.557	0.77230	0.77313			6
2026.02.26	00:22:01.504		0.77310			4
2026.02.26	00:22:09.683	0.77234				2
2026.02.26	00:22:13.721	0.77230				2
2026.02.26	00:22:24.965	0.77234				2
2026.02.26	00:22:28.701	0.77230				2
2026.02.26	00:22:39.934	0.77234				2
2026.02.26	00:22:43.070	0.77233				2
2026.02.26	00:23:00.024	0.77233				2
2026.02.26	00:23:01.602		0.77310			4
2026.02.26	00:23:11.032	0.77232				2
2026.02.26	00:23:20.512		0.77308			4
2026.02.26	00:23:28.370	0.77233	0.77317			6
2026.02.26	00:23:29.630	0.77229	0.77308			6
2026.02.26	00:23:32.438		0.77307			4
2026.02.26	00:23:33.689		0.77318			4
2026.02.26	00:23:36.200		0.77317			4
2026.02.26	00:23:36.502		0.77318			4
2026.02.26	00:23:41.545	0.77230				2
2026.02.26	00:23:42.797		0.77331			4
2026.02.26	00:24:00.314	0.77230				2
2026.02.26	00:24:02.520	0.77229				2
2026.02.26	00:24:43.008		0.77331			4
2026.02.26	00:25:00.268	0.77229				2
2026.02.26	00:25:43.140		0.77331			4
2026.02.26	00:26:00.031	0.77229				2
2026.02.26	00:26:43.209		0.77331			4
2026.02.26	00:27:00.084	0.77229				2
2026.02.26	00:27:43.496		0.77331			4
2026.02.26	00:28:00.079	0.77229				2
2026.02.26	00:28:34.862		0.77327			4
2026.02.26	00:28:56.075		0.77331			4
2026.02.26	00:29:00.064	0.77229				2
2026.02.26	00:29:34.892		0.77320			4
2026.02.26	00:29:36.734		0.77318			4
2026.02.26	00:29:37.035		0.77309			4
2026.02.26	00:30:00.109	0.77229				2
2026.02.26	00:30:00.416		0.77320			4
2026.02.26	00:30:01.350		0.77328			4
2026.02.26	00:30:11.085	0.77232				2
2026.02.26	00:30:25.505	0.77234				2
2026.02.26	00:30:51.771	0.77242	0.77331			6
2026.02.26	00:31:00.266	0.77242				2
2026.02.26	00:31:02.149	0.77235	0.77330			6
2026.02.26	00:31:08.168		0.77329			4
2026.02.26	00:31:26.115		0.77330			4
2026.02.26	00:31:38.695		0.77326			4
2026.02.26	00:31:38.999		0.77329			4
2026.02.26	00:31:40.252		0.77323			4
2026.02.26	00:31:41.483		0.77307			4
2026.02.26	00:31:43.367		0.77306			4
2026.02.26	00:31:52.146		0.77302			4
2026.02.26	00:31:52.448		0.77305			4
2026.02.26	00:32:00.279	0.77235				2
2026.02.26	00:32:03.110		0.77301			4
2026.02.26	00:32:04.065	0.77227	0.77302			6
2026.02.26	00:32:04.378		0.77301			4
2026.02.26	00:32:07.152		0.77303			4
2026.02.26	00:32:10.262		0.77302			4
2026.02.26	00:32:28.642		0.77301			4
2026.02.26	00:32:28.954		0.77300			4
2026.02.26	00:32:33.315		0.77295			4
2026.02.26	00:32:41.752		0.77294			4
2026.02.26	00:32:42.064		0.77305			4
2026.02.26	00:32:42.369		0.77304			4
2026.02.26	00:32:53.645		0.77292			4
2026.02.26	00:32:55.501	0.77219	0.77294			6
2026.02.26	00:33:00.190	0.77219				2
2026.02.26	00:33:19.188		0.77293			4
2026.02.26	00:33:31.962	0.77220				2
2026.02.26	00:33:32.265		0.77292			4
2026.02.26	00:33:32.590	0.77219				2
2026.02.26	00:33:32.892		0.77293			4
2026.02.26	00:33:53.535	0.77229	0.77318			6
2026.02.26	00:33:57.879	0.77234				2
2026.02.26	00:34:00.084	0.77234				2
2026.02.26	00:34:04.148	0.77233				2
2026.02.26	00:34:06.340	0.77234				2
2026.02.26	00:34:08.840	0.77233				2
2026.02.26	00:34:13.827	0.77219	0.77315			6
2026.02.26	00:34:14.454		0.77308			4
2026.02.26	00:34:18.820	0.77226				2
2026.02.26	00:34:26.376		0.77299			4
2026.02.26	00:34:26.679		0.77296			4
2026.02.26	00:34:36.407		0.77291			4
2026.02.26	00:34:46.619		0.77288			4
2026.02.26	00:34:59.139	0.77221				2
2026.02.26	00:35:00.068	0.77222				2
2026.02.26	00:35:00.673	0.77221				2
2026.02.26	00:35:02.879	0.77236	0.77318			6
2026.02.26	00:35:03.181	0.77237				2
2026.02.26	00:35:03.484	0.77240				2
2026.02.26	00:35:09.102	0.77239				2
2026.02.26	00:35:12.866	0.77240				2
2026.02.26	00:35:13.494	0.77229				2
2026.02.26	00:35:13.796	0.77230	0.77317			6
2026.02.26	00:35:14.420	0.77228				2
2026.02.26	00:35:16.297	0.77227				2
2026.02.26	00:35:23.155	0.77228				2
2026.02.26	00:35:25.339	0.77227				2
2026.02.26	00:35:30.613	0.77228				2
2026.02.26	00:35:35.629	0.77226				2
2026.02.26	00:35:35.951	0.77228				2
2026.02.26	00:35:36.580	0.77226				2
2026.02.26	00:35:38.131	0.77227				2
2026.02.26	00:35:39.992	0.77229				2
2026.02.26	00:35:40.314	0.77231				2
2026.02.26	00:35:40.616	0.77235				2
2026.02.26	00:35:40.942	0.77231				2
2026.02.26	00:35:41.265	0.77229				2
2026.02.26	00:35:46.535	0.77232	0.77318			6
2026.02.26	00:35:54.341	0.77242	0.77316			6
2026.02.26	00:36:00.289	0.77242				2
2026.02.26	00:36:02.191	0.77241				2
2026.02.26	00:36:20.012	0.77239				2
2026.02.26	00:36:20.939	0.77245	0.77315			6
2026.02.26	00:36:22.216	0.77241	0.77313			6
2026.02.26	00:36:22.840	0.77240	0.77312			6
2026.02.26	00:36:23.144		0.77315			4
2026.02.26	00:36:23.772	0.77237				2
2026.02.26	00:36:25.048	0.77239				2
2026.02.26	00:36:25.981	0.77243				2
2026.02.26	00:36:30.067	0.77242				2
2026.02.26	00:36:39.796	0.77233				2
2026.02.26	00:36:40.098	0.77235				2
2026.02.26	00:36:41.052	0.77234				2
2026.02.26	00:36:44.814	0.77235				2
2026.02.26	00:36:46.399		0.77310			4
2026.02.26	00:36:52.688	0.77236				2
2026.02.26	00:36:53.918	0.77235				2
2026.02.26	00:36:54.859	0.77236	0.77309			6
2026.02.26	00:37:00.192	0.77236				2
2026.02.26	00:37:04.886		0.77310			4
2026.02.26	00:37:05.513	0.77237				2
2026.02.26	00:37:10.182		0.77309			4
2026.02.26	00:37:18.687	0.77238				2
2026.02.26	00:37:19.939		0.77310			4
2026.02.26	00:37:24.934		0.77309			4
2026.02.26	00:37:30.236		0.77311			4
2026.02.26	00:37:33.741		0.77309			4
2026.02.26	00:37:34.994		0.77310			4
2026.02.26	00:37:35.296	0.77239				2
2026.02.26	00:37:39.980		0.77309			4
2026.02.26	00:37:45.913		0.77310			4
2026.02.26	00:37:48.116		0.77309			4
2026.02.26	00:37:52.835	0.77240				2
2026.02.26	00:38:00.292	0.77240				2
2026.02.26	00:38:02.192	0.77242	0.77310			6
2026.02.26	00:38:13.170	0.77243				2
2026.02.26	00:38:13.480	0.77241	0.77309			6
2026.02.26	00:38:16.596	0.77240				2
2026.02.26	00:38:17.541	0.77241				2
2026.02.26	00:38:18.801	0.77240				2
2026.02.26	00:38:23.141	0.77241				2
2026.02.26	00:38:29.433	0.77240				2
2026.02.26	00:38:34.475	0.77241				2
2026.02.26	00:39:00.101	0.77241				2
2026.02.26	00:39:04.189		0.77314			4
2026.02.26	00:39:17.714	0.77242				2
2026.02.26	00:39:38.997	0.77243				2
2026.02.26	00:39:42.737		0.77308			4
2026.02.26	00:39:43.973	0.77242				2
2026.02.26	00:39:56.213	0.77243				2
2026.02.26	00:40:00.305	0.77243				2
2026.02.26	00:40:25.145	0.77244				2
2026.02.26	00:40:39.661	0.77241	0.77309			6
2026.02.26	00:40:40.295	0.77244	0.77308			6
2026.02.26	00:40:49.447	0.77245				2
2026.02.26	00:40:57.625		0.77307			4
2026.02.26	00:41:00.137	0.77245				2
2026.02.26	00:41:13.031	0.77246				2
2026.02.26	00:41:22.138		0.77308			4
2026.02.26	00:41:22.447	0.77241	0.77309			6
2026.02.26	00:41:23.077	0.77243				2
2026.02.26	00:41:23.688	0.77241				2
2026.02.26	00:41:24.622	0.77246	0.77308			6
2026.02.26	00:42:00.296	0.77246				2
2026.02.26	00:42:01.852	0.77247				2
2026.02.26	00:42:09.773	0.77241	0.77309			6
2026.02.26	00:42:10.728		0.77318			4
2026.02.26	00:42:11.659		0.77309			4
2026.02.26	00:42:16.351	0.77246	0.77308			6
2026.02.26	00:42:21.416	0.77247				2
2026.02.26	00:42:40.218	0.77248				2
2026.02.26	00:42:51.198		0.77309			4
2026.02.26	00:43:00.311	0.77248				2
2026.02.26	00:43:02.516		0.77308			4
2026.02.26	00:43:05.626	0.77249				2
2026.02.26	00:43:06.252		0.77314			4
2026.02.26	00:43:06.877	0.77248				2
2026.02.26	00:43:07.504		0.77308			4
2026.02.26	00:43:12.198	0.77247				2
2026.02.26	00:43:44.934	0.77248				2
2026.02.26	00:44:00.248	0.77248				2
2026.02.26	00:44:07.772		0.77314			4
2026.02.26	00:44:37.182	0.77245	0.77315			6
2026.02.26	00:44:38.741	0.77246				2
2026.02.26	00:44:46.262	0.77244				2
2026.02.26	00:44:47.821	0.77246				2
2026.02.26	00:44:50.329	0.77247	0.77318			6
2026.02.26	00:44:51.277	0.77246				2
2026.02.26	00:44:51.579		0.77311			4
2026.02.26	00:44:52.204	0.77245				2
2026.02.26	00:44:52.526	0.77246				2
2026.02.26	00:44:52.830	0.77244				2
2026.02.26	00:44:54.083		0.77318			4
2026.02.26	00:45:00.011	0.77244				2
2026.02.26	00:45:01.244	0.77241				2
2026.02.26	00:45:01.566		0.77310			4
2026.02.26	00:45:02.805		0.77318			4
2026.02.26	00:45:03.123	0.77230	0.77350			6
2026.02.26	00:45:04.678		0.77351			4
2026.02.26	00:45:04.982	0.77231	0.77350			6
2026.02.26	00:45:05.615	0.77230	0.77351			6
2026.02.26	00:45:05.935		0.77350			4
2026.02.26	00:45:06.563	0.77244	0.77315			6
2026.02.26	00:45:08.147		0.77309			4
2026.02.26	00:45:10.639	0.77243				2
2026.02.26	00:45:16.346		0.77318			4
2026.02.26	00:45:16.846	0.77244				2
2026.02.26	00:45:19.356	0.77239	0.77310			6
2026.02.26	00:45:19.676		0.77309			4
2026.02.26	00:45:24.374	0.77238				2
2026.02.26	00:45:30.062	0.77239				2
2026.02.26	00:45:31.189	0.77237	0.77313			6
2026.02.26	00:45:32.431	0.77239	0.77307			6
2026.02.26	00:45:44.943	0.77240				2
2026.02.26	00:45:45.367	0.77241				2
2026.02.26	00:45:46.217	0.77238				2
2026.02.26	00:45:46.724	0.77239				2
2026.02.26	00:45:49.605	0.77238				2
2026.02.26	00:45:53.625	0.77239				2
2026.02.26	00:46:00.039	0.77239				2
2026.02.26	00:46:00.815	0.77242	0.77314			6
2026.02.26	00:46:02.708		0.77312			4
2026.02.26	00:46:03.824		0.77314			4
2026.02.26	00:46:04.367	0.77240				2
2026.02.26	00:46:05.810		0.77310			4
2026.02.26	00:46:07.373	0.77239	0.77307			6
2026.02.26	00:46:07.690	0.77238				2
2026.02.26	00:46:14.856	0.77239				2
2026.02.26	00:46:20.538	0.77238				2
2026.02.26	00:46:22.367	0.77239				2
2026.02.26	00:46:31.375	0.77240				2
2026.02.26	00:46:33.427	0.77241				2
2026.02.26	00:46:34.369	0.77240				2
2026.02.26	00:47:00.438	0.77241				2
2026.02.26	00:47:03.198	0.77233	0.77354			6
2026.02.26	00:47:06.642	0.77241	0.77307			6
2026.02.26	00:47:09.740	0.77242				2
2026.02.26	00:47:13.220		0.77304			4
2026.02.26	00:47:14.839	0.77241				2
2026.02.26	00:47:17.130	0.77240				2
2026.02.26	00:47:18.584	0.77241				2
2026.02.26	00:47:28.038	0.77242				2
2026.02.26	00:47:28.375	0.77241				2
2026.02.26	00:47:36.139	0.77242				2
2026.02.26	00:48:00.147	0.77242				2
2026.02.26	00:48:14.450		0.77304			4
2026.02.26	00:48:18.439	0.77241				2
2026.02.26	00:48:28.223	0.77242				2
2026.02.26	00:49:01.427	0.77242				2
2026.02.26	00:49:06.525	0.77241				2
2026.02.26	00:49:08.741	0.77242				2
2026.02.26	00:49:16.337		0.77304			4
2026.02.26	00:49:21.138	0.77243				2
2026.02.26	00:49:22.340	0.77242				2
2026.02.26	00:49:33.835	0.77243				2
2026.02.26	00:49:54.138	0.77242				2
2026.02.26	00:50:00.865	0.77242				2
2026.02.26	00:50:03.466	0.77243				2
2026.02.26	00:50:04.381	0.77242				2
2026.02.26	00:50:04.798	0.77243				2
2026.02.26	00:50:17.537		0.77304			4
2026.02.26	00:50:20.838	0.77244				2
2026.02.26	00:50:39.339	0.77243				2
2026.02.26	00:50:56.017	0.77240	0.77290			6
2026.02.26	00:50:57.139	0.77241				2
2026.02.26	00:50:57.827	0.77243	0.77300			6
2026.02.26	00:51:04.038	0.77243				2
2026.02.26	00:51:11.539	0.77242				2
2026.02.26	00:51:14.238	0.77243				2
2026.02.26	00:51:22.939	0.77244				2
2026.02.26	00:51:32.201	0.77243				2
2026.02.26	00:51:38.651	0.77244				2
2026.02.26	00:51:44.538	0.77245				2
2026.02.26	00:51:55.978	0.77236	0.77273			6
2026.02.26	00:51:56.324	0.77237				2
2026.02.26	00:52:01.038	0.77237				2
2026.02.26	00:52:20.839		0.77272			4
2026.02.26	00:52:31.829	0.77240	0.77269			6
2026.02.26	00:52:35.838	0.77232	0.77276			6
2026.02.26	00:52:36.140	0.77194	0.77298			6
2026.02.26	00:52:39.342	0.77190	0.77297			6
2026.02.26	00:52:42.868	0.77192				2
2026.02.26	00:52:43.244	0.77195				2
2026.02.26	00:52:44.201	0.77196				2
2026.02.26	00:52:48.138	0.77197				2
2026.02.26	00:52:51.097	0.77198				2
2026.02.26	00:52:53.522	0.77199				2
2026.02.26	00:53:00.138	0.77199				2
2026.02.26	00:53:02.759	0.77200				2
2026.02.26	00:53:05.648	0.77201				2
2026.02.26	00:53:07.425	0.77200				2
2026.02.26	00:53:07.738	0.77198				2
2026.02.26	00:53:08.803	0.77199				2
2026.02.26	00:53:09.139	0.77202				2
2026.02.26	00:53:13.338	0.77203				2
2026.02.26	00:53:15.438	0.77204				2
2026.02.26	00:53:17.599	0.77202				2
2026.02.26	00:53:18.688	0.77203				2
2026.02.26	00:53:19.819	0.77204				2
2026.02.26	00:53:21.140	0.77206				2
2026.02.26	00:53:22.339	0.77207				2
2026.02.26	00:53:23.204	0.77209				2
2026.02.26	00:53:23.845	0.77210				2
2026.02.26	00:53:24.341	0.77211				2
2026.02.26	00:53:25.433	0.77212				2
2026.02.26	00:53:27.140	0.77213				2
2026.02.26	00:53:30.140	0.77214				2
2026.02.26	00:53:32.838	0.77215				2
2026.02.26	00:53:34.039	0.77227	0.77292			6
2026.02.26	00:53:39.299	0.77226				2
2026.02.26	00:53:42.632		0.77293			4
2026.02.26	00:53:59.590	0.77225	0.77294			6
2026.02.26	00:54:02.839	0.77225				2
2026.02.26	00:54:09.438	0.77224				2
2026.02.26	00:54:23.721		0.77295			4
2026.02.26	00:54:52.127	0.77223				2
2026.02.26	00:54:54.341	0.77224				2
2026.02.26	00:54:59.839	0.77223				2
2026.02.26	00:55:00.382	0.77224				2
2026.02.26	00:55:00.740	0.77219	0.77299			6
2026.02.26	00:55:55.747		0.77300			4
2026.02.26	00:56:00.437	0.77219				2
2026.02.26	00:56:06.738	0.77218				2
2026.02.26	00:56:28.338	0.77219				2
2026.02.26	00:56:44.839	0.77220	0.77299			6
2026.02.26	00:56:45.765	0.77221	0.77298			6
2026.02.26	00:56:49.806	0.77218	0.77301			6
2026.02.26	00:57:09.770	0.77218	0.77300			6
2026.02.26	00:57:21.280	0.77219				2
2026.02.26	00:57:33.972		0.77299			4
2026.02.26	00:57:49.875	0.77220				2
2026.02.26	00:57:55.002	0.77219	0.77300			6
2026.02.26	00:58:00.410	0.77219				2
2026.02.26	00:58:01.038		0.77299			4
2026.02.26	00:58:03.553	0.77220				2
2026.02.26	00:58:04.789		0.77298			4
2026.02.26	00:58:06.555	0.77221				2
2026.02.26	00:58:08.141	0.77222	0.77297			6
2026.02.26	00:58:10.017	0.77221				2
2026.02.26	00:58:18.671	0.77222				2
2026.02.26	00:58:19.872	0.77215	0.77268			6
2026.02.26	00:58:20.381	0.77214				2
2026.02.26	00:58:25.038		0.77269			4
2026.02.26	00:58:28.040	0.77213				2
2026.02.26	00:58:37.040		0.77270			4
2026.02.26	00:58:39.438		0.77269			4
2026.02.26	00:58:51.698	0.77214	0.77268			6
2026.02.26	00:58:53.259	0.77215	0.77267			6
2026.02.26	00:58:53.765	0.77214	0.77268			6
2026.02.26	00:58:54.280	0.77216	0.77266			6
2026.02.26	00:59:00.968	0.77216				2
2026.02.26	00:59:04.757		0.77267			4
2026.02.26	00:59:08.239		0.77266			4
2026.02.26	00:59:24.752	0.77209	0.77273			6
2026.02.26	00:59:25.414	0.77199				2
2026.02.26	00:59:27.104		0.77275			4
2026.02.26	00:59:27.434		0.77273			4
2026.02.26	00:59:28.626		0.77274			4
2026.02.26	00:59:33.415		0.77276			4
2026.02.26	00:59:33.718		0.77275			4
2026.02.26	00:59:35.969		0.77276			4
2026.02.26	00:59:38.752		0.77277			4
2026.02.26	00:59:39.059		0.77276			4
2026.02.26	00:59:40.202	0.77206				2
2026.02.26	00:59:40.688	0.77205	0.77278			6
2026.02.26	00:59:40.995	0.77206	0.77277			6
2026.02.26	00:59:41.325	0.77204	0.77278			6
2026.02.26	00:59:55.425		0.77279			4
2026.02.26	01:00:00.309	0.77199	0.77278			6
2026.02.26	01:00:00.622		0.77281			4
2026.02.26	01:00:00.939	0.77208	0.77278			6
2026.02.26	01:00:01.336	0.77209	0.77276			6
2026.02.26	01:00:01.690	0.77212	0.77275			6
2026.02.26	01:00:01.993	0.77227	0.77280			6
2026.02.26	01:00:02.333	0.77204	0.77276			6
2026.02.26	01:00:02.639		0.77274			4
2026.02.26	01:00:03.069		0.77276			4
2026.02.26	01:00:03.373		0.77275			4
2026.02.26	01:00:04.014	0.77190	0.77283			6
2026.02.26	01:00:04.655	0.77189	0.77284			6
2026.02.26	01:00:04.973	0.77159	0.77285			6
2026.02.26	01:00:05.280	0.77163	0.77282			6
2026.02.26	01:00:06.863	0.77162				2
2026.02.26	01:00:07.176	0.77163				2
2026.02.26	01:00:07.804	0.77208	0.77272			6
2026.02.26	01:00:08.171		0.77276			4
2026.02.26	01:00:09.629	0.77210				2
2026.02.26	01:00:10.241	0.77217	0.77278			6
2026.02.26	01:00:10.853		0.77275			4
2026.02.26	01:00:11.293	0.77221				2
2026.02.26	01:00:11.710	0.77223				2
2026.02.26	01:00:13.638		0.77276			4
2026.02.26	01:00:17.591		0.77272			4
2026.02.26	01:00:18.861		0.77276			4
2026.02.26	01:00:19.368	0.77214	0.77269			6
2026.02.26	01:00:19.841		0.77268			4
2026.02.26	01:00:20.646		0.77266			4
2026.02.26	01:00:23.798		0.77268			4
2026.02.26	01:00:24.230		0.77264			4
2026.02.26	01:00:24.791	0.77217				2
2026.02.26	01:00:26.664		0.77265			4
2026.02.26	01:00:26.971	0.77214	0.77268			6
2026.02.26	01:00:27.279		0.77265			4
2026.02.26	01:00:27.685		0.77264			4
2026.02.26	01:00:33.738		0.77265			4
2026.02.26	01:00:35.038		0.77259			4
2026.02.26	01:00:37.261		0.77260			4
2026.02.26	01:00:37.925	0.77208	0.77256			6
2026.02.26	01:00:38.664		0.77257			4
2026.02.26	01:00:40.822	0.77211	0.77258			6
2026.02.26	01:00:41.450	0.77213				2
2026.02.26	01:00:42.627		0.77259			4
2026.02.26	01:00:44.012		0.77260			4
2026.02.26	01:00:46.184		0.77258			4
2026.02.26	01:00:46.939		0.77259			4
2026.02.26	01:00:51.039		0.77257			4
2026.02.26	01:00:52.382	0.77214	0.77256			6
2026.02.26	01:00:54.320		0.77258			4
2026.02.26	01:00:56.740		0.77261			4
2026.02.26	01:00:57.445		0.77260			4
2026.02.26	01:00:57.859	0.77212				2
2026.02.26	01:00:59.864		0.77259			4
2026.02.26	01:01:00.283	0.77210				2
2026.02.26	01:01:03.382	0.77211				2
2026.02.26	01:01:05.793		0.77260			4
2026.02.26	01:01:09.015	0.77219				2
2026.02.26	01:01:09.740	0.77221				2
2026.02.26	01:01:11.760		0.77259			4
2026.02.26	01:01:13.499	0.77239	0.77264			6
2026.02.26	01:01:13.877	0.77240	0.77260			6
2026.02.26	01:01:14.181	0.77241				2
2026.02.26	01:01:14.939	0.77240	0.77265			6
2026.02.26	01:01:15.293	0.77241	0.77264			6
2026.02.26	01:01:16.039		0.77263			4
2026.02.26	01:01:17.303		0.77262			4
2026.02.26	01:01:17.728		0.77261			4
2026.02.26	01:01:18.378		0.77260			4
2026.02.26	01:01:22.998		0.77258			4
2026.02.26	01:01:23.430		0.77260			4
2026.02.26	01:01:24.632	0.77245				2
2026.02.26	01:01:25.462	0.77230	0.77262			6
2026.02.26	01:01:26.580	0.77232				2
2026.02.26	01:01:27.660	0.77230				2
2026.02.26	01:01:28.508	0.77229				2
2026.02.26	01:01:29.646	0.77228				2
2026.02.26	01:01:32.740	0.77227				2
2026.02.26	01:01:34.661	0.77229				2
2026.02.26	01:01:35.272	0.77230				2
2026.02.26	01:01:36.740	0.77231				2
2026.02.26	01:01:37.548		0.77264			4
2026.02.26	01:01:37.949	0.77227	0.77259			6
2026.02.26	01:01:38.286		0.77257			4
2026.02.26	01:01:38.640		0.77256			4
2026.02.26	01:01:38.974	0.77241	0.77260			6
2026.02.26	01:01:45.121		0.77259			4
2026.02.26	01:01:47.953	0.77229	0.77260			6
2026.02.26	01:01:48.259	0.77228				2
2026.02.26	01:01:49.409		0.77259			4
2026.02.26	01:01:49.847	0.77229	0.77256			6
2026.02.26	01:01:50.169	0.77228				2
2026.02.26	01:01:50.588		0.77255			4
2026.02.26	01:01:51.339	0.77227	0.77256			6
2026.02.26	01:01:51.644		0.77255			4
2026.02.26	01:01:52.445		0.77260			4
2026.02.26	01:01:52.777		0.77255			4
2026.02.26	01:01:53.423		0.77254			4
2026.02.26	01:01:54.130		0.77255			4
2026.02.26	01:01:55.780		0.77254			4
2026.02.26	01:01:56.117		0.77255			4
2026.02.26	01:01:57.977		0.77256			4
2026.02.26	01:01:58.283		0.77255			4
2026.02.26	01:01:58.640	0.77224				2
2026.02.26	01:01:58.959		0.77254			4
2026.02.26	01:01:59.298		0.77255			4
2026.02.26	01:02:00.075	0.77224				2
2026.02.26	01:02:01.119		0.77254			4
2026.02.26	01:02:01.531		0.77255			4
2026.02.26	01:02:01.837	0.77225	0.77254			6
2026.02.26	01:02:13.369	0.77224				2
2026.02.26	01:02:15.566		0.77252			4
2026.02.26	01:02:16.411		0.77253			4
2026.02.26	01:02:21.139		0.77252			4
2026.02.26	01:02:28.074		0.77253			4
2026.02.26	01:02:28.648		0.77254			4
2026.02.26	01:02:31.028		0.77253			4
2026.02.26	01:02:33.195	0.77226				2
2026.02.26	01:02:38.424	0.77225				2
2026.02.26	01:02:43.876		0.77252			4
2026.02.26	01:02:46.425	0.77227				2
2026.02.26	01:02:47.425		0.77253			4
2026.02.26	01:02:53.293	0.77226	0.77252			6
2026.02.26	01:02:53.672	0.77225				2
2026.02.26	01:02:56.808	0.77224	0.77251			6
2026.02.26	01:02:58.639	0.77223				2
2026.02.26	01:03:00.306	0.77224				2
2026.02.26	01:03:01.211	0.77225				2
2026.02.26	01:03:02.427	0.77224				2
2026.02.26	01:03:04.427	0.77223				2
2026.02.26	01:03:08.586		0.77252			4
2026.02.26	01:03:09.439		0.77251			4
2026.02.26	01:03:09.967		0.77250			4
2026.02.26	01:03:10.287	0.77224				2
2026.02.26	01:03:10.898		0.77251			4
2026.02.26	01:03:12.439		0.77250			4
2026.02.26	01:03:14.427	0.77223	0.77251			6
2026.02.26	01:03:15.184	0.77224				2
2026.02.26	01:03:17.429	0.77223	0.77254			6
2026.02.26	01:03:18.244	0.77224	0.77253			6
2026.02.26	01:03:20.428		0.77252			4
2026.02.26	01:03:22.372		0.77253			4
2026.02.26	01:03:26.593	0.77223	0.77252			6
2026.02.26	01:03:27.636	0.77225	0.77253			6
2026.02.26	01:03:28.647	0.77224	0.77252			6
2026.02.26	01:03:30.649	0.77223				2
2026.02.26	01:03:31.067	0.77225				2
2026.02.26	01:03:36.077	0.77226	0.77253			6
2026.02.26	01:03:46.884	0.77227	0.77254			6
2026.02.26	01:03:48.091		0.77255			4
2026.02.26	01:03:50.911	0.77222	0.77256			6
2026.02.26	01:03:54.373	0.77227	0.77255			6
2026.02.26	01:03:56.430	0.77226				2
2026.02.26	01:03:58.841	0.77225	0.77256			6
2026.02.26	01:03:59.982	0.77228	0.77255			6
2026.02.26	01:04:00.314	0.77229				2
2026.02.26	01:04:00.750	0.77230	0.77254			6
2026.02.26	01:04:03.751	0.77229	0.77255			6
2026.02.26	01:04:04.143		0.77256			4
2026.02.26	01:04:05.430		0.77255			4
2026.02.26	01:04:11.391		0.77254			4
2026.02.26	01:04:12.193	0.77221	0.77256			6
2026.02.26	01:04:12.503	0.77223	0.77257			6
2026.02.26	01:04:15.359		0.77256			4
2026.02.26	01:04:15.674	0.77224	0.77259			6
2026.02.26	01:04:15.982	0.77230	0.77255			6
2026.02.26	01:04:17.430	0.77228	0.77254			6
2026.02.26	01:04:19.430	0.77229				2
2026.02.26	01:04:20.531		0.77255			4
2026.02.26	01:04:26.750		0.77256			4
2026.02.26	01:04:29.098	0.77230	0.77257			6
2026.02.26	01:04:32.540		0.77258			4
2026.02.26	01:04:33.661		0.77257			4
2026.02.26	01:04:42.040	0.77229				2
2026.02.26	01:04:42.450		0.77256			4
2026.02.26	01:04:45.661	0.77230	0.77257			6
2026.02.26	01:04:47.944	0.77229				2
2026.02.26	01:04:48.510	0.77230	0.77256			6
2026.02.26	01:04:50.403		0.77257			4
2026.02.26	01:04:51.150	0.77229	0.77254			6
2026.02.26	01:04:51.875	0.77231	0.77257			6
2026.02.26	01:04:52.649	0.77230	0.77259			6
2026.02.26	01:04:53.188	0.77229	0.77257			6
2026.02.26	01:04:56.838	0.77230				2
2026.02.26	01:04:57.375	0.77229				2
2026.02.26	01:04:58.384	0.77230	0.77258			6
2026.02.26	01:05:00.399	0.77230	0.77256			6
2026.02.26	01:05:00.728		0.77255			4
2026.02.26	01:05:01.293		0.77253			4
2026.02.26	01:05:01.601		0.77256			4
2026.02.26	01:05:02.328		0.77252			4
2026.02.26	01:05:02.639		0.77255			4
2026.02.26	01:05:02.963		0.77256			4
2026.02.26	01:05:03.628		0.77252			4
2026.02.26	01:05:04.192		0.77256			4
2026.02.26	01:05:04.628		0.77255			4
2026.02.26	01:05:05.193		0.77252			4
2026.02.26	01:05:05.528		0.77256			4
2026.02.26	01:05:06.228		0.77252			4
2026.02.26	01:05:06.793		0.77256			4
2026.02.26	01:05:07.530		0.77253			4
2026.02.26	01:05:10.021		0.77252			4
2026.02.26	01:05:14.328	0.77228				2
2026.02.26	01:05:16.928		0.77251			4
2026.02.26	01:05:17.956		0.77252			4
2026.02.26	01:05:20.318		0.77251			4
2026.02.26	01:05:27.702		0.77252			4
2026.02.26	01:05:28.040		0.77251			4
2026.02.26	01:05:31.602		0.77252			4
2026.02.26	01:05:32.540		0.77251			4
2026.02.26	01:05:46.093	0.77229				2
2026.02.26	01:05:47.650		0.77257			4
2026.02.26	01:05:49.436		0.77252			4
2026.02.26	01:05:49.846	0.77228				2
2026.02.26	01:05:51.436	0.77229				2
2026.02.26	01:05:52.764		0.77257			4
2026.02.26	01:05:53.138		0.77252			4
2026.02.26	01:05:58.973	0.77230				2
2026.02.26	01:05:59.893	0.77229	0.77253			6
2026.02.26	01:06:00.237	0.77229				2
2026.02.26	01:06:00.894		0.77258			4
2026.02.26	01:06:01.406	0.77231	0.77254			6
2026.02.26	01:06:01.893		0.77258			4
2026.02.26	01:06:02.593		0.77252			4
2026.02.26	01:06:02.928		0.77258			4
2026.02.26	01:06:03.594		0.77253			4
2026.02.26	01:06:03.910		0.77258			4
2026.02.26	01:06:08.343		0.77253			4
2026.02.26	01:06:08.678		0.77258			4
2026.02.26	01:06:09.055		0.77256			4
2026.02.26	01:06:09.359		0.77255			4
2026.02.26	01:06:09.678		0.77256			4
2026.02.26	01:06:10.050	0.77230				2
2026.02.26	01:06:10.378		0.77252			4
2026.02.26	01:06:10.712		0.77256			4
2026.02.26	01:06:11.658		0.77250			4
2026.02.26	01:06:11.978		0.77255			4
2026.02.26	01:06:12.363		0.77256			4
2026.02.26	01:06:13.407		0.77252			4
2026.02.26	01:06:13.721		0.77256			4
2026.02.26	01:06:14.043		0.77257			4
2026.02.26	01:06:14.460		0.77258			4
2026.02.26	01:06:14.835	0.77231	0.77254			6
2026.02.26	01:06:15.293		0.77258			4
2026.02.26	01:06:18.825		0.77257			4
2026.02.26	01:06:20.006		0.77258			4
2026.02.26	01:06:21.059		0.77257			4
2026.02.26	01:06:21.859		0.77258			4
2026.02.26	01:06:24.599		0.77257			4
2026.02.26	01:06:25.514		0.77258			4
2026.02.26	01:06:26.129	0.77230				2
2026.02.26	01:06:26.434	0.77231				2
2026.02.26	01:06:31.909	0.77230				2
2026.02.26	01:06:32.245	0.77231				2
2026.02.26	01:06:39.009		0.77257			4
2026.02.26	01:06:45.832		0.77253			4
2026.02.26	01:06:46.151		0.77257			4
2026.02.26	01:06:49.010	0.77232				2
2026.02.26	01:06:52.229	0.77231	0.77258			6
2026.02.26	01:06:56.681	0.77232				2
2026.02.26	01:06:57.088		0.77257			4
2026.02.26	01:06:57.954	0.77231				2
2026.02.26	01:06:58.290	0.77232	0.77258			6
2026.02.26	01:06:58.699	0.77231				2
2026.02.26	01:06:59.089		0.77257			4
2026.02.26	01:07:00.383	0.77231				2
2026.02.26	01:07:05.150		0.77256			4
2026.02.26	01:07:13.259		0.77255			4
2026.02.26	01:07:13.597		0.77256			4
2026.02.26	01:07:14.345		0.77255			4
2026.02.26	01:07:15.074		0.77256			4
2026.02.26	01:07:15.636		0.77255			4
2026.02.26	01:07:16.092	0.77232	0.77252			6
2026.02.26	01:07:16.542		0.77251			4
2026.02.26	01:07:16.860		0.77252			4
2026.02.26	01:07:17.478		0.77258			4
2026.02.26	01:07:17.831		0.77257			4
2026.02.26	01:07:18.138		0.77252			4
2026.02.26	01:07:18.444		0.77257			4
2026.02.26	01:07:18.762		0.77258			4
2026.02.26	01:07:19.744		0.77252			4
2026.02.26	01:07:20.077		0.77258			4
2026.02.26	01:07:20.809		0.77257			4
2026.02.26	01:07:21.167		0.77251			4
2026.02.26	01:07:21.479		0.77252			4
2026.02.26	01:07:21.792		0.77256			4
2026.02.26	01:07:23.775		0.77257			4
2026.02.26	01:07:27.904		0.77256			4
2026.02.26	01:07:28.862		0.77257			4
2026.02.26	01:07:29.784		0.77256			4
2026.02.26	01:07:30.317		0.77257			4
2026.02.26	01:07:31.072		0.77255			4
2026.02.26	01:07:31.988		0.77257			4
2026.02.26	01:07:32.823		0.77255			4
2026.02.26	01:07:34.955		0.77257			4
2026.02.26	01:07:35.728		0.77256			4
2026.02.26	01:07:36.728		0.77257			4
2026.02.26	01:07:37.331		0.77255			4
2026.02.26	01:07:39.592	0.77231				2
2026.02.26	01:07:45.688		0.77254			4
2026.02.26	01:07:47.990		0.77255			4
2026.02.26	01:07:49.682		0.77254			4
2026.02.26	01:07:50.403		0.77255			4
2026.02.26	01:07:50.757		0.77253			4
2026.02.26	01:07:51.194		0.77255			4
2026.02.26	01:07:52.063		0.77253			4
2026.02.26	01:07:52.482		0.77251			4
2026.02.26	01:07:52.792		0.77254			4
2026.02.26	01:07:53.827		0.77253			4
2026.02.26	01:07:54.479		0.77254			4
2026.02.26	01:07:54.868		0.77255			4
2026.02.26	01:07:55.663		0.77251			4
2026.02.26	01:07:55.993		0.77254			4
2026.02.26	01:07:56.443		0.77255			4
2026.02.26	01:07:56.843		0.77253			4
2026.02.26	01:07:57.191		0.77250			4
2026.02.26	01:07:57.498		0.77255			4
2026.02.26	01:07:58.512		0.77254			4
2026.02.26	01:07:58.813		0.77252			4
2026.02.26	01:07:59.151		0.77253			4
2026.02.26	01:07:59.757		0.77255			4
2026.02.26	01:08:00.112	0.77231				2
2026.02.26	01:08:00.418		0.77253			4
2026.02.26	01:08:00.760		0.77255			4
2026.02.26	01:08:01.843		0.77254			4
2026.02.26	01:08:02.180		0.77250			4
2026.02.26	01:08:02.539		0.77254			4
2026.02.26	01:08:02.862	0.77232	0.77255			6
2026.02.26	01:08:03.493		0.77252			4
2026.02.26	01:08:03.840		0.77249			4
2026.02.26	01:08:04.143		0.77255			4
2026.02.26	01:08:04.458		0.77253			4
2026.02.26	01:08:04.813		0.77254			4
2026.02.26	01:08:05.118		0.77250			4
2026.02.26	01:08:05.442		0.77247			4
2026.02.26	01:08:05.777		0.77255			4
2026.02.26	01:08:06.777		0.77248			4
2026.02.26	01:08:07.112		0.77251			4
2026.02.26	01:08:07.436		0.77254			4
2026.02.26	01:08:07.803		0.77256			4
2026.02.26	01:08:08.142		0.77254			4
2026.02.26	01:08:08.643		0.77249			4
2026.02.26	01:08:08.977		0.77257			4
2026.02.26	01:08:09.310		0.77256			4
2026.02.26	01:08:09.998		0.77249			4
2026.02.26	01:08:10.317		0.77252			4
2026.02.26	01:08:10.638		0.77257			4
2026.02.26	01:08:10.943		0.77256			4
2026.02.26	01:08:11.294		0.77252			4
2026.02.26	01:08:11.616		0.77249			4
2026.02.26	01:08:11.920		0.77255			4
2026.02.26	01:08:12.224		0.77256			4
2026.02.26	01:08:12.838		0.77255			4
2026.02.26	01:08:13.296		0.77253			4
2026.02.26	01:08:13.600		0.77255			4
2026.02.26	01:08:14.015		0.77256			4
2026.02.26	01:08:14.432		0.77255			4
2026.02.26	01:08:14.874		0.77252			4
2026.02.26	01:08:15.213		0.77248			4
2026.02.26	01:08:15.642		0.77256			4
2026.02.26	01:08:16.394		0.77255			4
2026.02.26	01:08:16.713		0.77249			4
2026.02.26	01:08:17.018		0.77253			4
2026.02.26	01:08:17.339		0.77255			4
2026.02.26	01:08:17.793		0.77254			4
2026.02.26	01:08:18.277		0.77250			4
2026.02.26	01:08:18.613		0.77255			4
2026.02.26	01:08:19.757		0.77254			4
2026.02.26	01:08:20.143		0.77250			4
2026.02.26	01:08:20.461		0.77254			4
2026.02.26	01:08:20.796	0.77230				2
2026.02.26	01:08:21.478		0.77248			4
2026.02.26	01:08:21.795		0.77252			4
2026.02.26	01:08:22.114		0.77254			4
2026.02.26	01:08:22.442		0.77250			4
2026.02.26	01:08:22.957		0.77254			4
2026.02.26	01:08:23.340		0.77251			4
2026.02.26	01:08:23.642		0.77254			4
2026.02.26	01:08:23.972		0.77253			4
2026.02.26	01:08:25.109		0.77249			4
2026.02.26	01:08:25.523		0.77253			4
2026.02.26	01:08:26.785		0.77255			4
2026.02.26	01:08:27.104		0.77253			4
2026.02.26	01:08:27.455		0.77251			4
2026.02.26	01:08:27.761		0.77252			4
2026.02.26	01:08:28.082		0.77253			4
2026.02.26	01:08:29.086		0.77250			4
2026.02.26	01:08:29.502		0.77253			4
2026.02.26	01:08:31.142		0.77251			4
2026.02.26	01:08:31.459		0.77253			4
2026.02.26	01:08:32.477		0.77251			4
2026.02.26	01:08:32.779		0.77252			4
2026.02.26	01:08:33.114		0.77253			4
2026.02.26	01:08:34.342		0.77249			4
2026.02.26	01:08:34.659		0.77252			4
2026.02.26	01:08:34.986		0.77253			4
2026.02.26	01:08:35.944		0.77252			4
2026.02.26	01:08:36.277		0.77253			4
2026.02.26	01:08:37.525		0.77249			4
2026.02.26	01:08:37.843		0.77254			4
2026.02.26	01:08:38.711		0.77253			4
2026.02.26	01:08:39.142		0.77248			4
2026.02.26	01:08:39.479		0.77255			4
2026.02.26	01:08:39.860		0.77252			4
2026.02.26	01:08:40.179	0.77229	0.77255			6
2026.02.26	01:08:40.507		0.77249			4
2026.02.26	01:08:40.823		0.77252			4
2026.02.26	01:08:41.494		0.77255			4
2026.02.26	01:08:41.986		0.77252			4
2026.02.26	01:08:42.343		0.77249			4
2026.02.26	01:08:42.661		0.77255			4
2026.02.26	01:08:43.186		0.77252			4
2026.02.26	01:08:43.566		0.77253			4
2026.02.26	01:08:43.914		0.77250			4
2026.02.26	01:08:44.242		0.77255			4
2026.02.26	01:08:44.585		0.77254			4
2026.02.26	01:08:44.900	0.77231	0.77252			6
2026.02.26	01:08:45.272	0.77229	0.77251			6
2026.02.26	01:08:45.880		0.77254			4
2026.02.26	01:08:46.277		0.77253			4
2026.02.26	01:08:46.800		0.77254			4
2026.02.26	01:08:47.142		0.77251			4
2026.02.26	01:08:47.459		0.77255			4
2026.02.26	01:08:48.160		0.77254			4
2026.02.26	01:08:48.515		0.77251			4
2026.02.26	01:08:48.818		0.77253			4
2026.02.26	01:08:50.378		0.77252			4
2026.02.26	01:08:50.680		0.77253			4
2026.02.26	01:08:52.090		0.77252			4
2026.02.26	01:08:52.451		0.77253			4
2026.02.26	01:08:53.843		0.77248			4
2026.02.26	01:08:54.162		0.77252			4
2026.02.26	01:08:55.512		0.77251			4
2026.02.26	01:08:55.824		0.77254			4
2026.02.26	01:08:57.121	0.77234	0.77253			6
2026.02.26	01:08:57.750		0.77252			4
2026.02.26	01:08:58.707		0.77251			4
2026.02.26	01:09:00.200	0.77234				2
2026.02.26	01:09:16.243		0.77248			4
2026.02.26	01:09:16.577		0.77251			4
2026.02.26	01:09:18.843		0.77250			4
2026.02.26	01:09:19.177		0.77251			4
2026.02.26	01:09:20.176		0.77250			4
2026.02.26	01:09:20.487		0.77251			4
2026.02.26	01:09:21.459		0.77250			4
2026.02.26	01:09:21.778		0.77251			4
2026.02.26	01:09:22.759		0.77250			4
2026.02.26	01:09:23.078		0.77251			4
2026.02.26	01:09:26.679		0.77249			4
2026.02.26	01:09:26.981		0.77251			4
2026.02.26	01:09:27.942		0.77249			4
2026.02.26	01:09:28.277		0.77251			4
2026.02.26	01:09:30.577	0.77235	0.77250			6
2026.02.26	01:09:30.880		0.77252			4
2026.02.26	01:09:31.842		0.77250			4
2026.02.26	01:09:32.143		0.77252			4
2026.02.26	01:09:35.778		0.77250			4
2026.02.26	01:09:36.085		0.77252			4
2026.02.26	01:09:36.777		0.77250			4
2026.02.26	01:09:37.343		0.77252			4
2026.02.26	01:09:38.345		0.77250			4
2026.02.26	01:09:38.659		0.77252			4
2026.02.26	01:09:40.979		0.77250			4
2026.02.26	01:09:41.292		0.77252			4
2026.02.26	01:09:42.242		0.77250			4
2026.02.26	01:09:42.577		0.77252			4
2026.02.26	01:09:43.087	0.77234	0.77251			6
2026.02.26	01:09:43.474		0.77250			4
2026.02.26	01:09:43.842		0.77251			4
2026.02.26	01:09:44.843		0.77250			4
2026.02.26	01:09:45.171		0.77251			4
2026.02.26	01:09:47.443		0.77250			4
2026.02.26	01:09:47.776		0.77251			4
2026.02.26	01:09:48.742		0.77249			4
2026.02.26	01:09:49.078		0.77251			4
2026.02.26	01:09:51.377		0.77248			4
2026.02.26	01:09:51.687		0.77251			4
2026.02.26	01:09:55.278		0.77248			4
2026.02.26	01:09:55.587		0.77251			4
2026.02.26	01:10:00.450	0.77234				2
2026.02.26	01:10:00.807		0.77252			4
2026.02.26	01:10:13.740	0.77235				2
2026.02.26	01:10:20.327	0.77234				2
2026.02.26	01:10:22.741		0.77251			4
2026.02.26	01:10:25.740		0.77252			4
2026.02.26	01:10:32.850		0.77251			4
2026.02.26	01:10:34.851		0.77252			4
2026.02.26	01:10:36.740		0.77251			4
2026.02.26	01:10:42.740		0.77252			4
2026.02.26	01:10:47.133	0.77232	0.77251			6
2026.02.26	01:10:47.782		0.77247			4
2026.02.26	01:10:48.119		0.77251			4
2026.02.26	01:10:48.456		0.77250			4
2026.02.26	01:10:48.858		0.77249			4
2026.02.26	01:10:49.668	0.77231	0.77250			6
2026.02.26	01:10:49.990	0.77232	0.77249			6
2026.02.26	01:10:50.450	0.77231	0.77250			6
2026.02.26	01:10:52.478		0.77248			4
2026.02.26	01:10:55.229		0.77249			4
2026.02.26	01:10:59.307		0.77248			4
2026.02.26	01:11:00.107	0.77231				2
2026.02.26	01:11:01.342		0.77246			4
2026.02.26	01:11:01.662		0.77248			4
2026.02.26	01:11:02.884		0.77250			4
2026.02.26	01:11:03.481		0.77249			4
2026.02.26	01:11:04.780		0.77250			4
2026.02.26	01:11:07.780		0.77249			4
2026.02.26	01:11:16.745	0.77233				2
2026.02.26	01:11:18.033	0.77232	0.77248			6
2026.02.26	01:11:22.781		0.77250			4
2026.02.26	01:11:31.741	0.77233	0.77249			6
2026.02.26	01:11:32.051	0.77238	0.77252			6
2026.02.26	01:11:32.409		0.77254			4
2026.02.26	01:11:32.720	0.77242	0.77258			6
2026.02.26	01:11:35.366	0.77244				2
2026.02.26	01:11:36.474		0.77257			4
2026.02.26	01:11:36.779		0.77258			4
2026.02.26	01:11:37.112		0.77257			4
2026.02.26	01:11:38.328		0.77258			4
2026.02.26	01:11:40.943	0.77247	0.77262			6
2026.02.26	01:11:41.886	0.77246	0.77260			6
2026.02.26	01:11:43.128		0.77261			4
2026.02.26	01:11:43.438	0.77247	0.77263			6
2026.02.26	01:11:43.755		0.77262			4
2026.02.26	01:11:44.456		0.77263			4
2026.02.26	01:11:44.888		0.77261			4
2026.02.26	01:11:45.243		0.77263			4
2026.02.26	01:11:45.912		0.77261			4
2026.02.26	01:11:46.243		0.77263			4
2026.02.26	01:11:46.607		0.77261			4
2026.02.26	01:11:46.927		0.77263			4
2026.02.26	01:11:47.259		0.77261			4
2026.02.26	01:11:47.577		0.77263			4
2026.02.26	01:11:47.907		0.77261			4
2026.02.26	01:11:48.227		0.77263			4
2026.02.26	01:11:48.557		0.77261			4
2026.02.26	01:11:48.878		0.77263			4
2026.02.26	01:11:49.207		0.77261			4
2026.02.26	01:11:50.183		0.77263			4
2026.02.26	01:11:50.507		0.77261			4
2026.02.26	01:11:50.827		0.77263			4
2026.02.26	01:11:51.156		0.77261			4
2026.02.26	01:11:51.477		0.77263			4
2026.02.26	01:11:51.807		0.77261			4
2026.02.26	01:11:52.127		0.77263			4
2026.02.26	01:11:52.429		0.77261			4
2026.02.26	01:11:52.742		0.77263			4
2026.02.26	01:11:53.107		0.77261			4
2026.02.26	01:11:53.427		0.77263			4
2026.02.26	01:11:54.082		0.77260			4
2026.02.26	01:11:54.392		0.77263			4
2026.02.26	01:11:54.757		0.77260			4
2026.02.26	01:11:55.069		0.77263			4
2026.02.26	01:11:55.408		0.77260			4
2026.02.26	01:11:55.718		0.77263			4
2026.02.26	01:11:56.059		0.77260			4
2026.02.26	01:11:56.378		0.77263			4
2026.02.26	01:11:56.679		0.77260			4
2026.02.26	01:11:56.994		0.77263			4
2026.02.26	01:11:57.297		0.77260			4
2026.02.26	01:11:57.642		0.77263			4
2026.02.26	01:11:57.952		0.77260			4
2026.02.26	01:11:58.292		0.77263			4
2026.02.26	01:11:58.657		0.77260			4
2026.02.26	01:11:58.979		0.77263			4
2026.02.26	01:11:59.302		0.77260			4
2026.02.26	01:11:59.627		0.77263			4
2026.02.26	01:11:59.957		0.77260			4
2026.02.26	01:12:00.277	0.77247	0.77262			6
2026.02.26	01:12:10.196	0.77248				2
2026.02.26	01:12:21.892		0.77261			4
2026.02.26	01:12:24.092		0.77262			4
2026.02.26	01:12:24.742		0.77261			4
2026.02.26	01:12:25.728		0.77263			4
2026.02.26	01:12:27.993		0.77264			4
2026.02.26	01:12:28.298		0.77263			4
2026.02.26	01:12:28.707		0.77264			4
2026.02.26	01:12:29.098		0.77263			4
2026.02.26	01:12:29.792		0.77264			4
2026.02.26	01:12:30.443		0.77263			4
2026.02.26	01:12:30.776		0.77264			4
2026.02.26	01:12:31.392		0.77263			4
2026.02.26	01:12:31.728		0.77264			4
2026.02.26	01:12:32.344		0.77262			4
2026.02.26	01:12:32.677	0.77247	0.77263			6
2026.02.26	01:12:33.293		0.77262			4
2026.02.26	01:12:33.600		0.77263			4
2026.02.26	01:12:34.243		0.77262			4
2026.02.26	01:12:34.579		0.77263			4
2026.02.26	01:12:35.192		0.77262			4
2026.02.26	01:12:35.527		0.77263			4
2026.02.26	01:12:35.841	0.77243	0.77259			6
2026.02.26	01:12:36.892		0.77258			4
2026.02.26	01:12:37.393		0.77259			4
2026.02.26	01:12:38.915		0.77257			4
2026.02.26	01:12:39.292		0.77259			4
2026.02.26	01:12:39.865		0.77257			4
2026.02.26	01:12:40.242		0.77259			4
2026.02.26	01:12:40.927		0.77256			4
2026.02.26	01:12:41.238		0.77259			4
2026.02.26	01:12:42.654		0.77257			4
2026.02.26	01:12:43.058		0.77259			4
2026.02.26	01:12:43.479		0.77257			4
2026.02.26	01:12:44.043		0.77259			4
2026.02.26	01:12:44.677		0.77257			4
2026.02.26	01:12:44.994		0.77259			4
2026.02.26	01:12:45.677		0.77255			4
2026.02.26	01:12:45.980		0.77259			4
2026.02.26	01:12:47.279	0.77242	0.77258			6
2026.02.26	01:12:47.842		0.77260			4
2026.02.26	01:12:48.527		0.77255			4
2026.02.26	01:12:48.839		0.77260			4
2026.02.26	01:12:51.377		0.77255			4
2026.02.26	01:12:51.686		0.77260			4
2026.02.26	01:12:53.277		0.77255			4
2026.02.26	01:12:53.592		0.77260			4
2026.02.26	01:12:54.228		0.77259			4
2026.02.26	01:12:54.878	0.77241	0.77258			6
2026.02.26	01:12:55.504		0.77256			4
2026.02.26	01:12:55.827		0.77258			4
2026.02.26	01:12:56.178		0.77255			4
2026.02.26	01:12:56.487		0.77258			4
2026.02.26	01:12:57.459		0.77255			4
2026.02.26	01:12:57.777		0.77258			4
2026.02.26	01:12:58.778		0.77255			4
2026.02.26	01:12:59.081		0.77258			4
2026.02.26	01:13:00.077	0.77241	0.77256			6
2026.02.26	01:13:00.388		0.77258			4
2026.02.26	01:13:01.693	0.77242	0.77259			6
2026.02.26	01:13:02.014		0.77256			4
2026.02.26	01:13:02.328		0.77259			4
2026.02.26	01:13:02.678		0.77256			4
2026.02.26	01:13:02.979		0.77259			4
2026.02.26	01:13:04.292		0.77258			4
2026.02.26	01:13:04.628		0.77257			4
2026.02.26	01:13:04.937		0.77258			4
2026.02.26	01:13:07.878		0.77257			4
2026.02.26	01:13:08.189		0.77258			4
2026.02.26	01:13:09.178		0.77257			4
2026.02.26	01:13:09.479		0.77258			4
2026.02.26	01:13:26.392	0.77243				2
2026.02.26	01:13:27.378	0.77244	0.77259			6
2026.02.26	01:13:28.028		0.77258			4
2026.02.26	01:13:28.338		0.77259			4
2026.02.26	01:13:29.978		0.77258			4
2026.02.26	01:13:30.281		0.77259			4
2026.02.26	01:13:30.626		0.77258			4
2026.02.26	01:13:30.943		0.77259			4
2026.02.26	01:13:33.878		0.77258			4
2026.02.26	01:13:34.182		0.77259			4
2026.02.26	01:13:35.158	0.77245				2
2026.02.26	01:13:35.478		0.77260			4
2026.02.26	01:13:35.796		0.77258			4
2026.02.26	01:13:36.109		0.77260			4
2026.02.26	01:13:36.457		0.77258			4
2026.02.26	01:13:36.776		0.77260			4
2026.02.26	01:13:37.108		0.77258			4
2026.02.26	01:13:37.428		0.77260			4
2026.02.26	01:13:37.757		0.77258			4
2026.02.26	01:13:38.077		0.77260			4
2026.02.26	01:13:38.407		0.77258			4
2026.02.26	01:13:38.727		0.77260			4
2026.02.26	01:13:39.058		0.77258			4
2026.02.26	01:13:39.377		0.77260			4
2026.02.26	01:13:39.708		0.77258			4
2026.02.26	01:13:40.028		0.77260			4
2026.02.26	01:13:40.354		0.77259			4
2026.02.26	01:13:40.676		0.77260			4
2026.02.26	01:13:41.009		0.77258			4
2026.02.26	01:13:41.328		0.77260			4
2026.02.26	01:13:41.639		0.77259			4
2026.02.26	01:13:41.942		0.77260			4
2026.02.26	01:13:42.307		0.77259			4
2026.02.26	01:13:42.627		0.77260			4
2026.02.26	01:13:42.957		0.77258			4
2026.02.26	01:13:43.277		0.77260			4
2026.02.26	01:13:43.607		0.77258			4
2026.02.26	01:13:43.927		0.77260			4
2026.02.26	01:13:44.259		0.77258			4
2026.02.26	01:13:44.577		0.77260			4
2026.02.26	01:13:44.907		0.77258			4
2026.02.26	01:13:45.221		0.77260			4
2026.02.26	01:13:45.557		0.77258			4
2026.02.26	01:13:45.877		0.77260			4
2026.02.26	01:13:46.208		0.77259			4
2026.02.26	01:13:46.521		0.77260			4
2026.02.26	01:13:46.858		0.77259			4
2026.02.26	01:13:47.178		0.77260			4
2026.02.26	01:13:47.479		0.77259			4
2026.02.26	01:13:47.794		0.77260			4
2026.02.26	01:13:48.100		0.77258			4
2026.02.26	01:13:48.442		0.77260			4
2026.02.26	01:13:48.758		0.77258			4
2026.02.26	01:13:49.093		0.77260			4
2026.02.26	01:13:49.398		0.77258			4
2026.02.26	01:13:49.742		0.77260			4
2026.02.26	01:13:50.107		0.77258			4
2026.02.26	01:13:50.423		0.77260			4
2026.02.26	01:13:50.759		0.77258			4
2026.02.26	01:13:51.077		0.77260			4
2026.02.26	01:13:51.407		0.77258			4
2026.02.26	01:13:51.727		0.77260			4
2026.02.26	01:13:52.058		0.77258			4
2026.02.26	01:13:52.377		0.77260			4
2026.02.26	01:13:52.707		0.77259			4
2026.02.26	01:13:53.027		0.77260			4
2026.02.26	01:13:53.358		0.77259			4
2026.02.26	01:13:53.679		0.77260			4
2026.02.26	01:13:54.007		0.77258			4
2026.02.26	01:13:54.327		0.77260			4
2026.02.26	01:13:54.658		0.77258			4
2026.02.26	01:13:54.976		0.77260			4
2026.02.26	01:13:55.309		0.77258			4
2026.02.26	01:13:55.619		0.77260			4
2026.02.26	01:13:56.281	0.77246				2
2026.02.26	01:13:56.628	0.77245				2
2026.02.26	01:13:57.193	0.77246				2
2026.02.26	01:13:57.577	0.77245	0.77259			6
2026.02.26	01:13:57.906		0.77260			4
2026.02.26	01:13:58.793		0.77258			4
2026.02.26	01:13:59.127		0.77260			4
2026.02.26	01:13:59.477		0.77259			4
2026.02.26	01:14:00.043	0.77245	0.77260			6
2026.02.26	01:14:00.692		0.77259			4
2026.02.26	01:14:01.028	0.77246	0.77260			6
2026.02.26	01:14:01.378	0.77245				2
2026.02.26	01:14:01.942	0.77246				2
2026.02.26	01:14:02.326	0.77245				2
2026.02.26	01:14:02.712	0.77246				2
2026.02.26	01:14:03.278	0.77245				2
2026.02.26	01:14:03.843	0.77246				2
2026.02.26	01:14:04.228	0.77245				2
2026.02.26	01:14:04.792	0.77246				2
2026.02.26	01:14:05.178	0.77245				2
2026.02.26	01:14:05.786	0.77246				2
2026.02.26	01:14:06.127	0.77245				2
2026.02.26	01:14:06.463	0.77246				2
2026.02.26	01:14:07.342	0.77245				2
2026.02.26	01:14:07.680	0.77246				2
2026.02.26	01:14:08.029	0.77245				2
2026.02.26	01:14:08.592	0.77246				2
2026.02.26	01:14:08.977	0.77245				2
2026.02.26	01:14:09.465	0.77246				2
2026.02.26	01:14:09.928	0.77245				2
2026.02.26	01:14:10.492	0.77246				2
2026.02.26	01:14:10.877	0.77245				2
2026.02.26	01:14:11.442	0.77246				2
2026.02.26	01:14:11.828	0.77245				2
2026.02.26	01:14:12.396	0.77246				2
2026.02.26	01:14:12.779	0.77245				2
2026.02.26	01:14:13.342	0.77246				2
2026.02.26	01:14:13.727	0.77245				2
2026.02.26	01:14:15.079	0.77246				2
2026.02.26	01:14:15.627	0.77245				2
2026.02.26	01:14:16.193	0.77246				2
2026.02.26	01:14:16.560	0.77245				2
2026.02.26	01:14:17.187	0.77246				2
2026.02.26	01:14:17.527	0.77245				2
2026.02.26	01:14:18.093	0.77246				2
2026.02.26	01:14:18.477	0.77245				2
2026.02.26	01:14:19.043	0.77246				2
2026.02.26	01:14:19.427	0.77245				2
2026.02.26	01:14:19.992	0.77246				2
2026.02.26	01:14:20.380	0.77245				2
2026.02.26	01:14:20.942	0.77246				2
2026.02.26	01:14:21.328	0.77245				2
2026.02.26	01:14:21.894	0.77246				2
2026.02.26	01:14:22.281	0.77245				2
2026.02.26	01:14:22.842	0.77246				2
2026.02.26	01:14:23.228	0.77245				2
2026.02.26	01:14:23.793	0.77246				2
2026.02.26	01:14:24.177	0.77245				2
2026.02.26	01:14:25.392		0.77259			4
2026.02.26	01:14:25.709		0.77260			4
2026.02.26	01:14:26.077		0.77259			4
2026.02.26	01:14:26.642		0.77260			4
2026.02.26	01:14:27.009		0.77258			4
2026.02.26	01:14:27.641		0.77261			4
2026.02.26	01:14:27.979		0.77258			4
2026.02.26	01:14:28.543		0.77261			4
2026.02.26	01:14:28.927		0.77258			4
2026.02.26	01:14:29.495		0.77261			4
2026.02.26	01:14:29.879		0.77258			4
2026.02.26	01:14:30.443		0.77261			4
2026.02.26	01:14:30.827		0.77258			4
2026.02.26	01:14:31.393		0.77260			4
2026.02.26	01:14:31.779		0.77257			4
2026.02.26	01:14:32.342		0.77260			4
2026.02.26	01:14:32.728		0.77258			4
2026.02.26	01:14:33.041		0.77260			4
2026.02.26	01:14:33.942		0.77257			4
2026.02.26	01:14:34.277		0.77260			4
2026.02.26	01:14:34.628		0.77258			4
2026.02.26	01:14:34.938		0.77260			4
2026.02.26	01:14:35.292	0.77242	0.77257			6
2026.02.26	01:14:35.600		0.77256			4
2026.02.26	01:14:36.142		0.77257			4
2026.02.26	01:14:36.792		0.77256			4
2026.02.26	01:14:37.127		0.77257			4
2026.02.26	01:14:38.428		0.77256			4
2026.02.26	01:14:38.993		0.77257			4
2026.02.26	01:14:39.377		0.77256			4
2026.02.26	01:14:39.943		0.77257			4
2026.02.26	01:14:41.283		0.77256			4
2026.02.26	01:14:41.723	0.77244	0.77260			6
2026.02.26	01:14:42.208		0.77256			4
2026.02.26	01:14:42.526		0.77260			4
2026.02.26	01:14:42.853		0.77259			4
2026.02.26	01:14:43.160		0.77260			4
2026.02.26	01:14:43.503		0.77256			4
2026.02.26	01:14:43.828		0.77260			4
2026.02.26	01:14:44.152		0.77257			4
2026.02.26	01:14:44.477		0.77260			4
2026.02.26	01:14:44.803		0.77257			4
2026.02.26	01:14:45.127		0.77260			4
2026.02.26	01:14:45.453		0.77257			4
2026.02.26	01:14:45.778		0.77260			4
2026.02.26	01:14:46.103		0.77259			4
2026.02.26	01:14:46.406		0.77260			4
2026.02.26	01:14:46.752		0.77257			4
2026.02.26	01:14:47.078		0.77260			4
2026.02.26	01:14:47.403		0.77257			4
2026.02.26	01:14:47.728		0.77260			4
2026.02.26	01:14:48.053		0.77259			4
2026.02.26	01:14:48.359		0.77260			4
2026.02.26	01:14:48.703		0.77257			4
2026.02.26	01:14:49.027		0.77260			4
2026.02.26	01:14:49.353		0.77259			4
2026.02.26	01:14:49.659		0.77260			4
2026.02.26	01:14:50.003		0.77256			4
2026.02.26	01:14:50.328		0.77260			4
2026.02.26	01:14:50.653		0.77256			4
2026.02.26	01:14:50.978		0.77260			4
2026.02.26	01:14:51.302		0.77256			4
2026.02.26	01:14:51.628		0.77260			4
2026.02.26	01:14:51.953		0.77256			4
2026.02.26	01:14:52.278		0.77260			4
2026.02.26	01:14:52.602		0.77256			4
2026.02.26	01:14:52.927		0.77260			4
2026.02.26	01:14:53.252		0.77259			4
2026.02.26	01:14:53.558		0.77260			4
2026.02.26	01:14:53.904		0.77259			4
2026.02.26	01:14:54.207		0.77260			4
2026.02.26	01:14:54.552		0.77256			4
2026.02.26	01:14:54.877		0.77260			4
2026.02.26	01:14:55.203		0.77256			4
2026.02.26	01:14:55.528		0.77260			4
2026.02.26	01:14:55.853		0.77256			4
2026.02.26	01:14:56.177		0.77260			4
2026.02.26	01:14:56.503		0.77256			4
2026.02.26	01:14:56.828		0.77260			4
2026.02.26	01:14:57.152		0.77256			4
2026.02.26	01:14:57.477		0.77260			4
2026.02.26	01:14:57.803		0.77256			4
2026.02.26	01:14:58.127		0.77260			4
2026.02.26	01:14:58.452		0.77259			4
2026.02.26	01:14:58.759		0.77260			4
2026.02.26	01:14:59.103		0.77256			4
2026.02.26	01:14:59.427		0.77260			4
2026.02.26	01:14:59.753		0.77256			4
2026.02.26	01:15:00.078	0.77244	0.77257			6
2026.02.26	01:15:00.404		0.77256			4
2026.02.26	01:15:00.728		0.77257			4
2026.02.26	01:15:01.704		0.77256			4
2026.02.26	01:15:02.028		0.77257			4
2026.02.26	01:15:03.003		0.77256			4
2026.02.26	01:15:03.328		0.77257			4
2026.02.26	01:15:03.653		0.77256			4
2026.02.26	01:15:03.978		0.77257			4
2026.02.26	01:15:04.304		0.77256			4
2026.02.26	01:15:04.628		0.77257			4
2026.02.26	01:15:04.953		0.77256			4
2026.02.26	01:15:05.259		0.77257			4
2026.02.26	01:15:06.902		0.77256			4
2026.02.26	01:15:07.227		0.77257			4
2026.02.26	01:15:08.203		0.77256			4
2026.02.26	01:15:08.527		0.77257			4
2026.02.26	01:15:08.852		0.77256			4
2026.02.26	01:15:09.177		0.77257			4
2026.02.26	01:15:09.503		0.77256			4
2026.02.26	01:15:09.827		0.77257			4
2026.02.26	01:15:10.152		0.77256			4
2026.02.26	01:15:10.477	0.77243	0.77257			6
2026.02.26	01:15:12.102		0.77256			4
2026.02.26	01:15:12.429		0.77257			4
2026.02.26	01:15:14.053		0.77256			4
2026.02.26	01:15:14.376		0.77257			4
2026.02.26	01:15:14.703		0.77256			4
2026.02.26	01:15:15.027		0.77257			4
2026.02.26	01:15:15.992	0.77245	0.77258			6
2026.02.26	01:15:18.585	0.77246	0.77259			6
2026.02.26	01:15:19.258	0.77247	0.77258			6
2026.02.26	01:15:19.577		0.77259			4
2026.02.26	01:15:19.929		0.77258			4
2026.02.26	01:15:20.491		0.77259			4
2026.02.26	01:15:21.192		0.77258			4
2026.02.26	01:15:21.498		0.77259			4
2026.02.26	01:15:22.896		0.77258			4
2026.02.26	01:15:23.344		0.77259			4
2026.02.26	01:15:23.728		0.77258			4
2026.02.26	01:15:24.046		0.77259			4
2026.02.26	01:15:24.942		0.77258			4
2026.02.26	01:15:25.245		0.77259			4
2026.02.26	01:15:26.842		0.77258			4
2026.02.26	01:15:27.159		0.77259			4
2026.02.26	01:15:27.828		0.77258			4
2026.02.26	01:15:28.139		0.77259			4
2026.02.26	01:15:29.148		0.77258			4
2026.02.26	01:15:29.473	0.77246	0.77259			6
2026.02.26	01:15:30.126		0.77258			4
2026.02.26	01:15:30.439		0.77259			4
2026.02.26	01:15:30.777		0.77258			4
2026.02.26	01:15:31.098		0.77259			4
2026.02.26	01:15:32.677		0.77258			4
2026.02.26	01:15:32.985		0.77259			4
2026.02.26	01:15:33.926		0.77258			4
2026.02.26	01:15:34.227		0.77259			4
2026.02.26	01:15:39.327		0.77258			4
2026.02.26	01:15:39.676		0.77259			4
2026.02.26	01:15:40.279		0.77258			4
2026.02.26	01:15:40.705		0.77259			4
2026.02.26	01:15:43.740	0.77247				2
2026.02.26	01:15:44.078	0.77246				2
2026.02.26	01:15:44.643	0.77247				2
2026.02.26	01:15:45.029	0.77246				2
2026.02.26	01:15:45.977		0.77258			4
2026.02.26	01:15:46.308		0.77259			4
2026.02.26	01:15:46.957	0.77249				2
2026.02.26	01:15:47.261		0.77263			4
2026.02.26	01:15:50.513	0.77250				2
2026.02.26	01:15:52.022	0.77249				2
2026.02.26	01:15:54.161	0.77250				2
2026.02.26	01:16:00.344	0.77250				2
2026.02.26	01:16:01.822	0.77253	0.77267			6
2026.02.26	01:16:19.593	0.77252				2
2026.02.26	01:16:19.898		0.77266			4
2026.02.26	01:16:20.244		0.77267			4
2026.02.26	01:16:21.252	0.77253				2
2026.02.26	01:16:31.653	0.77258	0.77271			6
2026.02.26	01:16:31.967		0.77272			4
2026.02.26	01:16:32.304		0.77271			4
2026.02.26	01:16:32.628		0.77272			4
2026.02.26	01:16:33.477		0.77273			4
2026.02.26	01:16:34.857		0.77272			4
2026.02.26	01:16:35.487		0.77273			4
2026.02.26	01:16:35.802		0.77271			4
2026.02.26	01:16:36.128		0.77273			4
2026.02.26	01:16:36.465		0.77272			4
2026.02.26	01:16:37.091		0.77273			4
2026.02.26	01:16:37.402		0.77272			4
2026.02.26	01:16:37.706		0.77273			4
2026.02.26	01:16:38.078		0.77271			4
2026.02.26	01:16:38.394		0.77273			4
2026.02.26	01:16:39.002		0.77272			4
2026.02.26	01:16:39.328		0.77273			4
2026.02.26	01:16:39.678		0.77271			4
2026.02.26	01:16:40.112		0.77273			4
2026.02.26	01:16:41.281		0.77271			4
2026.02.26	01:16:41.842		0.77273			4
2026.02.26	01:16:42.877		0.77270			4
2026.02.26	01:16:43.442		0.77273			4
2026.02.26	01:16:43.803		0.77270			4
2026.02.26	01:16:44.113		0.77273			4
2026.02.26	01:16:44.477		0.77270			4
2026.02.26	01:16:44.960		0.77273			4
2026.02.26	01:16:45.310		0.77272			4
2026.02.26	01:16:45.612		0.77273			4
2026.02.26	01:16:46.359		0.77270			4
2026.02.26	01:16:46.676		0.77273			4
2026.02.26	01:16:48.602		0.77271			4
2026.02.26	01:16:48.927		0.77273			4
2026.02.26	01:16:49.278		0.77270			4
2026.02.26	01:16:49.842		0.77273			4
2026.02.26	01:16:52.250	0.77257	0.77271			6
2026.02.26	01:16:56.177		0.77270			4
2026.02.26	01:16:56.481		0.77271			4
2026.02.26	01:16:56.804		0.77270			4
2026.02.26	01:16:57.127		0.77271			4
2026.02.26	01:16:59.099		0.77270			4
2026.02.26	01:16:59.408		0.77271			4
2026.02.26	01:17:00.027	0.77257				2
2026.02.26	01:17:00.677		0.77270			4
2026.02.26	01:17:01.012		0.77271			4
2026.02.26	01:17:02.277		0.77270			4
2026.02.26	01:17:02.594		0.77271			4
2026.02.26	01:17:03.204		0.77270			4
2026.02.26	01:17:03.528		0.77271			4
2026.02.26	01:17:04.177		0.77270			4
2026.02.26	01:17:04.481		0.77271			4
2026.02.26	01:17:04.803		0.77270			4
2026.02.26	01:17:05.121		0.77271			4
2026.02.26	01:17:05.478		0.77270			4
2026.02.26	01:17:05.811		0.77271			4
2026.02.26	01:17:07.078		0.77270			4
2026.02.26	01:17:07.414		0.77271			4
2026.02.26	01:17:10.290		0.77270			4
2026.02.26	01:17:10.724		0.77271			4
2026.02.26	01:17:11.202		0.77270			4
2026.02.26	01:17:11.528		0.77271			4
2026.02.26	01:17:12.799		0.77270			4
2026.02.26	01:17:13.127		0.77271			4
2026.02.26	01:17:13.742		0.77270			4
2026.02.26	01:17:14.077		0.77271			4
2026.02.26	01:17:14.402		0.77270			4
2026.02.26	01:17:14.727		0.77271			4
2026.02.26	01:17:15.077		0.77270			4
2026.02.26	01:17:15.392		0.77271			4
2026.02.26	01:17:16.002		0.77270			4
2026.02.26	01:17:16.327		0.77271			4
2026.02.26	01:17:16.978		0.77270			4
2026.02.26	01:17:17.291		0.77271			4
2026.02.26	01:17:18.277		0.77270			4
2026.02.26	01:17:18.629		0.77271			4
2026.02.26	01:17:19.973		0.77270			4
2026.02.26	01:17:20.397		0.77271			4
2026.02.26	01:17:20.804		0.77270			4
2026.02.26	01:17:21.127		0.77271			4
2026.02.26	01:17:21.481		0.77270			4
2026.02.26	01:17:21.812		0.77271			4
2026.02.26	01:17:22.425		0.77270			4
2026.02.26	01:17:22.727		0.77271			4
2026.02.26	01:17:23.152		0.77270			4
2026.02.26	01:17:23.509		0.77271			4
2026.02.26	01:17:24.840		0.77270			4
2026.02.26	01:17:25.242		0.77271			4
2026.02.26	01:17:25.603		0.77270			4
2026.02.26	01:17:25.927		0.77271			4
2026.02.26	01:17:32.328	0.77258	0.77270			6
2026.02.26	01:17:42.531	0.77257				2
2026.02.26	01:18:01.639	0.77257				2
2026.02.26	01:18:15.139		0.77272			4
2026.02.26	01:18:39.127		0.77271			4
2026.02.26	01:19:00.389	0.77257	0.77272			6
2026.02.26	01:19:02.471	0.77256				2
2026.02.26	01:19:13.533		0.77271			4
2026.02.26	01:19:13.929		0.77270			4
2026.02.26	01:19:14.336		0.77272			4
2026.02.26	01:19:22.366	0.77254	0.77271			6
2026.02.26	01:19:25.151		0.77270			4
2026.02.26	01:19:31.381	0.77255	0.77271			6
2026.02.26	01:19:34.119		0.77270			4
2026.02.26	01:20:00.368	0.77255				2
2026.02.26	01:20:07.126		0.77271			4
2026.02.26	01:20:09.434	0.77254	0.77268			6
2026.02.26	01:20:20.867	0.77253				2
2026.02.26	01:20:25.557	0.77255				2
2026.02.26	01:20:49.542	0.77254	0.77267			6
2026.02.26	01:20:57.316	0.77253	0.77265			6
2026.02.26	01:21:00.446	0.77253				2
2026.02.26	01:21:54.512	0.77251	0.77263			6
2026.02.26	01:22:00.318	0.77251				2
2026.02.26	01:22:06.383	0.77248	0.77258			6
2026.02.26	01:22:11.987	0.77250	0.77260			6
2026.02.26	01:22:38.052	0.77251	0.77261			6
2026.02.26	01:22:49.136	0.77250	0.77260			6
2026.02.26	01:23:00.631	0.77251	0.77261			6
2026.02.26	01:23:00.941	0.77250	0.77260			6
2026.02.26	01:23:15.832	0.77248	0.77257			6
2026.02.26	01:23:48.903	0.77249	0.77258			6
2026.02.26	01:23:54.433	0.77250	0.77260			6
2026.02.26	01:24:01.621	0.77250				2
2026.02.26	01:24:03.438	0.77249	0.77258			6
2026.02.26	01:24:36.105	0.77248				2
2026.02.26	01:24:38.507	0.77246	0.77256			6
2026.02.26	01:24:48.533	0.77245				2
2026.02.26	01:24:58.549	0.77246				2
2026.02.26	01:25:02.238	0.77246				2
2026.02.26	01:25:10.258	0.77244	0.77254			6
2026.02.26	01:25:16.195		0.77253			4
2026.02.26	01:25:16.774	0.77240	0.77251			6
2026.02.26	01:25:34.035		0.77250			4
2026.02.26	01:25:34.340	0.77236	0.77246			6
2026.02.26	01:25:34.645	0.77237	0.77247			6
2026.02.26	01:25:38.134	0.77238	0.77248			6
2026.02.26	01:25:55.986	0.77240	0.77250			6
2026.02.26	01:25:58.682	0.77239	0.77249			6
2026.02.26	01:26:01.037	0.77239				2
2026.02.26	01:26:05.538		0.77248			4
2026.02.26	01:26:17.757		0.77249			4
2026.02.26	01:26:34.369	0.77240	0.77250			6
2026.02.26	01:26:41.379	0.77241	0.77251			6
2026.02.26	01:26:43.643	0.77243	0.77253			6
2026.02.26	01:26:45.699	0.77237	0.77247			6
2026.02.26	01:27:01.638	0.77237				2
2026.02.26	01:27:03.133		0.77246			4
2026.02.26	01:27:05.973		0.77247			4
2026.02.26	01:27:10.017	0.77238	0.77249			6
2026.02.26	01:27:11.974	0.77237	0.77246			6
2026.02.26	01:27:12.335		0.77247			4
2026.02.26	01:27:12.819		0.77246			4
2026.02.26	01:27:13.812		0.77247			4
2026.02.26	01:27:19.793		0.77246			4
2026.02.26	01:27:23.496		0.77247			4
2026.02.26	01:27:33.175		0.77246			4
2026.02.26	01:27:36.394		0.77247			4
2026.02.26	01:27:45.782	0.77238	0.77248			6
2026.02.26	01:28:01.162	0.77238				2
2026.02.26	01:28:20.970	0.77239	0.77247			6
2026.02.26	01:28:29.239	0.77241	0.77250			6
2026.02.26	01:28:44.061	0.77240	0.77249			6
2026.02.26	01:28:53.827	0.77239				2
2026.02.26	01:28:56.426	0.77240				2
2026.02.26	01:28:58.203	0.77239				2
2026.02.26	01:29:00.739	0.77239				2
2026.02.26	01:29:03.546	0.77241	0.77250			6
2026.02.26	01:29:14.750		0.77249			4
2026.02.26	01:29:17.110	0.77245	0.77254			6
2026.02.26	01:29:19.207	0.77249	0.77258			6
2026.02.26	01:29:41.937	0.77248				2
2026.02.26	01:30:00.065	0.77250				2
2026.02.26	01:30:01.784		0.77259			4
2026.02.26	01:30:03.248	0.77254	0.77256			6
2026.02.26	01:30:06.711	0.77250	0.77259			6
2026.02.26	01:30:12.906	0.77253	0.77261			6
2026.02.26	01:30:13.764		0.77263			4
2026.02.26	01:30:14.105	0.77254				2
2026.02.26	01:30:17.474		0.77261			4
2026.02.26	01:30:23.600	0.77253				2
2026.02.26	01:30:24.199	0.77249	0.77257			6
2026.02.26	01:30:29.573	0.77250				2
2026.02.26	01:30:30.433	0.77249	0.77256			6
2026.02.26	01:30:31.450	0.77248				2
2026.02.26	01:30:31.858	0.77245	0.77253			6
2026.02.26	01:30:33.286		0.77252			4
2026.02.26	01:30:35.838		0.77253			4
2026.02.26	01:30:43.594	0.77249	0.77257			6
2026.02.26	01:30:45.370		0.77258			4
2026.02.26	01:30:51.821		0.77257			4
2026.02.26	01:30:52.150		0.77258			4
2026.02.26	01:30:53.838		0.77257			4
2026.02.26	01:30:59.539		0.77258			4
2026.02.26	01:31:01.031	0.77249				2
2026.02.26	01:31:03.933		0.77257			4
2026.02.26	01:31:04.887		0.77258			4
2026.02.26	01:31:18.648		0.77259			4
2026.02.26	01:31:28.553		0.77258			4
2026.02.26	01:31:35.845		0.77259			4
2026.02.26	01:31:36.280		0.77258			4
2026.02.26	01:32:00.439	0.77249				2
2026.02.26	01:32:03.739		0.77257			4
2026.02.26	01:32:07.039		0.77258			4
2026.02.26	01:32:07.890	0.77250	0.77259			6
2026.02.26	01:32:10.120	0.77248	0.77257			6
2026.02.26	01:32:19.095	0.77250	0.77258			6
2026.02.26	01:32:20.715	0.77249				2
2026.02.26	01:32:21.738		0.77257			4
2026.02.26	01:32:27.233		0.77258			4
2026.02.26	01:32:36.135	0.77248	0.77257			6
2026.02.26	01:32:39.468	0.77247	0.77255			6
2026.02.26	01:33:01.031	0.77247				2
2026.02.26	01:33:08.586	0.77248	0.77256			6
2026.02.26	01:33:10.606	0.77249				2
2026.02.26	01:33:11.151	0.77247	0.77255			6
2026.02.26	01:33:14.506	0.77246	0.77254			6
2026.02.26	01:33:17.534		0.77253			4
2026.02.26	01:33:18.005	0.77242	0.77251			6
2026.02.26	01:33:38.021	0.77243	0.77252			6
2026.02.26	01:33:40.932	0.77244	0.77253			6
2026.02.26	01:33:42.811	0.77245	0.77254			6
2026.02.26	01:34:00.429	0.77245				2
2026.02.26	01:34:22.863	0.77246	0.77255			6
2026.02.26	01:34:23.197	0.77248	0.77256			6
2026.02.26	01:34:29.100	0.77249	0.77258			6
2026.02.26	01:34:34.807	0.77250				2
2026.02.26	01:34:40.431	0.77251				2
2026.02.26	01:34:45.566	0.77248	0.77257			6
2026.02.26	01:34:50.628	0.77249				2
2026.02.26	01:34:51.144	0.77248				2
2026.02.26	01:34:51.644		0.77258			4
2026.02.26	01:34:55.736		0.77257			4
2026.02.26	01:35:02.487	0.77249				2
2026.02.26	01:35:06.088	0.77248				2
2026.02.26	01:35:13.557	0.77247				2
2026.02.26	01:35:17.239		0.77256			4
2026.02.26	01:35:19.672	0.77249	0.77259			6
2026.02.26	01:35:23.860		0.77258			4
2026.02.26	01:35:25.398		0.77259			4
2026.02.26	01:35:32.858		0.77257			4
2026.02.26	01:35:37.039		0.77258			4
2026.02.26	01:35:41.709		0.77257			4
2026.02.26	01:35:42.600		0.77258			4
2026.02.26	01:35:49.258		0.77257			4
2026.02.26	01:35:52.039		0.77258			4
2026.02.26	01:35:55.376		0.77257			4
2026.02.26	01:36:00.518	0.77249				2
2026.02.26	01:36:01.351		0.77258			4
2026.02.26	01:36:05.702	0.77250				2
2026.02.26	01:36:17.770	0.77249				2
2026.02.26	01:36:30.970	0.77250				2
2026.02.26	01:36:33.442		0.77257			4
2026.02.26	01:36:46.545	0.77249				2
2026.02.26	01:36:48.437		0.77256			4
2026.02.26	01:36:55.416	0.77248	0.77255			6
2026.02.26	01:37:00.684	0.77248				2
2026.02.26	01:37:01.665		0.77256			4
2026.02.26	01:37:06.691		0.77255			4
2026.02.26	01:37:08.075	0.77247	0.77254			6
2026.02.26	01:37:08.842	0.77244	0.77252			6
2026.02.26	01:37:09.251	0.77245	0.77253			6
2026.02.26	01:37:10.508	0.77244				2
2026.02.26	01:37:13.024		0.77252			4
2026.02.26	01:37:23.575		0.77249			4
2026.02.26	01:37:23.879	0.77245	0.77253			6
2026.02.26	01:37:24.235	0.77244	0.77249			6
2026.02.26	01:37:24.560	0.77245	0.77253			6
2026.02.26	01:37:24.926	0.77244	0.77249			6
2026.02.26	01:37:25.240	0.77245	0.77253			6
2026.02.26	01:37:25.599	0.77244	0.77249			6
2026.02.26	01:37:25.942	0.77245	0.77252			6
2026.02.26	01:37:26.263	0.77244	0.77249			6
2026.02.26	01:37:26.634		0.77252			4
2026.02.26	01:37:34.766		0.77253			4
2026.02.26	01:37:37.346		0.77252			4
2026.02.26	01:37:43.537		0.77251			4
2026.02.26	01:38:00.469	0.77243				2
2026.02.26	01:38:22.883		0.77252			4
2026.02.26	01:38:24.661		0.77251			4
2026.02.26	01:38:37.724	0.77242	0.77250			6
2026.02.26	01:39:00.969	0.77242				2
2026.02.26	01:39:22.797	0.77240	0.77247			6
2026.02.26	01:39:24.035	0.77238	0.77246			6
2026.02.26	01:39:25.647	0.77236	0.77244			6
2026.02.26	01:39:29.915		0.77245			4
2026.02.26	01:39:33.438		0.77244			4
2026.02.26	01:39:35.029	0.77235	0.77243			6
2026.02.26	01:39:37.863	0.77236				2
2026.02.26	01:39:38.992		0.77244			4
2026.02.26	01:39:40.628	0.77237				2
2026.02.26	01:39:52.636	0.77232	0.77239			6
2026.02.26	01:40:00.184	0.77237	0.77244			6
2026.02.26	01:40:03.140		0.77243			4
2026.02.26	01:40:08.239		0.77244			4
2026.02.26	01:40:10.810	0.77235	0.77241			6
2026.02.26	01:40:14.833	0.77232	0.77239			6
2026.02.26	01:40:20.537		0.77240			4
2026.02.26	01:40:23.238		0.77239			4
2026.02.26	01:40:30.810	0.77230	0.77237			6
2026.02.26	01:40:47.034		0.77238			4
2026.02.26	01:40:57.652	0.77231				2
2026.02.26	01:41:02.122	0.77231				2
2026.02.26	01:41:05.538	0.77228	0.77236			6
2026.02.26	01:41:13.024	0.77226	0.77234			6
2026.02.26	01:41:20.575	0.77225	0.77231			6
2026.02.26	01:41:26.928	0.77224				2
2026.02.26	01:41:30.405		0.77230			4
2026.02.26	01:41:33.607		0.77231			4
2026.02.26	01:41:37.742		0.77230			4
2026.02.26	01:41:46.397		0.77231			4
2026.02.26	01:41:52.879		0.77230			4
2026.02.26	01:41:53.946		0.77231			4
2026.02.26	01:41:54.987	0.77223	0.77228			6
2026.02.26	01:41:55.730	0.77218	0.77227			6
2026.02.26	01:41:58.754	0.77216	0.77225			6
2026.02.26	01:42:00.015	0.77216				2
2026.02.26	01:42:00.712	0.77219	0.77227			6
2026.02.26	01:42:01.022		0.77228			4
2026.02.26	01:42:02.278	0.77222	0.77230			6
2026.02.26	01:42:15.359	0.77228	0.77237			6
2026.02.26	01:42:15.662	0.77227	0.77236			6
2026.02.26	01:42:16.677	0.77226	0.77235			6
2026.02.26	01:42:17.876	0.77227				2
2026.02.26	01:42:19.874	0.77226	0.77234			6
2026.02.26	01:42:20.178		0.77235			4
2026.02.26	01:42:20.563	0.77228				2
2026.02.26	01:42:21.203	0.77227				2
2026.02.26	01:42:25.708	0.77230	0.77239			6
2026.02.26	01:42:37.779	0.77233	0.77241			6
2026.02.26	01:42:47.839		0.77240			4
2026.02.26	01:42:50.771	0.77231	0.77239			6
2026.02.26	01:42:52.737	0.77228	0.77236			6
2026.02.26	01:42:53.943		0.77235			4
2026.02.26	01:42:55.371		0.77234			4
2026.02.26	01:42:56.388	0.77227				2
2026.02.26	01:42:59.271	0.77228	0.77235			6
2026.02.26	01:43:01.544	0.77228	0.77234			6
2026.02.26	01:43:02.405		0.77235			4
2026.02.26	01:43:02.769	0.77227				2
2026.02.26	01:43:04.636		0.77234			4
2026.02.26	01:43:08.912		0.77235			4
2026.02.26	01:43:23.160	0.77226	0.77234			6
2026.02.26	01:43:26.838		0.77233			4
2026.02.26	01:43:30.004		0.77234			4
2026.02.26	01:43:35.830	0.77227				2
2026.02.26	01:43:36.502	0.77226				2
2026.02.26	01:43:40.801	0.77228	0.77235			6
2026.02.26	01:43:41.902	0.77227				2
2026.02.26	01:43:43.930		0.77236			4
2026.02.26	01:43:44.908	0.77228	0.77235			6
2026.02.26	01:43:45.424	0.77227				2
2026.02.26	01:43:48.189		0.77234			4
2026.02.26	01:43:52.704		0.77235			4
2026.02.26	01:43:54.138		0.77236			4
2026.02.26	01:43:54.504	0.77228	0.77237			6
2026.02.26	01:43:55.640	0.77229	0.77238			6
2026.02.26	01:43:56.647		0.77237			4
2026.02.26	01:44:00.085	0.77229				2
2026.02.26	01:44:00.873		0.77236			4
2026.02.26	01:44:01.965	0.77228				2
2026.02.26	01:44:11.303	0.77230	0.77237			6
2026.02.26	01:44:20.743	0.77229				2
2026.02.26	01:44:23.839		0.77236			4
2026.02.26	01:44:24.193		0.77237			4
2026.02.26	01:44:47.329		0.77238			4
2026.02.26	01:44:48.653	0.77231	0.77239			6
2026.02.26	01:44:50.337	0.77235	0.77241			6
2026.02.26	01:45:01.581	0.77235				2
2026.02.26	01:45:02.648	0.77236				2
2026.02.26	01:45:05.696	0.77234				2
2026.02.26	01:45:11.243	0.77233	0.77240			6
2026.02.26	01:45:12.067	0.77234	0.77241			6
2026.02.26	01:45:15.554		0.77242			4
2026.02.26	01:45:19.558	0.77233				2
2026.02.26	01:45:21.941		0.77241			4
2026.02.26	01:45:28.844		0.77242			4
2026.02.26	01:45:36.537		0.77241			4
2026.02.26	01:45:37.068		0.77242			4
2026.02.26	01:45:40.202	0.77234				2
2026.02.26	01:45:41.441	0.77233				2
2026.02.26	01:45:45.212		0.77241			4
2026.02.26	01:45:46.069	0.77232				2
2026.02.26	01:45:48.505	0.77233	0.77240			6
2026.02.26	01:45:50.008	0.77232				2
2026.02.26	01:45:53.446		0.77239			4
2026.02.26	01:45:55.737	0.77230	0.77237			6
2026.02.26	01:45:56.758	0.77229				2
2026.02.26	01:45:57.709	0.77230	0.77238			6
2026.02.26	01:46:00.243	0.77231				2
2026.02.26	01:46:01.251	0.77230	0.77237			6
2026.02.26	01:46:02.401	0.77229				2
2026.02.26	01:46:02.881	0.77231				2
2026.02.26	01:46:03.390	0.77230	0.77238			6
2026.02.26	01:46:03.738	0.77229				2
2026.02.26	01:46:14.770		0.77237			4
2026.02.26	01:46:15.738	0.77230				2
2026.02.26	01:46:16.401	0.77229				2
2026.02.26	01:46:18.072	0.77230				2
2026.02.26	01:46:20.000	0.77229				2
2026.02.26	01:46:21.921	0.77228				2
2026.02.26	01:46:24.528	0.77229				2
2026.02.26	01:46:26.718	0.77228				2
2026.02.26	01:46:28.672	0.77229				2
2026.02.26	01:46:29.726	0.77228				2
2026.02.26	01:46:32.198	0.77226	0.77234			6
2026.02.26	01:46:32.504		0.77233			4
2026.02.26	01:46:33.285	0.77223	0.77231			6
2026.02.26	01:46:33.602	0.77220	0.77227			6
2026.02.26	01:46:33.911	0.77221				2
2026.02.26	01:46:34.387	0.77220				2
2026.02.26	01:46:34.826	0.77222	0.77228			6
2026.02.26	01:46:35.460	0.77223	0.77229			6
2026.02.26	01:46:36.080	0.77222				2
2026.02.26	01:46:37.641	0.77223				2
2026.02.26	01:46:38.720	0.77220	0.77227			6
2026.02.26	01:46:40.504	0.77221	0.77228			6
2026.02.26	01:46:42.508		0.77227			4
2026.02.26	01:46:43.862		0.77228			4
2026.02.26	01:46:48.140	0.77223	0.77229			6
2026.02.26	01:46:48.461	0.77224	0.77231			6
2026.02.26	01:46:50.509		0.77230			4
2026.02.26	01:46:50.885		0.77231			4
2026.02.26	01:46:52.994		0.77230			4
2026.02.26	01:46:57.436	0.77225	0.77231			6
2026.02.26	01:46:58.636	0.77224				2
2026.02.26	01:47:00.612	0.77224				2
2026.02.26	01:47:01.637	0.77225	0.77232			6
2026.02.26	01:47:07.182	0.77223	0.77229			6
2026.02.26	01:47:09.537	0.77222				2
2026.02.26	01:47:12.901		0.77230			4
2026.02.26	01:47:17.050	0.77223				2
2026.02.26	01:47:20.977	0.77222				2
2026.02.26	01:47:22.210	0.77223	0.77229			6
2026.02.26	01:47:22.600	0.77224	0.77231			6
2026.02.26	01:47:23.489	0.77223	0.77230			6
2026.02.26	01:47:25.169	0.77224	0.77231			6
2026.02.26	01:47:26.454	0.77223	0.77230			6
2026.02.26	01:47:52.658	0.77224	0.77232			6
2026.02.26	01:47:53.796	0.77225				2
2026.02.26	01:48:04.486	0.77225	0.77231			6
2026.02.26	01:48:04.886		0.77232			4
2026.02.26	01:48:05.330	0.77226	0.77233			6
2026.02.26	01:48:10.732	0.77225	0.77232			6
2026.02.26	01:48:11.050	0.77226	0.77233			6
2026.02.26	01:48:12.138		0.77234			4
2026.02.26	01:48:15.547	0.77227				2
2026.02.26	01:48:17.291	0.77228				2
2026.02.26	01:48:27.545	0.77227				2
2026.02.26	01:48:31.612	0.77226	0.77233			6
2026.02.26	01:48:38.615	0.77225	0.77231			6
2026.02.26	01:48:47.973	0.77224	0.77232			6
2026.02.26	01:48:49.089	0.77225				2
2026.02.26	01:48:52.039	0.77224				2
2026.02.26	01:49:00.864	0.77225				2
2026.02.26	01:49:04.038	0.77224				2
2026.02.26	01:49:08.207	0.77225				2
2026.02.26	01:49:11.906		0.77231			4
2026.02.26	01:49:22.037	0.77224				2
2026.02.26	01:49:23.296	0.77218	0.77226			6
2026.02.26	01:49:36.739	0.77219				2
2026.02.26	01:49:38.857	0.77220	0.77227			6
2026.02.26	01:49:39.422	0.77219	0.77226			6
2026.02.26	01:49:47.800	0.77220	0.77227			6
2026.02.26	01:49:55.418		0.77226			4
2026.02.26	01:50:00.849	0.77220				2
2026.02.26	01:50:02.031	0.77219				2
2026.02.26	01:50:08.376	0.77218	0.77225			6
2026.02.26	01:50:09.190	0.77216	0.77223			6
2026.02.26	01:50:35.694		0.77222			4
2026.02.26	01:50:38.538		0.77223			4
2026.02.26	01:50:45.445		0.77222			4
2026.02.26	01:50:45.821	0.77215				2
2026.02.26	01:50:46.537	0.77216	0.77224			6
2026.02.26	01:50:53.239		0.77223			4
2026.02.26	01:50:54.738		0.77224			4
2026.02.26	01:51:01.288	0.77216				2
2026.02.26	01:51:02.402	0.77221	0.77228			6
2026.02.26	01:51:05.104	0.77222				2
2026.02.26	01:51:05.990	0.77221				2
2026.02.26	01:51:11.209	0.77222				2
2026.02.26	01:51:11.665	0.77221				2
2026.02.26	01:51:11.979	0.77222				2
2026.02.26	01:51:15.301		0.77229			4
2026.02.26	01:51:29.986	0.77223	0.77230			6
2026.02.26	01:51:34.748	0.77224	0.77231			6
2026.02.26	01:51:35.538	0.77223	0.77230			6
2026.02.26	01:51:36.088	0.77224	0.77231			6
2026.02.26	01:51:37.262	0.77222	0.77229			6
2026.02.26	01:51:37.566		0.77230			4
2026.02.26	01:51:40.266	0.77218	0.77224			6
2026.02.26	01:51:41.598	0.77217				2
2026.02.26	01:51:42.238		0.77223			4
2026.02.26	01:51:42.781	0.77216				2
2026.02.26	01:51:44.003	0.77217				2
2026.02.26	01:51:44.536	0.77216				2
2026.02.26	01:51:48.757		0.77222			4
2026.02.26	01:51:51.139		0.77223			4
2026.02.26	01:52:00.317	0.77216				2
2026.02.26	01:52:03.426		0.77222			4
2026.02.26	01:52:15.596		0.77223			4
2026.02.26	01:52:20.020		0.77222			4
2026.02.26	01:52:20.431		0.77223			4
2026.02.26	01:52:22.861	0.77215				2
2026.02.26	01:52:28.038	0.77216	0.77222			6
2026.02.26	01:52:32.464		0.77223			4
2026.02.26	01:52:33.019	0.77217	0.77224			6
2026.02.26	01:52:44.654	0.77216	0.77222			6
2026.02.26	01:52:54.917		0.77223			4
2026.02.26	01:53:00.138	0.77216				2
2026.02.26	01:53:01.381	0.77217				2
2026.02.26	01:53:02.051		0.77224			4
2026.02.26	01:53:02.485	0.77216	0.77223			6
2026.02.26	01:53:04.470		0.77222			4
2026.02.26	01:53:05.541		0.77223			4
2026.02.26	01:53:10.970	0.77215				2
2026.02.26	01:53:12.138	0.77216	0.77222			6
2026.02.26	01:53:18.439	0.77215				2
2026.02.26	01:53:24.437	0.77216				2
2026.02.26	01:53:27.139	0.77215	0.77223			6
2026.02.26	01:53:32.538		0.77222			4
2026.02.26	01:53:38.026	0.77216	0.77223			6
2026.02.26	01:53:38.385	0.77217	0.77224			6
2026.02.26	01:53:39.311		0.77223			4
2026.02.26	01:53:40.313		0.77224			4
2026.02.26	01:53:43.162	0.77218	0.77225			6
2026.02.26	01:53:50.815	0.77217	0.77224			6
2026.02.26	01:53:58.502	0.77219	0.77225			6
2026.02.26	01:53:59.205		0.77226			4
2026.02.26	01:54:00.039	0.77219				2
2026.02.26	01:54:06.197		0.77225			4
2026.02.26	01:54:08.524	0.77218				2
2026.02.26	01:54:14.297	0.77217	0.77223			6
2026.02.26	01:54:18.744	0.77215				2
2026.02.26	01:54:40.011	0.77217				2
2026.02.26	01:54:46.101	0.77219	0.77226			6
2026.02.26	01:54:47.467		0.77225			4
2026.02.26	01:54:48.141	0.77218				2
2026.02.26	01:55:00.314	0.77218				2
2026.02.26	01:55:03.262	0.77215	0.77223			6
2026.02.26	01:55:08.839		0.77222			4
2026.02.26	01:55:09.857		0.77223			4
2026.02.26	01:55:10.797		0.77222			4
2026.02.26	01:55:11.794		0.77223			4
2026.02.26	01:55:28.937		0.77222			4
2026.02.26	01:55:39.535	0.77211	0.77217			6
2026.02.26	01:55:40.065		0.77218			4
2026.02.26	01:55:44.459	0.77208	0.77215			6
2026.02.26	01:56:00.317	0.77208				2
2026.02.26	01:56:00.865	0.77207				2
2026.02.26	01:56:09.199	0.77208				2
2026.02.26	01:56:10.853	0.77207				2
2026.02.26	01:56:13.938		0.77214			4
2026.02.26	01:56:21.137		0.77215			4
2026.02.26	01:56:36.737	0.77208				2
2026.02.26	01:56:47.175	0.77210	0.77218			6
2026.02.26	01:56:48.226	0.77212	0.77220			6
2026.02.26	01:56:51.052	0.77210	0.77218			6
2026.02.26	01:56:52.166	0.77212	0.77219			6
2026.02.26	01:56:56.238		0.77220			4
2026.02.26	01:57:04.641	0.77212				2
2026.02.26	01:57:06.765	0.77213				2
2026.02.26	01:57:07.872	0.77212				2
2026.02.26	01:57:13.615		0.77221			4
2026.02.26	01:57:16.021	0.77214	0.77223			6
2026.02.26	01:57:16.341	0.77215				2
2026.02.26	01:57:21.372	0.77216	0.77224			6
2026.02.26	01:57:22.439	0.77217	0.77225			6
2026.02.26	01:57:24.041	0.77216	0.77224			6
2026.02.26	01:57:24.895	0.77215				2
2026.02.26	01:57:29.238		0.77223			4
2026.02.26	01:58:00.090	0.77215				2
2026.02.26	01:58:03.876	0.77216				2
2026.02.26	01:58:07.096	0.77215				2
2026.02.26	01:58:22.221	0.77216				2
2026.02.26	01:58:22.713	0.77214	0.77222			6
2026.02.26	01:58:23.199	0.77215				2
2026.02.26	01:58:27.737	0.77214				2
2026.02.26	01:58:29.024		0.77220			4
2026.02.26	01:58:29.797	0.77213				2
2026.02.26	01:58:43.262	0.77211	0.77217			6
2026.02.26	01:58:51.416	0.77210	0.77218			6
2026.02.26	01:59:00.297	0.77210				2
2026.02.26	01:59:09.856	0.77212	0.77219			6
2026.02.26	01:59:14.053	0.77210				2
2026.02.26	01:59:14.382	0.77211	0.77218			6
2026.02.26	01:59:20.259	0.77212				2
2026.02.26	01:59:21.439		0.77217			4
2026.02.26	01:59:34.038		0.77218			4
2026.02.26	01:59:37.850		0.77219			4
2026.02.26	01:59:38.237	0.77214	0.77220			6
2026.02.26	01:59:42.556	0.77213	0.77219			6
2026.02.26	01:59:43.007		0.77218			4
2026.02.26	01:59:44.240		0.77219			4
2026.02.26	01:59:44.689		0.77218			4
2026.02.26	01:59:45.283		0.77219			4
2026.02.26	01:59:46.601		0.77218			4
2026.02.26	01:59:50.761		0.77219			4
2026.02.26	01:59:59.538		0.77220			4
2026.02.26	02:00:00.308	0.77214	0.77219			6
2026.02.26	02:00:00.798		0.77220			4
2026.02.26	02:00:03.843	0.77213	0.77218			6
2026.02.26	02:00:04.191		0.77219			4
2026.02.26	02:00:05.730	0.77215	0.77222			6
2026.02.26	02:00:06.792	0.77216	0.77223			6
2026.02.26	02:00:09.276		0.77222			4
2026.02.26	02:00:11.857	0.77215				2
2026.02.26	02:00:12.354	0.77216				2
2026.02.26	02:00:14.416	0.77217	0.77223			6
2026.02.26	02:00:15.915		0.77222			4
2026.02.26	02:00:16.263	0.77216	0.77221			6
2026.02.26	02:00:17.033		0.77223			4
2026.02.26	02:00:17.802		0.77221			4
2026.02.26	02:00:22.001		0.77220			4
2026.02.26	02:00:22.668	0.77215				2
2026.02.26	02:00:26.248		0.77221			4
2026.02.26	02:00:27.807	0.77216	0.77223			6
2026.02.26	02:00:31.427		0.77222			4
2026.02.26	02:00:37.693	0.77217	0.77224			6
2026.02.26	02:00:39.279	0.77216	0.77223			6
2026.02.26	02:00:39.821	0.77220	0.77226			6
2026.02.26	02:00:40.437		0.77224			4
2026.02.26	02:00:41.850	0.77215	0.77219			6
2026.02.26	02:00:43.969	0.77212	0.77217			6
2026.02.26	02:00:44.909	0.77211	0.77216			6
2026.02.26	02:00:51.831		0.77217			4
2026.02.26	02:00:53.230	0.77214	0.77218			6
2026.02.26	02:00:53.537	0.77215	0.77220			6
2026.02.26	02:00:56.414	0.77216	0.77221			6
2026.02.26	02:00:58.915		0.77220			4
2026.02.26	02:00:59.220		0.77221			4
2026.02.26	02:00:59.575		0.77220			4
2026.02.26	02:00:59.881	0.77217	0.77222			6
2026.02.26	02:01:00.317	0.77217	0.77223			6
2026.02.26	02:01:01.552		0.77222			4
2026.02.26	02:01:02.399	0.77215	0.77220			6
2026.02.26	02:01:06.913	0.77219	0.77225			6
2026.02.26	02:01:08.188	0.77223	0.77229			6
2026.02.26	02:01:08.501	0.77224	0.77230			6
2026.02.26	02:01:12.941		0.77229			4
2026.02.26	02:01:13.850		0.77230			4
2026.02.26	02:01:16.210	0.77221	0.77227			6
2026.02.26	02:01:18.726		0.77228			4
2026.02.26	02:01:21.688		0.77229			4
2026.02.26	02:01:22.563	0.77222				2
2026.02.26	02:01:23.835		0.77228			4
2026.02.26	02:01:24.900		0.77229			4
2026.02.26	02:01:26.782		0.77228			4
2026.02.26	02:01:30.265	0.77221	0.77227			6
2026.02.26	02:01:31.087	0.77222	0.77228			6
2026.02.26	02:01:35.913		0.77229			4
2026.02.26	02:01:40.711		0.77228			4
2026.02.26	02:01:48.264	0.77221	0.77227			6
2026.02.26	02:01:48.833		0.77226			4
2026.02.26	02:01:52.307	0.77222	0.77228			6
2026.02.26	02:01:56.330	0.77221				2
2026.02.26	02:01:57.504	0.77222				2
2026.02.26	02:01:58.131		0.77229			4
2026.02.26	02:02:00.314	0.77222				2
2026.02.26	02:02:01.933		0.77228			4
2026.02.26	02:02:02.873	0.77223	0.77229			6
2026.02.26	02:02:04.552	0.77228	0.77234			6
2026.02.26	02:02:05.844	0.77229	0.77236			6
2026.02.26	02:02:08.610		0.77235			4
2026.02.26	02:02:10.875		0.77236			4
2026.02.26	02:02:12.036		0.77235			4
2026.02.26	02:02:30.374		0.77236			4
2026.02.26	02:02:32.986	0.77228	0.77234			6
2026.02.26	02:02:33.726		0.77233			4
2026.02.26	02:02:34.574	0.77227				2
2026.02.26	02:02:39.650		0.77235			4
2026.02.26	02:02:46.454	0.77228	0.77236			6
2026.02.26	02:02:50.216	0.77229	0.77237			6
2026.02.26	02:02:52.228		0.77236			4
2026.02.26	02:02:52.603		0.77237			4
2026.02.26	02:02:54.018		0.77236			4
2026.02.26	02:02:56.276	0.77227	0.77234			6
2026.02.26	02:02:56.580		0.77235			4
2026.02.26	02:03:00.438	0.77227				2
2026.02.26	02:03:04.013	0.77229	0.77237			6
2026.02.26	02:03:05.613		0.77236			4
2026.02.26	02:03:06.451	0.77228	0.77235			6
2026.02.26	02:03:07.188		0.77236			4
2026.02.26	02:03:12.365		0.77235			4
2026.02.26	02:03:15.462		0.77236			4
2026.02.26	02:03:18.545	0.77229	0.77237			6
2026.02.26	02:03:18.851	0.77230				2
2026.02.26	02:03:21.573	0.77228	0.77236			6
2026.02.26	02:03:21.879	0.77227	0.77234			6
2026.02.26	02:03:22.182		0.77235			4
2026.02.26	02:03:23.564		0.77234			4
2026.02.26	02:03:24.175		0.77235			4
2026.02.26	02:03:34.301	0.77230	0.77237			6
2026.02.26	02:03:35.419		0.77238			4
2026.02.26	02:03:35.793		0.77237			4
2026.02.26	02:03:36.150	0.77229				2
2026.02.26	02:03:46.300	0.77230				2
2026.02.26	02:03:49.038	0.77229				2
2026.02.26	02:03:52.300	0.77230				2
2026.02.26	02:03:56.240		0.77238			4
2026.02.26	02:03:56.558	0.77231	0.77239			6
2026.02.26	02:03:57.038	0.77230				2
2026.02.26	02:03:57.803	0.77231				2
2026.02.26	02:03:58.608		0.77240			4
2026.02.26	02:03:59.438	0.77232				2
2026.02.26	02:04:00.311	0.77231	0.77239			6
2026.02.26	02:04:04.823	0.77232				2
2026.02.26	02:04:06.381	0.77233	0.77240			6
2026.02.26	02:04:08.858	0.77232	0.77239			6
2026.02.26	02:04:10.376	0.77229	0.77237			6
2026.02.26	02:04:10.679	0.77231	0.77239			6
2026.02.26	02:04:22.532	0.77229	0.77236			6
2026.02.26	02:04:23.136		0.77237			4
2026.02.26	02:04:24.921	0.77228	0.77236			6
2026.02.26	02:04:26.478	0.77227				2
2026.02.26	02:04:27.726	0.77228				2
2026.02.26	02:04:31.100	0.77229	0.77237			6
2026.02.26	02:04:39.150	0.77230				2
2026.02.26	02:04:44.315		0.77238			4
2026.02.26	02:04:47.384	0.77233	0.77240			6
2026.02.26	02:04:50.461		0.77241			4
2026.02.26	02:05:00.108	0.77233				2
2026.02.26	02:05:04.639		0.77240			4
2026.02.26	02:05:07.426	0.77232				2
2026.02.26	02:05:13.840	0.77231	0.77238			6
2026.02.26	02:05:18.738		0.77237			4
2026.02.26	02:05:21.090	0.77234	0.77241			6
2026.02.26	02:05:29.221		0.77240			4
2026.02.26	02:05:39.481	0.77235	0.77242			6
2026.02.26	02:05:41.679		0.77243			4
2026.02.26	02:05:41.981		0.77242			4
2026.02.26	02:06:00.625	0.77233	0.77240			6
2026.02.26	02:06:02.119	0.77228	0.77235			6
2026.02.26	02:06:06.801	0.77227	0.77234			6
2026.02.26	02:06:30.179	0.77224	0.77231			6
2026.02.26	02:06:34.206	0.77225				2
2026.02.26	02:06:34.780	0.77224	0.77228			6
2026.02.26	02:06:35.114	0.77225	0.77231			6
2026.02.26	02:06:35.439	0.77224	0.77228			6
2026.02.26	02:06:36.455	0.77225	0.77231			6
2026.02.26	02:06:36.777	0.77224	0.77228			6
2026.02.26	02:06:37.132	0.77225	0.77231			6
2026.02.26	02:06:37.436	0.77224	0.77228			6
2026.02.26	02:06:37.769	0.77225	0.77231			6
2026.02.26	02:06:38.102	0.77224	0.77228			6
2026.02.26	02:06:38.443		0.77232			4
2026.02.26	02:06:48.410		0.77231			4
2026.02.26	02:06:53.641	0.77220	0.77228			6
2026.02.26	02:06:55.690	0.77221	0.77229			6
2026.02.26	02:06:56.015		0.77228			4
2026.02.26	02:07:00.319	0.77221				2
2026.02.26	02:07:01.936		0.77229			4
2026.02.26	02:07:04.004	0.77222				2
2026.02.26	02:07:07.014	0.77221				2
2026.02.26	02:07:09.799	0.77220	0.77228			6
2026.02.26	02:07:17.227	0.77222	0.77229			6
2026.02.26	02:07:19.769	0.77218	0.77225			6
2026.02.26	02:07:22.065		0.77226			4
2026.02.26	02:07:24.405		0.77225			4
2026.02.26	02:07:31.212		0.77226			4
2026.02.26	02:07:32.099		0.77225			4
2026.02.26	02:07:36.521	0.77222	0.77229			6
2026.02.26	02:07:37.657	0.77224	0.77231			6
2026.02.26	02:07:37.960		0.77232			4
2026.02.26	02:07:38.444	0.77225	0.77233			6
2026.02.26	02:07:38.989	0.77227	0.77234			6
2026.02.26	02:07:41.392		0.77233			4
2026.02.26	02:07:41.717	0.77225	0.77231			6
2026.02.26	02:07:42.031		0.77233			4
2026.02.26	02:07:57.335	0.77226				2
2026.02.26	02:08:00.313	0.77225				2
2026.02.26	02:08:00.621		0.77231			4
2026.02.26	02:08:04.750	0.77223	0.77229			6
2026.02.26	02:08:05.767		0.77230			4
2026.02.26	02:08:11.373	0.77224				2
2026.02.26	02:08:11.697		0.77231			4
2026.02.26	02:08:13.988	0.77226	0.77232			6
2026.02.26	02:08:14.371		0.77233			4
2026.02.26	02:08:20.804	0.77228	0.77236			6
2026.02.26	02:08:31.846	0.77235	0.77244			6
2026.02.26	02:08:32.568		0.77242			4
2026.02.26	02:08:33.040		0.77241			4
2026.02.26	02:08:33.930		0.77240			4
2026.02.26	02:08:35.338		0.77242			4
2026.02.26	02:08:37.826	0.77237	0.77244			6
2026.02.26	02:08:38.138	0.77240	0.77248			6
2026.02.26	02:08:38.442	0.77239	0.77247			6
2026.02.26	02:08:38.747	0.77238				2
2026.02.26	02:08:39.074	0.77237	0.77245			6
2026.02.26	02:08:39.458	0.77234	0.77242			6
2026.02.26	02:08:40.319	0.77236	0.77241			6
2026.02.26	02:08:43.428	0.77233				2
2026.02.26	02:08:49.639	0.77232	0.77240			6
2026.02.26	02:08:56.120	0.77233	0.77241			6
2026.02.26	02:08:59.021	0.77235	0.77242			6
2026.02.26	02:09:01.337	0.77235				2
2026.02.26	02:09:07.694	0.77236				2
2026.02.26	02:09:08.165	0.77239	0.77247			6
2026.02.26	02:09:08.619	0.77235	0.77241			6
2026.02.26	02:09:12.139		0.77242			4
2026.02.26	02:09:12.933	0.77233	0.77241			6
2026.02.26	02:09:15.828		0.77242			4
2026.02.26	02:09:26.996		0.77241			4
2026.02.26	02:09:28.324		0.77242			4
2026.02.26	02:09:29.820		0.77241			4
2026.02.26	02:09:37.564	0.77231	0.77239			6
2026.02.26	02:09:39.951		0.77238			4
2026.02.26	02:09:41.731		0.77239			4
2026.02.26	02:09:44.050		0.77238			4
2026.02.26	02:09:46.941		0.77239			4
2026.02.26	02:09:47.923		0.77238			4
2026.02.26	02:09:53.214		0.77240			4
2026.02.26	02:10:00.543	0.77231				2
2026.02.26	02:10:19.509	0.77227	0.77234			6
2026.02.26	02:10:23.063	0.77224	0.77233			6
2026.02.26	02:10:24.765		0.77232			4
2026.02.26	02:10:27.818	0.77225				2
2026.02.26	02:10:30.562	0.77223	0.77229			6
2026.02.26	02:10:33.832		0.77228			4
2026.02.26	02:10:44.159	0.77222	0.77229			6
2026.02.26	02:10:50.187		0.77230			4
2026.02.26	02:11:00.476	0.77223	0.77231			6
2026.02.26	02:11:08.752		0.77230			4
2026.02.26	02:11:12.410		0.77231			4
2026.02.26	02:11:16.787		0.77230			4
2026.02.26	02:11:17.405		0.77231			4
2026.02.26	02:11:29.528	0.77226	0.77234			6
2026.02.26	02:11:29.832		0.77233			4
2026.02.26	02:11:30.528	0.77228	0.77236			6
2026.02.26	02:11:48.034		0.77235			4
2026.02.26	02:11:50.058		0.77236			4
2026.02.26	02:11:59.550	0.77231	0.77239			6
2026.02.26	02:12:00.628	0.77230				2
2026.02.26	02:12:03.917	0.77231				2
2026.02.26	02:12:11.325	0.77230				2
2026.02.26	02:12:14.177	0.77231				2
2026.02.26	02:12:19.049	0.77230	0.77238			6
2026.02.26	02:12:56.493	0.77228	0.77236			6
2026.02.26	02:13:00.605	0.77228				2
2026.02.26	02:13:05.428	0.77224	0.77230			6
2026.02.26	02:13:05.795		0.77231			4
2026.02.26	02:13:11.145	0.77226	0.77233			6
2026.02.26	02:13:14.407	0.77225	0.77232			6
2026.02.26	02:13:15.389		0.77233			4
2026.02.26	02:13:16.120		0.77232			4
2026.02.26	02:13:16.433		0.77233			4
2026.02.26	02:13:18.671	0.77229	0.77237			6
2026.02.26	02:13:26.693	0.77227	0.77235			6
2026.02.26	02:13:31.755	0.77228	0.77237			6
2026.02.26	02:13:32.074	0.77229				2
2026.02.26	02:13:43.114	0.77232	0.77240			6
2026.02.26	02:13:53.083	0.77233				2
2026.02.26	02:14:02.238	0.77233				2
2026.02.26	02:14:07.508	0.77239	0.77245			6
2026.02.26	02:14:10.323	0.77238				2
2026.02.26	02:14:15.100		0.77246			4
2026.02.26	02:14:40.622		0.77244			4
2026.02.26	02:14:40.961		0.77245			4
2026.02.26	02:14:53.183	0.77237	0.77244			6
2026.02.26	02:15:00.306	0.77237				2
2026.02.26	02:15:01.344	0.77238				2
2026.02.26	02:15:06.567	0.77237				2
2026.02.26	02:15:06.907	0.77238				2
2026.02.26	02:15:08.592	0.77235	0.77242			6
2026.02.26	02:15:15.361	0.77233	0.77240			6
2026.02.26	02:15:21.533	0.77234				2
2026.02.26	02:15:30.877	0.77233	0.77239			6
2026.02.26	02:15:31.302		0.77240			4
2026.02.26	02:15:36.826	0.77232	0.77239			6
2026.02.26	02:15:37.615	0.77233				2
2026.02.26	02:15:46.384	0.77232				2
2026.02.26	02:15:57.860	0.77229	0.77237			6
2026.02.26	02:15:58.184		0.77236			4
2026.02.26	02:16:00.656	0.77229				2
2026.02.26	02:16:05.387		0.77237			4
2026.02.26	02:16:13.425	0.77227	0.77234			6
2026.02.26	02:16:15.813	0.77226				2
2026.02.26	02:16:17.101	0.77227				2
2026.02.26	02:16:19.805	0.77230	0.77238			6
2026.02.26	02:16:27.053	0.77229	0.77237			6
2026.02.26	02:16:34.052	0.77230				2
2026.02.26	02:16:40.670	0.77235	0.77242			6
2026.02.26	02:16:40.981	0.77236	0.77244			6
2026.02.26	02:16:46.659	0.77237				2
2026.02.26	02:16:47.568	0.77236	0.77243			6
2026.02.26	02:16:48.004	0.77235	0.77244			6
2026.02.26	02:16:49.706		0.77243			4
2026.02.26	02:16:50.315		0.77242			4
2026.02.26	02:16:50.630		0.77243			4
2026.02.26	02:16:56.159	0.77234				2
2026.02.26	02:17:00.314	0.77234				2
2026.02.26	02:17:02.474		0.77242			4
2026.02.26	02:17:02.778	0.77233	0.77240			6
2026.02.26	02:17:03.868	0.77232				2
2026.02.26	02:17:07.596	0.77233				2
2026.02.26	02:17:09.396	0.77234	0.77242			6
2026.02.26	02:17:14.569	0.77235				2
2026.02.26	02:17:23.920	0.77230	0.77236			6
2026.02.26	02:17:29.329		0.77237			4
2026.02.26	02:17:35.980		0.77236			4
2026.02.26	02:17:38.730	0.77229				2
2026.02.26	02:17:46.559		0.77237			4
2026.02.26	02:17:50.009		0.77236			4
2026.02.26	02:17:53.242	0.77226	0.77234			6
2026.02.26	02:17:53.600		0.77233			4
2026.02.26	02:17:56.718	0.77223	0.77229			6
2026.02.26	02:18:02.723	0.77223				2
2026.02.26	02:18:03.128		0.77230			4
2026.02.26	02:18:06.742	0.77222				2
2026.02.26	02:18:08.066	0.77223	0.77231			6
2026.02.26	02:18:08.718		0.77230			4
2026.02.26	02:18:09.105	0.77226	0.77233			6
2026.02.26	02:18:18.928	0.77225				2
2026.02.26	02:18:19.235	0.77226				2
2026.02.26	02:18:19.635	0.77225	0.77232			6
2026.02.26	02:18:20.086		0.77233			4
2026.02.26	02:18:23.121		0.77232			4
2026.02.26	02:18:25.687	0.77223	0.77230			6
2026.02.26	02:18:26.229	0.77219	0.77226			6
2026.02.26	02:18:28.489		0.77227			4
2026.02.26	02:18:29.970	0.77220				2
2026.02.26	02:18:35.530	0.77221	0.77228			6
2026.02.26	02:18:38.238		0.77227			4
2026.02.26	02:18:38.711		0.77228			4
2026.02.26	02:18:46.208	0.77222	0.77229			6
2026.02.26	02:18:57.406		0.77230			4
2026.02.26	02:19:06.477	0.77222				2
2026.02.26	02:19:15.360		0.77229			4
2026.02.26	02:19:34.453	0.77227	0.77233			6
2026.02.26	02:19:37.051	0.77226				2
2026.02.26	02:19:40.721	0.77229				2
2026.02.26	02:19:41.040	0.77230	0.77236			6
2026.02.26	02:19:53.028	0.77229	0.77234			6
2026.02.26	02:20:00.460	0.77229				2
2026.02.26	02:20:03.148	0.77218	0.77226			6
2026.02.26	02:20:04.304	0.77217	0.77223			6
2026.02.26	02:20:04.667	0.77216				2
2026.02.26	02:20:09.422	0.77219				2
2026.02.26	02:20:09.923	0.77216	0.77221			6
2026.02.26	02:20:10.317		0.77222			4
2026.02.26	02:20:10.632		0.77221			4
2026.02.26	02:20:11.423	0.77218	0.77223			6
2026.02.26	02:20:11.798	0.77216	0.77221			6
2026.02.26	02:20:12.130		0.77222			4
2026.02.26	02:20:13.827		0.77223			4
2026.02.26	02:20:20.283	0.77221	0.77227			6
2026.02.26	02:20:20.951		0.77228			4
2026.02.26	02:20:22.567	0.77222				2
2026.02.26	02:20:25.549	0.77221				2
2026.02.26	02:20:27.234		0.77227			4
2026.02.26	02:20:28.423		0.77228			4
2026.02.26	02:20:29.473		0.77227			4
2026.02.26	02:20:32.130		0.77226			4
2026.02.26	02:20:33.056	0.77220	0.77225			6
2026.02.26	02:20:35.992	0.77219				2
2026.02.26	02:20:37.696	0.77214	0.77220			6
2026.02.26	02:20:51.671	0.77209	0.77217			6
2026.02.26	02:20:51.977	0.77211				2
2026.02.26	02:20:58.043		0.77216			4
2026.02.26	02:20:59.999		0.77217			4
2026.02.26	02:21:00.314	0.77211				2
2026.02.26	02:21:09.882	0.77212	0.77220			6
2026.02.26	02:21:10.205		0.77219			4
2026.02.26	02:21:16.275	0.77211				2
2026.02.26	02:21:17.145	0.77212				2
2026.02.26	02:21:19.981	0.77213				2
2026.02.26	02:21:20.436	0.77212				2
2026.02.26	02:21:22.680	0.77214	0.77221			6
2026.02.26	02:21:27.441	0.77217	0.77223			6
2026.02.26	02:21:28.192	0.77216				2
2026.02.26	02:21:28.617	0.77217				2
2026.02.26	02:21:29.008	0.77216				2
2026.02.26	02:21:29.744	0.77217				2
2026.02.26	02:21:32.607	0.77216				2
2026.02.26	02:21:33.464	0.77217				2
2026.02.26	02:21:34.257	0.77216				2
2026.02.26	02:21:39.013	0.77220	0.77226			6
2026.02.26	02:21:39.342		0.77227			4
2026.02.26	02:21:45.707	0.77222	0.77228			6
2026.02.26	02:21:46.428		0.77229			4
2026.02.26	02:21:47.065	0.77223				2
2026.02.26	02:21:54.141	0.77222				2
2026.02.26	02:22:00.317	0.77222				2
2026.02.26	02:22:17.119	0.77225	0.77232			6
2026.02.26	02:22:18.771	0.77224				2
2026.02.26	02:22:19.369	0.77225				2
2026.02.26	02:22:20.125	0.77224				2
2026.02.26	02:22:21.026	0.77225				2
2026.02.26	02:22:23.864	0.77224				2
2026.02.26	02:22:24.214	0.77225				2
2026.02.26	02:22:32.062	0.77227				2
2026.02.26	02:22:32.562	0.77224				2
2026.02.26	02:22:34.063	0.77226	0.77233			6
2026.02.26	02:22:34.378	0.77224	0.77232			6
2026.02.26	02:22:34.764	0.77227	0.77233			6
2026.02.26	02:22:35.562	0.77225				2
2026.02.26	02:22:40.255	0.77226				2
2026.02.26	02:22:46.599	0.77225	0.77232			6
2026.02.26	02:22:52.303	0.77224				2
2026.02.26	02:23:00.543	0.77225				2
2026.02.26	02:23:02.146		0.77233			4
2026.02.26	02:23:02.460	0.77224				2
2026.02.26	02:23:03.776		0.77232			4
2026.02.26	02:23:05.884	0.77225				2
2026.02.26	02:23:08.996	0.77226				2
2026.02.26	02:23:10.122	0.77225				2
2026.02.26	02:23:11.197		0.77231			4
2026.02.26	02:23:15.457	0.77226				2
2026.02.26	02:23:15.809	0.77225				2
2026.02.26	02:23:16.352	0.77224				2
2026.02.26	02:23:16.988	0.77223	0.77232			6
2026.02.26	02:23:17.304	0.77224	0.77231			6
2026.02.26	02:23:19.220	0.77225				2
2026.02.26	02:23:19.523	0.77224				2
2026.02.26	02:23:20.170	0.77225				2
2026.02.26	02:23:20.572	0.77222	0.77229			6
2026.02.26	02:23:22.610	0.77221	0.77228			6
2026.02.26	02:23:23.082	0.77222				2
2026.02.26	02:23:27.126	0.77219	0.77226			6
2026.02.26	02:23:28.275		0.77225			4
2026.02.26	02:23:33.079		0.77226			4
2026.02.26	02:23:34.605	0.77220	0.77228			6
2026.02.26	02:23:34.952		0.77227			4
2026.02.26	02:23:37.499	0.77221				2
2026.02.26	02:23:38.285	0.77220				2
