<DATE>	<TIME>	<BID>	<ASK>	<LAST>	<VOLUME>	<FLAGS>
2026.05.07	00:03:30.279	0.77774	0.77910			6
2026.05.07	00:03:34.912		0.77914			4
2026.05.07	00:03:37.003		0.77910			4
2026.05.07	00:03:38.002		0.77914			4
2026.05.07	00:03:39.172		0.77910			4
2026.05.07	00:03:39.914		0.77914			4
2026.05.07	00:04:02.403	0.77774				2
2026.05.07	00:04:18.231	0.77813				2
2026.05.07	00:04:51.372		0.77914			4
2026.05.07	00:05:00.223	0.77813	0.77927			6
2026.05.07	00:05:00.523	0.77826				2
2026.05.07	00:05:07.965		0.77925			4
2026.05.07	00:05:11.966		0.77917			4
2026.05.07	00:05:16.110		0.77909			4
2026.05.07	00:06:00.189	0.77826				2
2026.05.07	00:06:16.813		0.77909			4
2026.05.07	00:06:50.898	0.77816	0.77889			6
2026.05.07	00:07:00.228	0.77816				2
2026.05.07	00:07:39.589	0.77826	0.77909			6
2026.05.07	00:07:58.995	0.77816	0.77889			6
2026.05.07	00:08:15.561	0.77816				2
2026.05.07	00:08:25.387	0.77806	0.77869			6
2026.05.07	00:09:00.073	0.77806				2
2026.05.07	00:09:25.459		0.77869			4
2026.05.07	00:09:49.866	0.77816	0.77889			6
2026.05.07	00:09:53.909	0.77826	0.77909			6
2026.05.07	00:10:00.073	0.77826	0.77920			6
2026.05.07	00:10:18.709		0.77922			4
2026.05.07	00:10:20.933	0.77792	0.77912			6
2026.05.07	00:10:48.916	0.77804				2
2026.05.07	00:10:53.738	0.77798				2
2026.05.07	00:11:00.054	0.77798				2
2026.05.07	00:11:01.555	0.77792				2
2026.05.07	00:11:14.801	0.77755	0.77923			6
2026.05.07	00:11:15.920	0.77826				2
2026.05.07	00:11:25.263		0.77914			4
2026.05.07	00:12:00.139	0.77826				2
2026.05.07	00:12:27.466		0.77914			4
2026.05.07	00:12:37.530	0.77840				2
2026.05.07	00:12:37.898	0.77826	0.77881			6
2026.05.07	00:12:38.220	0.77840	0.77914			6
2026.05.07	00:12:38.564	0.77826	0.77881			6
2026.05.07	00:12:39.165	0.77840	0.77914			6
2026.05.07	00:12:39.466	0.77826	0.77881			6
2026.05.07	00:12:39.766	0.77840	0.77914			6
2026.05.07	00:12:40.067	0.77826	0.77881			6
2026.05.07	00:12:40.367	0.77840	0.77914			6
2026.05.07	00:12:40.669	0.77826	0.77881			6
2026.05.07	00:12:40.977	0.77840	0.77914			6
2026.05.07	00:12:41.296	0.77826	0.77881			6
2026.05.07	00:12:41.661		0.77914			4
2026.05.07	00:13:01.672	0.77826				2
2026.05.07	00:13:13.196	0.77833	0.77920			6
2026.05.07	00:13:13.496	0.77835	0.77919			6
2026.05.07	00:13:13.797	0.77846	0.77984			6
2026.05.07	00:13:19.120	0.77832	0.77919			6
2026.05.07	00:13:19.421	0.77842	0.77988			6
2026.05.07	00:13:25.117	0.77832	0.77919			6
2026.05.07	00:13:25.419	0.77843	0.77987			6
2026.05.07	00:13:31.120	0.77832	0.77919			6
2026.05.07	00:13:31.420	0.77843	0.77987			6
2026.05.07	00:13:37.023	0.77832	0.77919			6
2026.05.07	00:13:37.327	0.77842	0.77988			6
2026.05.07	00:13:43.117	0.77832	0.77919			6
2026.05.07	00:13:43.419	0.77842	0.77988			6
2026.05.07	00:13:48.407	0.77845	0.77985			6
2026.05.07	00:13:49.120	0.77832	0.77919			6
2026.05.07	00:13:49.420	0.77845	0.77985			6
2026.05.07	00:13:55.116	0.77832	0.77919			6
2026.05.07	00:13:55.420	0.77845	0.77985			6
2026.05.07	00:13:58.718	0.77839	0.77975			6
2026.05.07	00:13:59.023	0.77848	0.77996			6
2026.05.07	00:14:00.251	0.77841				2
2026.05.07	00:14:01.118	0.77845	0.77916			6
2026.05.07	00:14:01.418	0.77849	0.77979			6
2026.05.07	00:14:07.120	0.77845	0.77916			6
2026.05.07	00:14:07.421	0.77849	0.77979			6
2026.05.07	00:14:13.117	0.77844	0.77916			6
2026.05.07	00:14:13.417	0.77849	0.77979			6
2026.05.07	00:14:19.117	0.77844	0.77916			6
2026.05.07	00:14:19.418	0.77867	0.77979			6
2026.05.07	00:14:25.118	0.77865	0.77915			6
2026.05.07	00:14:25.423	0.77867	0.77979			6
2026.05.07	00:14:31.113	0.77865	0.77915			6
2026.05.07	00:14:31.414	0.77867	0.77979			6
2026.05.07	00:14:37.124	0.77865	0.77915			6
2026.05.07	00:14:37.424	0.77867	0.77979			6
2026.05.07	00:14:43.120	0.77865	0.77915			6
2026.05.07	00:14:43.420	0.77867	0.77979			6
2026.05.07	00:14:49.116	0.77865	0.77915			6
2026.05.07	00:14:49.417	0.77867	0.77979			6
2026.05.07	00:14:55.118	0.77865	0.77915			6
2026.05.07	00:14:55.419	0.77867	0.77969			6
2026.05.07	00:15:00.817	0.77867				2
2026.05.07	00:15:01.117	0.77865	0.77915			6
2026.05.07	00:15:01.420	0.77867	0.77969			6
2026.05.07	00:15:07.118	0.77865	0.77915			6
2026.05.07	00:15:07.422	0.77867	0.77969			6
2026.05.07	00:15:13.118	0.77865	0.77915			6
2026.05.07	00:15:13.418	0.77867	0.77969			6
2026.05.07	00:15:19.118	0.77865	0.77914			6
2026.05.07	00:15:19.420	0.77867	0.77969			6
2026.05.07	00:15:25.117	0.77865	0.77914			6
2026.05.07	00:15:25.420	0.77867	0.77969			6
2026.05.07	00:15:26.960	0.77877	0.77972			6
2026.05.07	00:15:31.121	0.77865	0.77914			6
2026.05.07	00:15:31.421	0.77867	0.77949			6
2026.05.07	00:15:37.121	0.77865	0.77914			6
2026.05.07	00:15:37.420	0.77867	0.77950			6
2026.05.07	00:15:41.706	0.77869				2
2026.05.07	00:15:42.009		0.77949			4
2026.05.07	00:15:43.123	0.77865	0.77914			6
2026.05.07	00:15:43.424	0.77867	0.77948			6
2026.05.07	00:15:48.446	0.77869				2
2026.05.07	00:15:49.120	0.77865	0.77914			6
2026.05.07	00:15:49.421	0.77867	0.77948			6
2026.05.07	00:15:53.094	0.77850	0.77944			6
2026.05.07	00:15:55.121	0.77846	0.77914			6
2026.05.07	00:15:55.421	0.77849	0.77944			6
2026.05.07	00:16:00.817	0.77849				2
2026.05.07	00:16:01.116	0.77846	0.77915			6
2026.05.07	00:16:01.417	0.77849	0.77944			6
2026.05.07	00:16:07.119	0.77847	0.77913			6
2026.05.07	00:16:07.420	0.77837	0.77969			6
2026.05.07	00:16:07.897	0.77834				2
2026.05.07	00:16:08.197	0.77838	0.77970			6
2026.05.07	00:16:13.119	0.77846	0.77915			6
2026.05.07	00:16:13.418		0.77948			4
2026.05.07	00:16:14.679	0.77845				2
2026.05.07	00:16:19.118	0.77846	0.77915			6
2026.05.07	00:16:19.422	0.77849	0.77947			6
2026.05.07	00:16:25.117	0.77847	0.77914			6
2026.05.07	00:16:25.419	0.77849	0.77947			6
2026.05.07	00:16:31.119	0.77847	0.77914			6
2026.05.07	00:16:31.421	0.77849	0.77947			6
2026.05.07	00:16:37.118	0.77847	0.77914			6
2026.05.07	00:16:37.418	0.77849	0.77947			6
2026.05.07	00:16:41.543		0.77946			4
2026.05.07	00:16:43.121	0.77847	0.77914			6
2026.05.07	00:16:43.420	0.77849	0.77946			6
2026.05.07	00:16:49.120	0.77847	0.77914			6
2026.05.07	00:16:49.423	0.77849	0.77946			6
2026.05.07	00:16:55.118	0.77847	0.77914			6
2026.05.07	00:16:55.420	0.77849	0.77947			6
2026.05.07	00:16:57.376		0.77951			4
2026.05.07	00:17:00.242	0.77849				2
2026.05.07	00:17:01.118	0.77847	0.77914			6
2026.05.07	00:17:01.419	0.77849	0.77947			6
2026.05.07	00:17:07.120	0.77847	0.77914			6
2026.05.07	00:17:07.421	0.77849	0.77948			6
2026.05.07	00:17:13.124	0.77847	0.77914			6
2026.05.07	00:17:13.424	0.77849	0.77972			6
2026.05.07	00:17:14.325	0.77867	0.77978			6
2026.05.07	00:17:18.966	0.77865	0.77916			6
2026.05.07	00:17:19.567	0.77867	0.77979			6
2026.05.07	00:17:22.179	0.77849	0.77949			6
2026.05.07	00:17:25.120	0.77846	0.77915			6
2026.05.07	00:17:25.420	0.77849	0.77949			6
2026.05.07	00:17:31.120	0.77847	0.77914			6
2026.05.07	00:17:31.420	0.77849	0.77950			6
2026.05.07	00:17:36.291		0.77953			4
2026.05.07	00:17:37.118	0.77847	0.77914			6
2026.05.07	00:17:37.419	0.77849	0.77953			6
2026.05.07	00:17:43.118	0.77846	0.77914			6
2026.05.07	00:17:43.420	0.77849	0.77953			6
2026.05.07	00:17:49.118	0.77847	0.77914			6
2026.05.07	00:17:49.419	0.77849	0.77953			6
2026.05.07	00:17:53.711	0.77867	0.77978			6
2026.05.07	00:17:54.012	0.77849	0.77954			6
2026.05.07	00:17:55.119	0.77847	0.77914			6
2026.05.07	00:17:55.421	0.77849	0.77953			6
2026.05.07	00:17:56.733		0.77954			4
2026.05.07	00:18:00.817	0.77849				2
2026.05.07	00:18:01.116	0.77847	0.77914			6
2026.05.07	00:18:01.417	0.77849	0.77954			6
2026.05.07	00:18:07.118	0.77847	0.77914			6
2026.05.07	00:18:07.421	0.77849	0.77954			6
2026.05.07	00:18:13.121	0.77847	0.77914			6
2026.05.07	00:18:13.420	0.77849	0.77954			6
2026.05.07	00:18:19.119	0.77847	0.77914			6
2026.05.07	00:18:19.418	0.77849	0.77954			6
2026.05.07	00:18:25.121	0.77847	0.77914			6
2026.05.07	00:18:25.424	0.77849	0.77954			6
2026.05.07	00:18:31.118	0.77847	0.77914			6
2026.05.07	00:18:31.420	0.77849	0.77954			6
2026.05.07	00:18:37.118	0.77847	0.77914			6
2026.05.07	00:18:37.423	0.77849	0.77954			6
2026.05.07	00:18:43.118	0.77847	0.77914			6
2026.05.07	00:18:43.419	0.77849	0.77954			6
2026.05.07	00:18:49.118	0.77847	0.77914			6
2026.05.07	00:18:49.424	0.77849	0.77954			6
2026.05.07	00:18:55.120	0.77848	0.77914			6
2026.05.07	00:18:55.421	0.77849	0.77955			6
2026.05.07	00:19:00.151	0.77849				2
2026.05.07	00:19:01.118	0.77846	0.77915			6
2026.05.07	00:19:01.419	0.77849	0.77955			6
2026.05.07	00:19:02.767		0.77954			4
2026.05.07	00:19:06.721		0.77959			4
2026.05.07	00:19:07.023	0.77847	0.77914			6
2026.05.07	00:19:07.322	0.77849	0.77959			6
2026.05.07	00:19:13.119	0.77847	0.77914			6
2026.05.07	00:19:13.419	0.77849	0.77958			6
2026.05.07	00:19:14.777		0.77959			4
2026.05.07	00:19:19.118	0.77847	0.77914			6
2026.05.07	00:19:19.419	0.77849	0.77959			6
2026.05.07	00:19:25.120	0.77847	0.77914			6
2026.05.07	00:19:25.420	0.77849	0.77958			6
2026.05.07	00:19:26.777		0.77959			4
2026.05.07	00:19:30.165		0.77960			4
2026.05.07	00:19:31.119	0.77847	0.77914			6
2026.05.07	00:19:31.419	0.77849	0.77961			6
2026.05.07	00:19:37.122	0.77847	0.77914			6
2026.05.07	00:19:37.422	0.77849	0.77960			6
2026.05.07	00:19:38.783		0.77957			4
2026.05.07	00:19:42.843	0.77848	0.77914			6
2026.05.07	00:19:43.143	0.77847				2
2026.05.07	00:19:43.443	0.77849	0.77956			6
2026.05.07	00:19:44.271		0.77958			4
2026.05.07	00:19:44.571		0.77959			4
2026.05.07	00:19:49.117	0.77847	0.77914			6
2026.05.07	00:19:49.418	0.77849	0.77958			6
2026.05.07	00:19:50.992		0.77959			4
2026.05.07	00:19:55.117	0.77847	0.77914			6
2026.05.07	00:19:55.419	0.77849	0.77958			6
2026.05.07	00:19:56.803		0.77959			4
2026.05.07	00:20:00.817	0.77849				2
2026.05.07	00:20:01.118	0.77847	0.77914			6
2026.05.07	00:20:01.422	0.77849	0.77958			6
2026.05.07	00:20:02.810		0.77959			4
2026.05.07	00:20:07.117	0.77847	0.77914			6
2026.05.07	00:20:07.417	0.77849	0.77958			6
2026.05.07	00:20:08.686		0.77959			4
2026.05.07	00:20:13.119	0.77847	0.77914			6
2026.05.07	00:20:13.420	0.77849	0.77958			6
2026.05.07	00:20:14.555		0.77959			4
2026.05.07	00:20:19.119	0.77847	0.77914			6
2026.05.07	00:20:19.424	0.77849	0.77958			6
2026.05.07	00:20:20.827		0.77959			4
2026.05.07	00:20:25.123	0.77847	0.77914			6
2026.05.07	00:20:25.424	0.77849	0.77958			6
2026.05.07	00:20:26.856		0.77959			4
2026.05.07	00:20:31.120	0.77846	0.77914			6
2026.05.07	00:20:31.420	0.77849	0.77958			6
2026.05.07	00:20:32.835		0.77959			4
2026.05.07	00:20:35.309	0.77822	0.77952			6
2026.05.07	00:20:37.120	0.77817	0.77922			6
2026.05.07	00:20:46.136		0.77920			4
2026.05.07	00:20:48.256		0.77921			4
2026.05.07	00:20:58.034		0.77919			4
2026.05.07	00:21:04.390	0.77817	0.77918			6
2026.05.07	00:21:13.024		0.77921			4
2026.05.07	00:21:14.044	0.77822				2
2026.05.07	00:22:01.372	0.77822				2
2026.05.07	00:22:08.336		0.77920			4
2026.05.07	00:23:04.046	0.77822				2
2026.05.07	00:23:17.313		0.77920			4
2026.05.07	00:24:03.258	0.77822				2
2026.05.07	00:24:18.335		0.77920			4
2026.05.07	00:25:06.822	0.77822				2
2026.05.07	00:25:11.890		0.77926			4
2026.05.07	00:25:12.192		0.77927			4
2026.05.07	00:25:43.329		0.77924			4
2026.05.07	00:25:47.758		0.77923			4
2026.05.07	00:26:01.378	0.77822				2
2026.05.07	00:26:42.758		0.77922			4
2026.05.07	00:26:43.058		0.77923			4
2026.05.07	00:27:01.891	0.77822	0.77922			6
2026.05.07	00:27:36.561		0.77921			4
2026.05.07	00:28:10.818	0.77822	0.77923			6
2026.05.07	00:28:11.131		0.77918			4
2026.05.07	00:28:23.473		0.77921			4
2026.05.07	00:28:38.614		0.77920			4
2026.05.07	00:28:51.468		0.77918			4
2026.05.07	00:29:07.714	0.77822				2
2026.05.07	00:29:46.735		0.77919			4
2026.05.07	00:30:00.087	0.77822				2
2026.05.07	00:30:00.741		0.77923			4
2026.05.07	00:30:03.111		0.77921			4
2026.05.07	00:30:03.412		0.77919			4
2026.05.07	00:30:06.879		0.77923			4
2026.05.07	00:30:07.244		0.77925			4
2026.05.07	00:30:09.235		0.77924			4
2026.05.07	00:30:20.921		0.77920			4
2026.05.07	00:30:32.971		0.77922			4
2026.05.07	00:30:33.272		0.77927			4
2026.05.07	00:30:41.291		0.77926			4
2026.05.07	00:30:41.592		0.77922			4
2026.05.07	00:30:48.321		0.77924			4
2026.05.07	00:30:57.762		0.77926			4
2026.05.07	00:31:00.543	0.77822				2
2026.05.07	00:31:18.213		0.77927			4
2026.05.07	00:31:18.515		0.77926			4
2026.05.07	00:31:57.202		0.77919			4
2026.05.07	00:32:08.623	0.77822				2
2026.05.07	00:32:29.561		0.77920			4
2026.05.07	00:32:30.575		0.77919			4
2026.05.07	00:32:30.876		0.77920			4
2026.05.07	00:32:31.181		0.77919			4
2026.05.07	00:32:31.485		0.77920			4
2026.05.07	00:32:36.062		0.77919			4
2026.05.07	00:32:37.713		0.77920			4
2026.05.07	00:32:39.563		0.77919			4
2026.05.07	00:32:40.659		0.77917			4
2026.05.07	00:32:41.603		0.77916			4
2026.05.07	00:32:41.904		0.77917			4
2026.05.07	00:32:45.061		0.77915			4
2026.05.07	00:32:45.362		0.77914			4
2026.05.07	00:32:48.032		0.77916			4
2026.05.07	00:32:55.072		0.77915			4
2026.05.07	00:32:58.800		0.77913			4
2026.05.07	00:32:59.309		0.77912			4
2026.05.07	00:33:00.299	0.77822				2
2026.05.07	00:33:00.599		0.77913			4
2026.05.07	00:33:02.195		0.77916			4
2026.05.07	00:33:02.496		0.77915			4
2026.05.07	00:33:03.813		0.77914			4
2026.05.07	00:33:04.802		0.77915			4
2026.05.07	00:33:06.479		0.77913			4
2026.05.07	00:33:09.884		0.77911			4
2026.05.07	00:33:10.185		0.77908			4
2026.05.07	00:33:15.604		0.77907			4
2026.05.07	00:33:20.681		0.77916			4
2026.05.07	00:33:20.981		0.77917			4
2026.05.07	00:33:23.113		0.77915			4
2026.05.07	00:33:27.272		0.77910			4
2026.05.07	00:33:27.572		0.77914			4
2026.05.07	00:33:29.915		0.77913			4
2026.05.07	00:33:30.516		0.77906			4
2026.05.07	00:33:30.818		0.77913			4
2026.05.07	00:33:31.119		0.77903			4
2026.05.07	00:33:31.420		0.77904			4
2026.05.07	00:33:31.720		0.77913			4
2026.05.07	00:33:33.032		0.77914			4
2026.05.07	00:33:37.913		0.77913			4
2026.05.07	00:33:38.216		0.77914			4
2026.05.07	00:33:41.864		0.77913			4
2026.05.07	00:33:42.167		0.77918			4
2026.05.07	00:33:42.467		0.77909			4
2026.05.07	00:33:42.769		0.77906			4
2026.05.07	00:33:43.070		0.77903			4
2026.05.07	00:33:43.370		0.77907			4
2026.05.07	00:33:43.670		0.77900			4
2026.05.07	00:33:44.873		0.77899			4
2026.05.07	00:33:45.514		0.77900			4
2026.05.07	00:33:46.117		0.77898			4
2026.05.07	00:33:46.417		0.77903			4
2026.05.07	00:33:46.719		0.77898			4
2026.05.07	00:33:47.022		0.77899			4
2026.05.07	00:33:47.324		0.77902			4
2026.05.07	00:33:49.116		0.77901			4
2026.05.07	00:33:49.418		0.77910			4
2026.05.07	00:33:50.022		0.77912			4
2026.05.07	00:33:50.324		0.77910			4
2026.05.07	00:33:50.623		0.77911			4
2026.05.07	00:33:51.524		0.77910			4
2026.05.07	00:33:55.953		0.77903			4
2026.05.07	00:33:56.256		0.77894			4
2026.05.07	00:33:56.557		0.77907			4
2026.05.07	00:33:56.858		0.77909			4
2026.05.07	00:33:57.157		0.77910			4
2026.05.07	00:33:57.463		0.77912			4
2026.05.07	00:33:57.766		0.77911			4
2026.05.07	00:33:58.067		0.77909			4
2026.05.07	00:33:58.367		0.77908			4
2026.05.07	00:33:58.670		0.77903			4
2026.05.07	00:33:58.973		0.77907			4
2026.05.07	00:34:00.514	0.77822				2
2026.05.07	00:34:00.814		0.77908			4
2026.05.07	00:34:02.604		0.77907			4
2026.05.07	00:34:05.988		0.77908			4
2026.05.07	00:34:13.113		0.77907			4
2026.05.07	00:34:16.346		0.77909			4
2026.05.07	00:34:17.613		0.77908			4
2026.05.07	00:34:23.013		0.77907			4
2026.05.07	00:34:26.759		0.77908			4
2026.05.07	00:34:27.060		0.77907			4
2026.05.07	00:34:33.279		0.77906			4
2026.05.07	00:34:33.581		0.77909			4
2026.05.07	00:34:35.613		0.77908			4
2026.05.07	00:34:37.565		0.77909			4
2026.05.07	00:34:38.605		0.77908			4
2026.05.07	00:34:39.213		0.77907			4
2026.05.07	00:34:39.520		0.77909			4
2026.05.07	00:34:42.733		0.77910			4
2026.05.07	00:34:51.552		0.77908			4
2026.05.07	00:34:54.519		0.77909			4
2026.05.07	00:34:57.198		0.77911			4
2026.05.07	00:35:02.085	0.77822				2
2026.05.07	00:35:02.386		0.77912			4
2026.05.07	00:35:02.687		0.77911			4
2026.05.07	00:35:03.332		0.77912			4
2026.05.07	00:35:09.316		0.77906			4
2026.05.07	00:35:09.617		0.77903			4
2026.05.07	00:35:09.924		0.77911			4
2026.05.07	00:35:13.436		0.77914			4
2026.05.07	00:35:13.737		0.77911			4
2026.05.07	00:35:17.614		0.77912			4
2026.05.07	00:35:20.405		0.77913			4
2026.05.07	00:35:20.707		0.77912			4
2026.05.07	00:35:23.607		0.77911			4
2026.05.07	00:35:24.214		0.77912			4
2026.05.07	00:35:25.817		0.77913			4
2026.05.07	00:35:26.117		0.77914			4
2026.05.07	00:35:31.113		0.77913			4
2026.05.07	00:35:35.349		0.77914			4
2026.05.07	00:35:35.652		0.77908			4
2026.05.07	00:35:35.952		0.77906			4
2026.05.07	00:35:36.856		0.77911			4
2026.05.07	00:35:37.458		0.77912			4
2026.05.07	00:35:37.760		0.77916			4
2026.05.07	00:35:38.362		0.77917			4
2026.05.07	00:35:39.212		0.77918			4
2026.05.07	00:35:41.625		0.77917			4
2026.05.07	00:35:41.925	0.77823				2
2026.05.07	00:35:42.225	0.77832	0.77915			6
2026.05.07	00:35:47.116	0.77825	0.77916			6
2026.05.07	00:35:48.022	0.77834	0.77919			6
2026.05.07	00:35:48.324	0.77824				2
2026.05.07	00:35:48.625	0.77830				2
2026.05.07	00:35:48.930	0.77829				2
2026.05.07	00:35:49.229	0.77833				2
2026.05.07	00:35:49.530	0.77828				2
2026.05.07	00:35:49.830	0.77826	0.77917			6
2026.05.07	00:35:50.130	0.77835	0.77915			6
2026.05.07	00:35:56.361	0.77827				2
2026.05.07	00:35:57.264	0.77826				2
2026.05.07	00:35:57.566	0.77831				2
2026.05.07	00:35:57.865	0.77837	0.77909			6
2026.05.07	00:35:58.166	0.77829	0.77907			6
2026.05.07	00:35:58.767	0.77836				2
2026.05.07	00:36:00.147	0.77836	0.77906			6
2026.05.07	00:36:01.464	0.77835	0.77907			6
2026.05.07	00:36:05.049		0.77906			4
2026.05.07	00:36:08.452	0.77822	0.77913			6
2026.05.07	00:36:09.057		0.77911			4
2026.05.07	00:36:09.355		0.77908			4
2026.05.07	00:36:10.558	0.77823	0.77909			6
2026.05.07	00:36:11.156	0.77826	0.77905			6
2026.05.07	00:36:18.297	0.77822	0.77906			6
2026.05.07	00:36:18.597	0.77835	0.77907			6
2026.05.07	00:36:19.198	0.77837	0.77903			6
2026.05.07	00:36:19.499	0.77834	0.77902			6
2026.05.07	00:36:21.372	0.77835				2
2026.05.07	00:36:27.550	0.77834	0.77899			6
2026.05.07	00:36:27.851	0.77832	0.77903			6
2026.05.07	00:36:28.151	0.77840				2
2026.05.07	00:36:28.752	0.77845				2
2026.05.07	00:36:29.052	0.77842	0.77901			6
2026.05.07	00:36:29.352	0.77840	0.77900			6
2026.05.07	00:36:29.653	0.77844				2
2026.05.07	00:36:30.253	0.77839				2
2026.05.07	00:36:31.415	0.77840				2
2026.05.07	00:36:36.217		0.77897			4
2026.05.07	00:36:36.818	0.77843	0.77898			6
2026.05.07	00:36:40.416	0.77844	0.77897			6
2026.05.07	00:36:41.016	0.77840	0.77894			6
2026.05.07	00:36:41.619	0.77837				2
2026.05.07	00:36:51.673	0.77835	0.77892			6
2026.05.07	00:37:00.147	0.77832	0.77895			6
2026.05.07	00:37:01.471	0.77835	0.77896			6
2026.05.07	00:37:01.773	0.77839	0.77893			6
2026.05.07	00:37:05.531	0.77831	0.77895			6
2026.05.07	00:37:05.832	0.77822				2
2026.05.07	00:37:11.913		0.77899			4
2026.05.07	00:37:12.214	0.77824	0.77897			6
2026.05.07	00:37:13.146	0.77837	0.77900			6
2026.05.07	00:37:13.447	0.77830	0.77903			6
2026.05.07	00:37:13.748	0.77822	0.77905			6
2026.05.07	00:37:14.047		0.77906			4
2026.05.07	00:37:15.024	0.77824	0.77901			6
2026.05.07	00:37:15.324	0.77825	0.77899			6
2026.05.07	00:37:15.624	0.77822	0.77897			6
2026.05.07	00:37:15.925		0.77892			4
2026.05.07	00:37:16.225		0.77891			4
2026.05.07	00:37:16.526	0.77824	0.77890			6
2026.05.07	00:37:16.833		0.77889			4
2026.05.07	00:37:17.468		0.77893			4
2026.05.07	00:37:19.115	0.77830	0.77891			6
2026.05.07	00:37:19.416		0.77889			4
2026.05.07	00:37:20.147	0.77831	0.77888			6
2026.05.07	00:37:21.831		0.77889			4
2026.05.07	00:37:26.612		0.77888			4
2026.05.07	00:37:28.719	0.77825				2
2026.05.07	00:37:29.020	0.77826	0.77885			6
2026.05.07	00:37:29.625	0.77831				2
2026.05.07	00:37:30.319		0.77884			4
2026.05.07	00:37:31.829	0.77826				2
2026.05.07	00:37:32.432	0.77831	0.77885			6
2026.05.07	00:37:32.732	0.77829	0.77884			6
2026.05.07	00:37:33.033	0.77832	0.77883			6
2026.05.07	00:37:38.224	0.77825				2
2026.05.07	00:37:39.131	0.77827				2
2026.05.07	00:37:39.732	0.77831				2
2026.05.07	00:37:40.033	0.77822	0.77894			6
2026.05.07	00:37:40.334	0.77833	0.77893			6
2026.05.07	00:37:40.634	0.77839	0.77890			6
2026.05.07	00:37:40.935	0.77835	0.77895			6
2026.05.07	00:37:41.235	0.77822	0.77897			6
2026.05.07	00:37:41.537	0.77840	0.77892			6
2026.05.07	00:37:41.837	0.77832	0.77890			6
2026.05.07	00:37:42.141	0.77827	0.77893			6
2026.05.07	00:37:42.441	0.77823	0.77896			6
2026.05.07	00:37:42.742	0.77841	0.77895			6
2026.05.07	00:37:43.342	0.77844				2
2026.05.07	00:37:43.643	0.77843	0.77894			6
2026.05.07	00:37:43.943	0.77836	0.77893			6
2026.05.07	00:37:44.242	0.77835	0.77890			6
2026.05.07	00:37:44.543	0.77833	0.77888			6
2026.05.07	00:37:44.842	0.77829	0.77886			6
2026.05.07	00:37:45.443	0.77828	0.77884			6
2026.05.07	00:37:46.645	0.77829	0.77881			6
2026.05.07	00:37:51.502	0.77827	0.77882			6
2026.05.07	00:37:51.804	0.77829	0.77881			6
2026.05.07	00:37:52.106	0.77827				2
2026.05.07	00:37:52.707	0.77831				2
2026.05.07	00:37:53.008	0.77833				2
2026.05.07	00:38:00.220	0.77833	0.77880			6
2026.05.07	00:38:01.714	0.77834	0.77883			6
2026.05.07	00:38:02.314	0.77837				2
2026.05.07	00:38:05.315	0.77835	0.77884			6
2026.05.07	00:38:05.615	0.77838				2
2026.05.07	00:38:08.084	0.77839	0.77885			6
2026.05.07	00:38:08.384	0.77837	0.77884			6
2026.05.07	00:38:12.101	0.77833	0.77882			6
2026.05.07	00:38:12.402	0.77834	0.77881			6
2026.05.07	00:38:12.709	0.77831	0.77882			6
2026.05.07	00:38:13.010	0.77838	0.77883			6
2026.05.07	00:38:13.312	0.77831	0.77881			6
2026.05.07	00:38:13.614	0.77832	0.77880			6
2026.05.07	00:38:14.225	0.77840	0.77885			6
2026.05.07	00:38:14.530	0.77822	0.77890			6
2026.05.07	00:38:14.829	0.77833				2
2026.05.07	00:38:15.131	0.77824	0.77891			6
2026.05.07	00:38:15.431	0.77822	0.77890			6
2026.05.07	00:38:15.731	0.77832	0.77889			6
2026.05.07	00:38:16.028	0.77827	0.77888			6
2026.05.07	00:38:16.328	0.77828	0.77884			6
2026.05.07	00:38:16.629		0.77882			4
2026.05.07	00:38:16.930	0.77829	0.77881			6
2026.05.07	00:38:17.231	0.77826	0.77884			6
2026.05.07	00:38:21.745	0.77823	0.77885			6
2026.05.07	00:38:22.050	0.77831	0.77879			6
2026.05.07	00:38:22.352	0.77832	0.77881			6
2026.05.07	00:38:22.647	0.77834				2
2026.05.07	00:38:22.949	0.77835				2
2026.05.07	00:38:23.249		0.77883			4
2026.05.07	00:38:31.679	0.77834	0.77884			6
2026.05.07	00:38:31.979	0.77838	0.77888			6
2026.05.07	00:38:32.283		0.77887			4
2026.05.07	00:38:32.583		0.77889			4
2026.05.07	00:38:32.883	0.77839				2
2026.05.07	00:38:33.185		0.77891			4
2026.05.07	00:38:33.484	0.77841	0.77892			6
2026.05.07	00:38:33.786	0.77827				2
2026.05.07	00:38:34.084	0.77828	0.77891			6
2026.05.07	00:38:34.729		0.77889			4
2026.05.07	00:38:35.033		0.77888			4
2026.05.07	00:38:35.333	0.77830	0.77886			6
2026.05.07	00:38:35.633	0.77831	0.77884			6
2026.05.07	00:38:36.234	0.77836				2
2026.05.07	00:38:36.534		0.77886			4
2026.05.07	00:38:36.836	0.77838	0.77888			6
2026.05.07	00:38:37.136	0.77837				2
2026.05.07	00:38:37.436	0.77827	0.77889			6
2026.05.07	00:38:37.736	0.77837	0.77888			6
2026.05.07	00:38:38.037	0.77839	0.77887			6
2026.05.07	00:38:38.337	0.77835	0.77885			6
2026.05.07	00:38:38.637	0.77834	0.77883			6
2026.05.07	00:38:38.938	0.77828	0.77881			6
2026.05.07	00:38:40.236	0.77836				2
2026.05.07	00:38:40.542		0.77879			4
2026.05.07	00:38:43.113		0.77880			4
2026.05.07	00:38:47.679		0.77879			4
2026.05.07	00:38:49.394	0.77830	0.77880			6
2026.05.07	00:38:49.694	0.77828	0.77882			6
2026.05.07	00:38:53.042	0.77827	0.77883			6
2026.05.07	00:38:53.932	0.77833				2
2026.05.07	00:38:54.232	0.77834				2
2026.05.07	00:39:00.147	0.77834				2
2026.05.07	00:39:02.553	0.77835	0.77878			6
2026.05.07	00:39:03.212		0.77879			4
2026.05.07	00:39:04.608	0.77832	0.77888			6
2026.05.07	00:39:04.915	0.77831				2
2026.05.07	00:39:05.216		0.77892			4
2026.05.07	00:39:05.517	0.77833	0.77889			6
2026.05.07	00:39:05.819	0.77832	0.77892			6
2026.05.07	00:39:07.076	0.77835				2
2026.05.07	00:39:07.376	0.77841	0.77895			6
2026.05.07	00:39:07.677	0.77843				2
2026.05.07	00:39:07.977		0.77897			4
2026.05.07	00:39:08.277	0.77850	0.77900			6
2026.05.07	00:39:08.578	0.77852	0.77899			6
2026.05.07	00:39:08.878	0.77854	0.77898			6
2026.05.07	00:39:09.178		0.77895			4
2026.05.07	00:39:09.481	0.77850	0.77899			6
2026.05.07	00:39:09.784	0.77849				2
2026.05.07	00:39:10.084	0.77857	0.77901			6
2026.05.07	00:39:10.386	0.77854	0.77902			6
2026.05.07	00:39:10.688	0.77859				2
2026.05.07	00:39:10.987	0.77854	0.77900			6
2026.05.07	00:39:11.289	0.77852	0.77899			6
2026.05.07	00:39:11.589	0.77851	0.77897			6
2026.05.07	00:39:11.891	0.77848	0.77893			6
2026.05.07	00:39:12.191	0.77841	0.77891			6
2026.05.07	00:39:12.493	0.77822	0.77889			6
2026.05.07	00:39:12.794	0.77827	0.77883			6
2026.05.07	00:39:13.095	0.77824	0.77886			6
2026.05.07	00:39:13.396	0.77819	0.77911			6
2026.05.07	00:39:13.697	0.77799				2
2026.05.07	00:39:13.997		0.77894			4
2026.05.07	00:39:14.299		0.77911			4
2026.05.07	00:39:14.599	0.77819	0.77906			6
2026.05.07	00:39:14.900	0.77822	0.77912			6
2026.05.07	00:39:15.200		0.77894			4
2026.05.07	00:39:15.504		0.77898			4
2026.05.07	00:39:15.803	0.77823	0.77887			6
2026.05.07	00:39:16.104	0.77822	0.77894			6
2026.05.07	00:39:16.404		0.77901			4
2026.05.07	00:39:16.705		0.77903			4
2026.05.07	00:39:17.010		0.77902			4
2026.05.07	00:39:18.515		0.77901			4
2026.05.07	00:39:18.816		0.77900			4
2026.05.07	00:39:19.121		0.77899			4
2026.05.07	00:39:19.421		0.77894			4
2026.05.07	00:39:19.722		0.77897			4
2026.05.07	00:39:23.268		0.77907			4
2026.05.07	00:39:23.569		0.77905			4
2026.05.07	00:39:23.869		0.77902			4
2026.05.07	00:39:24.471		0.77901			4
2026.05.07	00:39:24.772		0.77902			4
2026.05.07	00:39:25.073		0.77908			4
2026.05.07	00:39:25.674		0.77898			4
2026.05.07	00:39:26.279		0.77902			4
2026.05.07	00:39:26.883		0.77909			4
2026.05.07	00:39:27.183		0.77906			4
2026.05.07	00:39:27.484		0.77901			4
2026.05.07	00:39:27.786		0.77900			4
2026.05.07	00:39:28.089		0.77901			4
2026.05.07	00:39:28.390		0.77900			4
2026.05.07	00:39:28.690		0.77902			4
2026.05.07	00:39:29.592		0.77901			4
2026.05.07	00:39:29.894		0.77897			4
2026.05.07	00:39:31.396		0.77896			4
2026.05.07	00:39:31.697		0.77900			4
2026.05.07	00:39:32.597		0.77902			4
2026.05.07	00:39:33.198		0.77903			4
2026.05.07	00:39:33.498		0.77902			4
2026.05.07	00:39:33.799		0.77899			4
2026.05.07	00:39:35.123		0.77900			4
2026.05.07	00:39:35.724		0.77904			4
2026.05.07	00:39:36.024		0.77899			4
2026.05.07	00:39:36.324		0.77898			4
2026.05.07	00:39:36.624		0.77896			4
2026.05.07	00:39:36.924	0.77829	0.77882			6
2026.05.07	00:39:37.225	0.77827	0.77883			6
2026.05.07	00:39:37.526	0.77822	0.77917			6
2026.05.07	00:39:37.826		0.77910			4
2026.05.07	00:39:38.127		0.77912			4
2026.05.07	00:39:38.427		0.77911			4
2026.05.07	00:39:38.727		0.77902			4
2026.05.07	00:39:39.027		0.77890			4
2026.05.07	00:39:39.327		0.77891			4
2026.05.07	00:39:39.629	0.77823	0.77887			6
2026.05.07	00:39:39.929	0.77828	0.77882			6
2026.05.07	00:39:40.229	0.77830	0.77880			6
2026.05.07	00:39:40.530	0.77826	0.77884			6
2026.05.07	00:39:40.830	0.77828	0.77882			6
2026.05.07	00:39:41.133	0.77823	0.77887			6
2026.05.07	00:39:41.433	0.77828	0.77882			6
2026.05.07	00:39:42.635	0.77822	0.77892			6
2026.05.07	00:39:45.021		0.77888			4
2026.05.07	00:39:45.322	0.77824	0.77886			6
2026.05.07	00:39:45.626	0.77823	0.77887			6
2026.05.07	00:39:45.925	0.77825	0.77885			6
2026.05.07	00:39:46.226	0.77822	0.77888			6
2026.05.07	00:39:46.527	0.77825	0.77885			6
2026.05.07	00:39:46.829	0.77822	0.77891			6
2026.05.07	00:39:47.130		0.77896			4
2026.05.07	00:39:47.431		0.77899			4
2026.05.07	00:39:47.732		0.77888			4
2026.05.07	00:39:48.034		0.77889			4
2026.05.07	00:39:48.334		0.77890			4
2026.05.07	00:39:48.934		0.77897			4
2026.05.07	00:39:49.234		0.77891			4
2026.05.07	00:39:49.535		0.77892			4
2026.05.07	00:39:49.836		0.77894			4
2026.05.07	00:39:50.136		0.77893			4
2026.05.07	00:39:50.436		0.77890			4
2026.05.07	00:39:50.736	0.77824	0.77886			6
2026.05.07	00:39:51.037	0.77822	0.77915			6
2026.05.07	00:39:51.337		0.77902			4
2026.05.07	00:39:51.638		0.77894			4
2026.05.07	00:39:51.938		0.77891			4
2026.05.07	00:39:52.238		0.77895			4
2026.05.07	00:39:52.541	0.77827	0.77883			6
2026.05.07	00:39:52.842	0.77823	0.77887			6
2026.05.07	00:39:53.143	0.77822	0.77894			6
2026.05.07	00:39:53.442		0.77889			4
2026.05.07	00:39:53.742	0.77826	0.77884			6
2026.05.07	00:39:54.042	0.77825	0.77885			6
2026.05.07	00:39:54.343	0.77822	0.77893			6
2026.05.07	00:39:54.643		0.77891			4
2026.05.07	00:39:54.943	0.77825	0.77885			6
2026.05.07	00:39:55.243	0.77822	0.77897			6
2026.05.07	00:39:55.544		0.77889			4
2026.05.07	00:39:55.845		0.77891			4
2026.05.07	00:39:56.145		0.77907			4
2026.05.07	00:39:56.446		0.77903			4
2026.05.07	00:39:56.746		0.77906			4
2026.05.07	00:39:57.047		0.77907			4
2026.05.07	00:39:57.346		0.77903			4
2026.05.07	00:39:57.647		0.77902			4
2026.05.07	00:39:58.251		0.77898			4
2026.05.07	00:39:58.551		0.77895			4
2026.05.07	00:39:58.852	0.77823	0.77887			6
2026.05.07	00:39:59.152	0.77822	0.77902			6
2026.05.07	00:39:59.453	0.77828	0.77882			6
2026.05.07	00:39:59.753	0.77829	0.77881			6
2026.05.07	00:40:00.052	0.77822	0.77890			6
2026.05.07	00:40:00.352	0.77826	0.77884			6
2026.05.07	00:40:00.653	0.77830	0.77880			6
2026.05.07	00:40:00.953	0.77822	0.77890			6
2026.05.07	00:40:01.254	0.77823	0.77887			6
2026.05.07	00:40:01.554	0.77822	0.77891			6
2026.05.07	00:40:01.857	0.77826	0.77884			6
2026.05.07	00:40:02.157	0.77822	0.77891			6
2026.05.07	00:40:02.459	0.77832	0.77878			6
2026.05.07	00:40:02.759	0.77822	0.77889			6
2026.05.07	00:40:03.361		0.77890			4
2026.05.07	00:40:03.661		0.77889			4
2026.05.07	00:40:03.962		0.77904			4
2026.05.07	00:40:04.262		0.77903			4
2026.05.07	00:40:04.565		0.77900			4
2026.05.07	00:40:04.867		0.77904			4
2026.05.07	00:40:05.166		0.77899			4
2026.05.07	00:40:05.467		0.77901			4
2026.05.07	00:40:05.767		0.77899			4
2026.05.07	00:40:06.069		0.77896			4
2026.05.07	00:40:06.369		0.77899			4
2026.05.07	00:40:07.570		0.77898			4
2026.05.07	00:40:07.872		0.77893			4
2026.05.07	00:40:08.473		0.77890			4
2026.05.07	00:40:08.773		0.77901			4
2026.05.07	00:40:09.673		0.77889			4
2026.05.07	00:40:10.276	0.77831	0.77879			6
2026.05.07	00:40:10.576	0.77829	0.77881			6
2026.05.07	00:40:10.876	0.77831	0.77879			6
2026.05.07	00:40:11.179	0.77827	0.77883			6
2026.05.07	00:40:11.481	0.77823	0.77887			6
2026.05.07	00:40:11.781	0.77827	0.77883			6
2026.05.07	00:40:12.084	0.77825	0.77885			6
2026.05.07	00:40:12.685	0.77827	0.77883			6
2026.05.07	00:40:12.987	0.77831	0.77879			6
2026.05.07	00:40:13.289	0.77827	0.77883			6
2026.05.07	00:40:13.591	0.77828	0.77882			6
2026.05.07	00:40:14.493	0.77829	0.77881			6
2026.05.07	00:40:14.794	0.77830	0.77880			6
2026.05.07	00:40:15.096	0.77825	0.77885			6
2026.05.07	00:40:15.396	0.77827	0.77883			6
2026.05.07	00:40:15.697	0.77829	0.77881			6
2026.05.07	00:40:15.997	0.77828	0.77882			6
2026.05.07	00:40:16.597	0.77832	0.77878			6
2026.05.07	00:40:16.897	0.77830	0.77880			6
2026.05.07	00:40:17.201	0.77833	0.77877			6
2026.05.07	00:40:17.500	0.77830	0.77880			6
2026.05.07	00:40:17.805	0.77828	0.77882			6
2026.05.07	00:40:18.109	0.77831	0.77879			6
2026.05.07	00:40:18.410	0.77830	0.77880			6
2026.05.07	00:40:18.710	0.77829	0.77881			6
2026.05.07	00:40:19.012	0.77830	0.77880			6
2026.05.07	00:40:19.313	0.77826	0.77884			6
2026.05.07	00:40:19.613	0.77832	0.77878			6
2026.05.07	00:40:19.914	0.77833	0.77877			6
2026.05.07	00:40:20.216	0.77831	0.77879			6
2026.05.07	00:40:20.517	0.77829	0.77881			6
2026.05.07	00:40:20.816	0.77834	0.77876			6
2026.05.07	00:40:21.117	0.77825	0.77885			6
2026.05.07	00:40:21.417	0.77833	0.77877			6
2026.05.07	00:40:21.719	0.77831	0.77879			6
2026.05.07	00:40:22.024	0.77827	0.77883			6
2026.05.07	00:40:22.323	0.77824	0.77886			6
2026.05.07	00:40:22.624	0.77823	0.77887			6
2026.05.07	00:40:22.923	0.77828	0.77882			6
2026.05.07	00:40:23.224	0.77825	0.77885			6
2026.05.07	00:40:23.524	0.77831	0.77879			6
2026.05.07	00:40:24.123	0.77830	0.77880			6
2026.05.07	00:40:24.424	0.77832	0.77878			6
2026.05.07	00:40:24.724	0.77834	0.77876			6
2026.05.07	00:40:25.024	0.77832	0.77878			6
2026.05.07	00:40:25.324	0.77833	0.77877			6
2026.05.07	00:40:25.625	0.77831	0.77879			6
2026.05.07	00:40:25.926	0.77830	0.77880			6
2026.05.07	00:40:26.529	0.77829	0.77881			6
2026.05.07	00:40:28.302	0.77830	0.77880			6
2026.05.07	00:40:28.905	0.77831	0.77879			6
2026.05.07	00:40:29.206	0.77830	0.77880			6
2026.05.07	00:40:29.809	0.77831	0.77879			6
2026.05.07	00:40:31.633	0.77832	0.77878			6
2026.05.07	00:40:32.234	0.77829	0.77881			6
2026.05.07	00:40:32.834	0.77831	0.77879			6
2026.05.07	00:40:33.135	0.77829	0.77881			6
2026.05.07	00:40:33.435	0.77830	0.77880			6
2026.05.07	00:40:34.337	0.77826	0.77884			6
2026.05.07	00:40:34.938	0.77829	0.77881			6
2026.05.07	00:40:35.239	0.77827	0.77883			6
2026.05.07	00:40:35.538	0.77828	0.77882			6
2026.05.07	00:40:36.441	0.77823	0.77887			6
2026.05.07	00:40:36.741	0.77824	0.77886			6
2026.05.07	00:40:37.342	0.77822	0.77890			6
2026.05.07	00:40:37.644		0.77888			4
2026.05.07	00:40:37.948		0.77890			4
2026.05.07	00:40:38.249		0.77889			4
2026.05.07	00:40:38.549		0.77891			4
2026.05.07	00:40:38.851	0.77825	0.77888			6
2026.05.07	00:40:39.152	0.77829	0.77881			6
2026.05.07	00:40:39.451	0.77831	0.77879			6
2026.05.07	00:40:39.751	0.77834	0.77876			6
2026.05.07	00:40:40.053	0.77830	0.77880			6
2026.05.07	00:40:40.352	0.77829	0.77881			6
2026.05.07	00:40:40.653	0.77824	0.77886			6
2026.05.07	00:40:40.953	0.77827	0.77883			6
2026.05.07	00:40:41.553	0.77825	0.77885			6
2026.05.07	00:40:42.458	0.77828	0.77882			6
2026.05.07	00:40:42.758	0.77827	0.77883			6
2026.05.07	00:40:43.363	0.77826	0.77884			6
2026.05.07	00:40:43.872	0.77829				2
2026.05.07	00:40:44.171		0.77881			4
2026.05.07	00:40:44.641	0.77826				2
2026.05.07	00:40:44.942	0.77823	0.77887			6
2026.05.07	00:40:45.242	0.77825	0.77885			6
2026.05.07	00:40:45.542	0.77822	0.77888			6
2026.05.07	00:40:45.843	0.77823	0.77887			6
2026.05.07	00:40:46.142	0.77822	0.77889			6
2026.05.07	00:40:46.442		0.77890			4
2026.05.07	00:40:46.743	0.77823	0.77887			6
2026.05.07	00:40:49.225	0.77822	0.77890			6
2026.05.07	00:40:49.685		0.77888			4
2026.05.07	00:40:49.986		0.77889			4
2026.05.07	00:40:51.445		0.77888			4
2026.05.07	00:40:51.746		0.77890			4
2026.05.07	00:40:52.426		0.77888			4
2026.05.07	00:40:53.141		0.77890			4
2026.05.07	00:40:55.207		0.77891			4
2026.05.07	00:40:55.955		0.77888			4
2026.05.07	00:40:56.650		0.77891			4
2026.05.07	00:40:57.732		0.77890			4
2026.05.07	00:40:58.311	0.77823	0.77887			6
2026.05.07	00:40:58.611	0.77822	0.77890			6
2026.05.07	00:40:58.910		0.77891			4
2026.05.07	00:41:00.214	0.77822				2
2026.05.07	00:41:01.690		0.77888			4
2026.05.07	00:41:04.518	0.77828	0.77882			6
2026.05.07	00:41:04.818	0.77831	0.77879			6
2026.05.07	00:41:05.120	0.77827	0.77883			6
2026.05.07	00:41:05.422	0.77831	0.77879			6
2026.05.07	00:41:05.721	0.77834	0.77876			6
2026.05.07	00:41:06.022	0.77828	0.77882			6
2026.05.07	00:41:06.321	0.77834	0.77876			6
2026.05.07	00:41:06.622	0.77827	0.77883			6
2026.05.07	00:41:06.924	0.77833	0.77877			6
2026.05.07	00:41:07.224	0.77832	0.77878			6
2026.05.07	00:41:07.524	0.77828	0.77882			6
2026.05.07	00:41:07.824	0.77822	0.77888			6
2026.05.07	00:41:08.125	0.77823	0.77887			6
2026.05.07	00:41:08.426	0.77824	0.77886			6
2026.05.07	00:41:08.725	0.77822	0.77891			6
2026.05.07	00:41:09.031	0.77827	0.77883			6
2026.05.07	00:41:09.329	0.77823	0.77887			6
2026.05.07	00:41:09.629	0.77833	0.77877			6
2026.05.07	00:41:10.235	0.77827	0.77883			6
2026.05.07	00:41:10.836	0.77824	0.77886			6
2026.05.07	00:41:11.137	0.77832	0.77878			6
2026.05.07	00:41:11.437	0.77829	0.77881			6
2026.05.07	00:41:11.737	0.77831	0.77879			6
2026.05.07	00:41:12.040	0.77829	0.77881			6
2026.05.07	00:41:12.340	0.77831	0.77879			6
2026.05.07	00:41:12.639	0.77830	0.77880			6
2026.05.07	00:41:12.940	0.77826	0.77884			6
2026.05.07	00:41:13.241	0.77833	0.77877			6
2026.05.07	00:41:13.542	0.77836	0.77874			6
2026.05.07	00:41:13.842	0.77825	0.77885			6
2026.05.07	00:41:14.446	0.77835	0.77875			6
2026.05.07	00:41:14.746	0.77825	0.77885			6
2026.05.07	00:41:15.048	0.77836	0.77874			6
2026.05.07	00:41:15.348	0.77829	0.77881			6
2026.05.07	00:41:15.951	0.77824	0.77886			6
2026.05.07	00:41:16.252	0.77831	0.77879			6
2026.05.07	00:41:16.552	0.77828	0.77882			6
2026.05.07	00:41:16.852	0.77834	0.77876			6
2026.05.07	00:41:17.152	0.77836	0.77874			6
2026.05.07	00:41:17.452	0.77825	0.77885			6
2026.05.07	00:41:17.752	0.77830	0.77880			6
2026.05.07	00:41:18.053	0.77823	0.77887			6
2026.05.07	00:41:18.353	0.77837	0.77873			6
2026.05.07	00:41:18.654	0.77825	0.77885			6
2026.05.07	00:41:18.954	0.77831	0.77879			6
2026.05.07	00:41:19.257	0.77830	0.77880			6
2026.05.07	00:41:19.857	0.77837	0.77873			6
2026.05.07	00:41:20.158	0.77824	0.77886			6
2026.05.07	00:41:20.460	0.77835	0.77875			6
2026.05.07	00:41:20.759	0.77829	0.77881			6
2026.05.07	00:41:21.527	0.77827	0.77883			6
2026.05.07	00:41:21.827	0.77829	0.77881			6
2026.05.07	00:41:22.128	0.77826	0.77884			6
2026.05.07	00:41:22.627	0.77828	0.77882			6
2026.05.07	00:41:22.928	0.77827	0.77883			6
2026.05.07	00:41:23.229	0.77826	0.77884			6
2026.05.07	00:41:23.530	0.77825	0.77885			6
2026.05.07	00:41:23.831	0.77837	0.77873			6
2026.05.07	00:41:24.133	0.77834	0.77874			6
2026.05.07	00:41:24.433	0.77826	0.77884			6
2026.05.07	00:41:24.734	0.77830	0.77880			6
2026.05.07	00:41:25.034	0.77837	0.77873			6
2026.05.07	00:41:25.334	0.77831	0.77879			6
2026.05.07	00:41:25.935	0.77828	0.77882			6
2026.05.07	00:41:26.235	0.77835	0.77875			6
2026.05.07	00:41:26.535	0.77836	0.77874			6
2026.05.07	00:41:26.836	0.77828	0.77882			6
2026.05.07	00:41:27.136	0.77832	0.77878			6
2026.05.07	00:41:27.437	0.77835	0.77875			6
2026.05.07	00:41:28.036	0.77823	0.77887			6
2026.05.07	00:41:28.337	0.77836	0.77874			6
2026.05.07	00:41:28.943	0.77826	0.77884			6
2026.05.07	00:41:29.242	0.77833	0.77877			6
2026.05.07	00:41:29.543	0.77825	0.77885			6
2026.05.07	00:41:29.842	0.77835	0.77875			6
2026.05.07	00:41:30.144	0.77836	0.77874			6
2026.05.07	00:41:30.444	0.77832	0.77878			6
2026.05.07	00:41:31.045	0.77837	0.77873			6
2026.05.07	00:41:31.345	0.77834	0.77876			6
2026.05.07	00:41:31.645	0.77837	0.77873			6
2026.05.07	00:41:31.947	0.77835	0.77875			6
2026.05.07	00:41:33.036	0.77837				2
2026.05.07	00:41:33.336	0.77838	0.77872			6
2026.05.07	00:41:33.783	0.77837	0.77873			6
2026.05.07	00:41:34.084	0.77832	0.77878			6
2026.05.07	00:41:34.383	0.77835	0.77875			6
2026.05.07	00:41:34.685	0.77833	0.77877			6
2026.05.07	00:41:34.984	0.77832	0.77878			6
2026.05.07	00:41:35.284	0.77828	0.77881			6
2026.05.07	00:41:35.587		0.77882			4
2026.05.07	00:41:38.518	0.77823	0.77887			6
2026.05.07	00:41:38.824	0.77831	0.77879			6
2026.05.07	00:41:39.124	0.77833	0.77877			6
2026.05.07	00:41:39.424	0.77836	0.77874			6
2026.05.07	00:41:39.724	0.77832	0.77878			6
2026.05.07	00:41:40.025	0.77835	0.77875			6
2026.05.07	00:41:40.653	0.77836	0.77874			6
2026.05.07	00:41:40.953	0.77834	0.77876			6
2026.05.07	00:41:41.558	0.77838	0.77872			6
2026.05.07	00:41:42.160	0.77834	0.77876			6
2026.05.07	00:41:44.291	0.77831	0.77879			6
2026.05.07	00:41:44.592	0.77832	0.77878			6
2026.05.07	00:41:46.452	0.77830	0.77880			6
2026.05.07	00:41:46.753	0.77829	0.77881			6
2026.05.07	00:41:47.053	0.77830	0.77880			6
2026.05.07	00:41:49.420	0.77832	0.77878			6
2026.05.07	00:41:49.721	0.77827	0.77883			6
2026.05.07	00:41:50.023	0.77828	0.77882			6
2026.05.07	00:41:50.324	0.77826	0.77884			6
2026.05.07	00:41:51.214	0.77825				2
2026.05.07	00:41:51.515		0.77885			4
2026.05.07	00:41:52.208	0.77831	0.77879			6
2026.05.07	00:41:53.208	0.77829	0.77881			6
2026.05.07	00:41:53.508	0.77822	0.77890			6
2026.05.07	00:41:53.808	0.77837	0.77873			6
2026.05.07	00:41:54.112	0.77834	0.77876			6
2026.05.07	00:41:54.412	0.77832	0.77878			6
2026.05.07	00:41:56.403	0.77831	0.77879			6
2026.05.07	00:41:57.615	0.77832	0.77878			6
2026.05.07	00:41:57.916	0.77830	0.77880			6
2026.05.07	00:41:58.216	0.77829	0.77881			6
2026.05.07	00:41:58.518	0.77830	0.77880			6
2026.05.07	00:41:58.819	0.77829	0.77881			6
2026.05.07	00:41:59.120	0.77827	0.77883			6
2026.05.07	00:42:00.022	0.77827				2
2026.05.07	00:42:00.324	0.77829	0.77881			6
2026.05.07	00:42:00.625	0.77828	0.77882			6
2026.05.07	00:42:02.014	0.77829	0.77881			6
2026.05.07	00:42:04.117	0.77822	0.77901			6
2026.05.07	00:42:04.417		0.77895			4
2026.05.07	00:42:05.899		0.77893			4
2026.05.07	00:42:07.178		0.77892			4
2026.05.07	00:42:09.215		0.77891			4
2026.05.07	00:42:10.035		0.77890			4
2026.05.07	00:42:10.336		0.77892			4
2026.05.07	00:42:10.637	0.77823	0.77887			6
2026.05.07	00:42:10.936	0.77822	0.77888			6
2026.05.07	00:42:11.237		0.77900			4
2026.05.07	00:42:11.539		0.77902			4
2026.05.07	00:42:11.839		0.77904			4
2026.05.07	00:42:12.139		0.77898			4
2026.05.07	00:42:12.740		0.77903			4
2026.05.07	00:42:13.040		0.77899			4
2026.05.07	00:42:13.340		0.77895			4
2026.05.07	00:42:13.945		0.77896			4
2026.05.07	00:42:14.545		0.77899			4
2026.05.07	00:42:14.846		0.77894			4
2026.05.07	00:42:15.147		0.77896			4
2026.05.07	00:42:16.048		0.77892			4
2026.05.07	00:42:16.349		0.77895			4
2026.05.07	00:42:18.277		0.77892			4
2026.05.07	00:42:18.578		0.77894			4
2026.05.07	00:42:18.878		0.77895			4
2026.05.07	00:42:19.880		0.77892			4
2026.05.07	00:42:20.181		0.77895			4
2026.05.07	00:42:20.784		0.77893			4
2026.05.07	00:42:21.572		0.77891			4
2026.05.07	00:42:22.506	0.77830	0.77890			6
2026.05.07	00:42:22.807		0.77895			4
2026.05.07	00:42:23.107		0.77893			4
2026.05.07	00:42:24.515		0.77919			4
2026.05.07	00:42:26.023		0.77917			4
2026.05.07	00:42:26.324		0.77921			4
2026.05.07	00:42:26.625		0.77916			4
2026.05.07	00:42:26.927		0.77921			4
2026.05.07	00:42:27.533		0.77897			4
2026.05.07	00:42:28.135		0.77907			4
2026.05.07	00:42:28.436		0.77893			4
2026.05.07	00:42:28.737		0.77891			4
2026.05.07	00:42:29.337		0.77882			4
2026.05.07	00:42:30.241		0.77881			4
2026.05.07	00:42:30.842		0.77888			4
2026.05.07	00:42:32.284		0.77890			4
2026.05.07	00:42:32.584		0.77889			4
2026.05.07	00:42:33.254		0.77886			4
2026.05.07	00:42:33.557		0.77881			4
2026.05.07	00:42:36.769		0.77883			4
2026.05.07	00:42:39.870		0.77881			4
2026.05.07	00:42:46.182	0.77831	0.77879			6
2026.05.07	00:42:46.484	0.77832	0.77878			6
2026.05.07	00:42:46.783	0.77831	0.77879			6
2026.05.07	00:42:47.083	0.77833	0.77877			6
2026.05.07	00:42:47.383	0.77831	0.77879			6
2026.05.07	00:42:47.684	0.77832	0.77878			6
2026.05.07	00:42:49.187	0.77831	0.77879			6
2026.05.07	00:42:50.913	0.77832	0.77878			6
2026.05.07	00:42:51.214	0.77829	0.77881			6
2026.05.07	00:42:51.515	0.77827	0.77888			6
2026.05.07	00:42:53.013		0.77889			4
2026.05.07	00:42:54.417		0.77888			4
2026.05.07	00:42:56.730		0.77883			4
2026.05.07	00:42:57.029	0.77829	0.77881			6
2026.05.07	00:42:57.330	0.77832	0.77878			6
2026.05.07	00:42:58.232	0.77830	0.77880			6
2026.05.07	00:42:58.533	0.77832	0.77878			6
2026.05.07	00:42:58.833	0.77828	0.77882			6
2026.05.07	00:42:59.133	0.77832	0.77878			6
2026.05.07	00:43:00.378	0.77832				2
2026.05.07	00:43:00.679	0.77831	0.77879			6
2026.05.07	00:43:00.981	0.77829	0.77881			6
2026.05.07	00:43:01.881	0.77833	0.77877			6
2026.05.07	00:43:02.181	0.77829	0.77881			6
2026.05.07	00:43:02.481	0.77833	0.77877			6
2026.05.07	00:43:02.783	0.77830	0.77880			6
2026.05.07	00:43:03.083	0.77827	0.77889			6
2026.05.07	00:43:03.384		0.77891			4
2026.05.07	00:43:03.684		0.77892			4
2026.05.07	00:43:03.984	0.77830	0.77890			6
2026.05.07	00:43:04.284		0.77895			4
2026.05.07	00:43:04.584		0.77892			4
2026.05.07	00:43:04.885		0.77886			4
2026.05.07	00:43:05.187		0.77895			4
2026.05.07	00:43:05.790		0.77891			4
2026.05.07	00:43:06.090		0.77894			4
2026.05.07	00:43:06.694		0.77900			4
2026.05.07	00:43:06.995		0.77898			4
2026.05.07	00:43:08.801		0.77897			4
2026.05.07	00:43:11.212		0.77895			4
2026.05.07	00:43:11.813		0.77885			4
2026.05.07	00:43:12.113		0.77886			4
2026.05.07	00:43:12.415		0.77883			4
2026.05.07	00:43:12.716		0.77886			4
2026.05.07	00:43:14.346		0.77882			4
2026.05.07	00:43:14.648		0.77880			4
2026.05.07	00:43:14.947	0.77831	0.77879			6
2026.05.07	00:43:15.246	0.77830	0.77880			6
2026.05.07	00:43:15.548	0.77831	0.77879			6
2026.05.07	00:43:15.848	0.77830	0.77880			6
2026.05.07	00:43:16.148		0.77882			4
2026.05.07	00:43:16.450	0.77829	0.77883			6
2026.05.07	00:43:17.352		0.77882			4
2026.05.07	00:43:17.652		0.77881			4
2026.05.07	00:43:18.553		0.77882			4
2026.05.07	00:43:18.853		0.77883			4
2026.05.07	00:43:20.927		0.77882			4
2026.05.07	00:43:21.529		0.77881			4
2026.05.07	00:43:22.132		0.77886			4
2026.05.07	00:43:22.431		0.77884			4
2026.05.07	00:43:22.732		0.77882			4
2026.05.07	00:43:23.032		0.77883			4
2026.05.07	00:43:23.332		0.77885			4
2026.05.07	00:43:23.632		0.77886			4
2026.05.07	00:43:23.933		0.77884			4
2026.05.07	00:43:24.833		0.77882			4
2026.05.07	00:43:25.435		0.77881			4
2026.05.07	00:43:26.036		0.77882			4
2026.05.07	00:43:26.570	0.77832				2
2026.05.07	00:43:26.870	0.77829				2
2026.05.07	00:43:27.470		0.77881			4
2026.05.07	00:43:29.188	0.77830	0.77880			6
2026.05.07	00:43:29.485	0.77832	0.77878			6
2026.05.07	00:43:29.782	0.77831	0.77879			6
2026.05.07	00:43:30.388	0.77832	0.77878			6
2026.05.07	00:43:31.139	0.77831	0.77879			6
2026.05.07	00:43:32.913	0.77829				2
2026.05.07	00:43:33.213	0.77833	0.77877			6
2026.05.07	00:43:33.515	0.77831	0.77879			6
2026.05.07	00:43:34.814	0.77832	0.77878			6
2026.05.07	00:43:35.415	0.77829	0.77882			6
2026.05.07	00:43:35.716	0.77833	0.77877			6
2026.05.07	00:43:36.617	0.77832	0.77878			6
2026.05.07	00:43:37.218	0.77833	0.77877			6
2026.05.07	00:43:37.519	0.77830	0.77880			6
2026.05.07	00:43:37.819	0.77829	0.77882			6
2026.05.07	00:43:38.119	0.77831	0.77879			6
2026.05.07	00:43:38.420	0.77832	0.77878			6
2026.05.07	00:43:39.020	0.77833	0.77877			6
2026.05.07	00:43:39.320	0.77832	0.77878			6
2026.05.07	00:43:40.223	0.77831	0.77879			6
2026.05.07	00:43:40.522	0.77832	0.77878			6
2026.05.07	00:43:40.823	0.77833	0.77877			6
2026.05.07	00:43:41.123	0.77832	0.77878			6
2026.05.07	00:43:41.423	0.77831	0.77879			6
2026.05.07	00:43:41.724	0.77829	0.77881			6
2026.05.07	00:43:42.024		0.77883			4
2026.05.07	00:43:42.324	0.77830	0.77880			6
2026.05.07	00:43:42.625	0.77829	0.77883			6
2026.05.07	00:43:42.924		0.77884			4
2026.05.07	00:43:43.225		0.77883			4
2026.05.07	00:43:43.525		0.77882			4
2026.05.07	00:43:43.825		0.77884			4
2026.05.07	00:43:44.126		0.77887			4
2026.05.07	00:43:44.432		0.77886			4
2026.05.07	00:43:44.732		0.77888			4
2026.05.07	00:43:46.275		0.77887			4
2026.05.07	00:43:47.371		0.77888			4
2026.05.07	00:43:48.273		0.77892			4
2026.05.07	00:43:48.573		0.77891			4
2026.05.07	00:43:49.474		0.77892			4
2026.05.07	00:43:49.775		0.77895			4
2026.05.07	00:43:50.074		0.77893			4
2026.05.07	00:43:51.453		0.77897			4
2026.05.07	00:43:51.753		0.77898			4
2026.05.07	00:43:52.987		0.77892			4
2026.05.07	00:43:53.287		0.77890			4
2026.05.07	00:43:53.587		0.77896			4
2026.05.07	00:43:53.886		0.77897			4
2026.05.07	00:43:54.187		0.77896			4
2026.05.07	00:43:54.787		0.77898			4
2026.05.07	00:43:55.977		0.77897			4
2026.05.07	00:43:56.276		0.77898			4
2026.05.07	00:43:56.577		0.77899			4
2026.05.07	00:43:56.877		0.77898			4
2026.05.07	00:43:57.177		0.77897			4
2026.05.07	00:43:57.780		0.77898			4
2026.05.07	00:43:58.081		0.77897			4
2026.05.07	00:43:58.841		0.77903			4
2026.05.07	00:43:59.142		0.77905			4
2026.05.07	00:44:00.678	0.77829	0.77906			6
2026.05.07	00:44:02.199		0.77904			4
2026.05.07	00:44:09.012		0.77905			4
2026.05.07	00:44:11.882		0.77904			4
2026.05.07	00:44:13.036		0.77907			4
2026.05.07	00:44:14.341		0.77906			4
2026.05.07	00:44:17.613		0.77907			4
2026.05.07	00:44:20.187		0.77906			4
2026.05.07	00:44:22.278		0.77907			4
2026.05.07	00:44:24.001		0.77908			4
2026.05.07	00:44:24.301		0.77907			4
2026.05.07	00:44:30.662	0.77830				2
2026.05.07	00:44:30.963	0.77829	0.77908			6
2026.05.07	00:44:31.922		0.77907			4
2026.05.07	00:44:32.701	0.77825	0.77896			6
2026.05.07	00:44:33.001	0.77826	0.77884			6
2026.05.07	00:44:33.301	0.77825	0.77885			6
2026.05.07	00:44:33.602	0.77824	0.77886			6
2026.05.07	00:44:33.903	0.77820	0.77890			6
2026.05.07	00:44:34.202	0.77819	0.77891			6
2026.05.07	00:44:34.803	0.77825	0.77885			6
2026.05.07	00:44:35.402	0.77827	0.77883			6
2026.05.07	00:44:36.407	0.77826	0.77884			6
2026.05.07	00:44:37.529	0.77824	0.77886			6
2026.05.07	00:44:37.833	0.77825	0.77885			6
2026.05.07	00:44:38.133	0.77823	0.77887			6
2026.05.07	00:44:38.434	0.77824	0.77886			6
2026.05.07	00:44:38.734	0.77822	0.77888			6
2026.05.07	00:44:39.034	0.77820	0.77890			6
2026.05.07	00:44:39.335	0.77823	0.77887			6
2026.05.07	00:44:39.636	0.77825	0.77885			6
2026.05.07	00:44:39.936	0.77829	0.77881			6
2026.05.07	00:44:40.536	0.77830	0.77880			6
2026.05.07	00:44:41.637	0.77829	0.77881			6
2026.05.07	00:44:44.985	0.77830	0.77880			6
2026.05.07	00:44:45.588	0.77828	0.77882			6
2026.05.07	00:44:45.888	0.77830	0.77880			6
2026.05.07	00:44:46.806	0.77828	0.77882			6
2026.05.07	00:44:53.870	0.77829	0.77881			6
2026.05.07	00:44:54.170	0.77830	0.77880			6
2026.05.07	00:44:55.413	0.77829	0.77881			6
2026.05.07	00:44:58.161	0.77830	0.77880			6
2026.05.07	00:44:58.462	0.77828	0.77882			6
2026.05.07	00:44:59.063	0.77829	0.77881			6
2026.05.07	00:44:59.364	0.77830	0.77880			6
2026.05.07	00:45:00.267	0.77830				2
2026.05.07	00:45:02.742	0.77818	0.77877			6
2026.05.07	00:45:03.042	0.77812	0.77871			6
2026.05.07	00:45:03.342	0.77815	0.77874			6
2026.05.07	00:45:04.542	0.77816	0.77875			6
2026.05.07	00:45:05.143	0.77811	0.77870			6
2026.05.07	00:45:05.743	0.77830	0.77880			6
2026.05.07	00:45:07.009	0.77829	0.77881			6
2026.05.07	00:45:07.481	0.77830				2
2026.05.07	00:45:07.781	0.77829				2
2026.05.07	00:45:08.080	0.77828	0.77882			6
2026.05.07	00:45:08.381	0.77830	0.77880			6
2026.05.07	00:45:08.681	0.77827	0.77883			6
2026.05.07	00:45:08.982	0.77830	0.77880			6
2026.05.07	00:45:09.282	0.77829	0.77881			6
2026.05.07	00:45:10.512	0.77830	0.77880			6
2026.05.07	00:45:12.021	0.77827	0.77883			6
2026.05.07	00:45:12.317	0.77828	0.77882			6
2026.05.07	00:45:12.921	0.77827	0.77883			6
2026.05.07	00:45:13.524	0.77826	0.77884			6
2026.05.07	00:45:16.136	0.77825	0.77885			6
2026.05.07	00:45:20.922	0.77826	0.77884			6
2026.05.07	00:45:21.223	0.77828	0.77882			6
2026.05.07	00:45:21.524	0.77825	0.77885			6
2026.05.07	00:45:22.424	0.77827	0.77883			6
2026.05.07	00:45:25.906	0.77826	0.77884			6
2026.05.07	00:45:26.210	0.77824	0.77886			6
2026.05.07	00:45:26.510	0.77823	0.77887			6
2026.05.07	00:45:26.812	0.77822	0.77888			6
2026.05.07	00:45:27.113	0.77823	0.77887			6
2026.05.07	00:45:27.413	0.77839	0.77885			6
2026.05.07	00:45:27.714	0.77823	0.77887			6
2026.05.07	00:45:28.022	0.77839	0.77886			6
2026.05.07	00:45:28.321	0.77823	0.77887			6
2026.05.07	00:45:28.624	0.77839				2
2026.05.07	00:45:28.925	0.77823				2
2026.05.07	00:45:29.226	0.77839				2
2026.05.07	00:45:29.526	0.77823				2
2026.05.07	00:45:29.832	0.77839				2
2026.05.07	00:45:30.132	0.77823				2
2026.05.07	00:45:30.432	0.77839				2
2026.05.07	00:45:30.733	0.77823				2
2026.05.07	00:45:31.333	0.77824	0.77886			6
2026.05.07	00:45:32.534	0.77817	0.77895			6
2026.05.07	00:45:33.135	0.77818	0.77892			6
2026.05.07	00:45:33.435	0.77817	0.77893			6
2026.05.07	00:45:33.735	0.77818	0.77892			6
2026.05.07	00:45:34.035	0.77817	0.77895			6
2026.05.07	00:45:35.237		0.77893			4
2026.05.07	00:45:37.351		0.77895			4
2026.05.07	00:45:38.652		0.77894			4
2026.05.07	00:45:39.252		0.77895			4
2026.05.07	00:45:42.401		0.77894			4
2026.05.07	00:45:42.703		0.77893			4
2026.05.07	00:45:43.003	0.77818	0.77892			6
2026.05.07	00:45:43.305	0.77817	0.77893			6
2026.05.07	00:45:44.213		0.77894			4
2026.05.07	00:45:44.513	0.77818	0.77892			6
2026.05.07	00:45:45.722	0.77817	0.77893			6
2026.05.07	00:45:51.443	0.77819	0.77891			6
2026.05.07	00:45:51.743	0.77818	0.77892			6
2026.05.07	00:45:52.043	0.77817	0.77893			6
2026.05.07	00:45:55.189	0.77818	0.77892			6
2026.05.07	00:45:55.791	0.77817	0.77893			6
2026.05.07	00:45:56.393		0.77894			4
2026.05.07	00:45:57.382		0.77895			4
2026.05.07	00:45:58.113		0.77894			4
2026.05.07	00:46:00.121	0.77817				2
2026.05.07	00:46:01.914		0.77893			4
2026.05.07	00:46:04.965		0.77895			4
2026.05.07	00:46:05.267		0.77894			4
2026.05.07	00:46:06.982		0.77895			4
2026.05.07	00:46:09.951		0.77894			4
2026.05.07	00:46:10.251		0.77893			4
2026.05.07	00:46:11.613		0.77894			4
2026.05.07	00:46:11.920	0.77818	0.77892			6
2026.05.07	00:46:15.851	0.77819	0.77891			6
2026.05.07	00:46:16.152	0.77818	0.77892			6
2026.05.07	00:46:16.451	0.77817	0.77893			6
2026.05.07	00:46:22.100	0.77820	0.77890			6
2026.05.07	00:46:22.401	0.77818	0.77892			6
2026.05.07	00:46:23.628	0.77817	0.77893			6
2026.05.07	00:46:26.619	0.77818	0.77892			6
2026.05.07	00:46:26.919	0.77822	0.77888			6
2026.05.07	00:46:27.520	0.77821	0.77889			6
2026.05.07	00:46:27.818	0.77822	0.77888			6
2026.05.07	00:46:28.123	0.77821	0.77889			6
2026.05.07	00:46:28.722	0.77822	0.77888			6
2026.05.07	00:46:29.325	0.77823	0.77887			6
2026.05.07	00:46:29.626	0.77821	0.77889			6
2026.05.07	00:46:30.530	0.77822	0.77888			6
2026.05.07	00:46:30.825	0.77821				2
2026.05.07	00:46:31.126		0.77889			4
2026.05.07	00:46:31.429	0.77822	0.77888			6
2026.05.07	00:46:33.052	0.77820	0.77890			6
2026.05.07	00:46:33.352	0.77822	0.77888			6
2026.05.07	00:46:33.653	0.77821	0.77889			6
2026.05.07	00:46:33.953	0.77822	0.77888			6
2026.05.07	00:46:41.532	0.77823	0.77887			6
2026.05.07	00:46:42.133	0.77829	0.77881			6
2026.05.07	00:46:42.433	0.77830	0.77880			6
2026.05.07	00:46:43.280	0.77831	0.77879			6
2026.05.07	00:46:44.735	0.77828	0.77882			6
2026.05.07	00:46:51.611	0.77826	0.77884			6
2026.05.07	00:46:52.820	0.77823	0.77887			6
2026.05.07	00:46:53.123	0.77820	0.77890			6
2026.05.07	00:46:53.423	0.77817	0.77893			6
2026.05.07	00:46:54.925		0.77894			4
2026.05.07	00:46:56.197		0.77895			4
2026.05.07	00:46:56.798	0.77828	0.77882			6
2026.05.07	00:46:57.098	0.77829	0.77881			6
2026.05.07	00:46:57.398	0.77830				2
2026.05.07	00:46:57.697		0.77880			4
2026.05.07	00:47:01.414	0.77830				2
2026.05.07	00:47:01.713	0.77826	0.77884			6
2026.05.07	00:47:02.016	0.77824	0.77886			6
2026.05.07	00:47:02.616		0.77889			4
2026.05.07	00:47:02.921	0.77823	0.77882			6
2026.05.07	00:47:05.626	0.77824	0.77889			6
2026.05.07	00:47:05.926		0.77892			4
2026.05.07	00:47:06.532		0.77894			4
2026.05.07	00:47:07.135		0.77892			4
2026.05.07	00:47:08.336		0.77891			4
2026.05.07	00:47:08.637		0.77894			4
2026.05.07	00:47:08.936		0.77893			4
2026.05.07	00:47:09.237		0.77892			4
2026.05.07	00:47:09.837		0.77891			4
2026.05.07	00:47:10.438		0.77892			4
2026.05.07	00:47:12.685		0.77891			4
2026.05.07	00:47:13.589		0.77890			4
2026.05.07	00:47:13.889		0.77891			4
2026.05.07	00:47:14.190		0.77888			4
2026.05.07	00:47:14.790		0.77890			4
2026.05.07	00:47:15.192		0.77888			4
2026.05.07	00:47:16.094		0.77887			4
2026.05.07	00:47:16.994		0.77889			4
2026.05.07	00:47:17.294		0.77890			4
2026.05.07	00:47:17.594		0.77888			4
2026.05.07	00:47:17.895		0.77891			4
2026.05.07	00:47:18.196		0.77888			4
2026.05.07	00:47:18.496		0.77889			4
2026.05.07	00:47:19.098		0.77888			4
2026.05.07	00:47:19.400		0.77890			4
2026.05.07	00:47:20.550		0.77888			4
2026.05.07	00:47:20.851		0.77889			4
2026.05.07	00:47:21.152		0.77890			4
2026.05.07	00:47:22.378		0.77889			4
2026.05.07	00:47:24.783		0.77890			4
2026.05.07	00:47:25.084		0.77891			4
2026.05.07	00:47:25.684		0.77890			4
2026.05.07	00:47:27.518		0.77889			4
2026.05.07	00:47:28.732		0.77888			4
2026.05.07	00:47:29.633		0.77886			4
2026.05.07	00:47:30.234		0.77887			4
2026.05.07	00:47:30.534		0.77886			4
2026.05.07	00:47:31.135		0.77887			4
2026.05.07	00:47:31.911		0.77886			4
2026.05.07	00:47:33.514		0.77887			4
2026.05.07	00:47:34.661	0.77827	0.77883			6
2026.05.07	00:47:35.260	0.77828	0.77882			6
2026.05.07	00:47:36.512	0.77829	0.77881			6
2026.05.07	00:47:40.154	0.77828	0.77882			6
2026.05.07	00:47:42.413	0.77832	0.77878			6
2026.05.07	00:47:45.711	0.77828	0.77882			6
2026.05.07	00:47:46.013	0.77830	0.77880			6
2026.05.07	00:47:47.427	0.77828	0.77882			6
2026.05.07	00:47:47.733	0.77829	0.77881			6
2026.05.07	00:47:50.434	0.77830	0.77880			6
2026.05.07	00:47:51.529	0.77829	0.77881			6
2026.05.07	00:47:51.833	0.77830	0.77880			6
2026.05.07	00:47:52.133	0.77828	0.77882			6
2026.05.07	00:47:53.914	0.77829	0.77881			6
2026.05.07	00:47:55.934	0.77831	0.77879			6
2026.05.07	00:47:59.677	0.77829	0.77881			6
2026.05.07	00:48:00.277	0.77829				2
2026.05.07	00:48:01.663	0.77830				2
2026.05.07	00:48:01.964		0.77880			4
2026.05.07	00:48:05.842	0.77829	0.77881			6
2026.05.07	00:48:06.512	0.77830				2
2026.05.07	00:48:06.815		0.77880			4
2026.05.07	00:48:08.294	0.77829	0.77881			6
2026.05.07	00:48:08.595	0.77828	0.77882			6
2026.05.07	00:48:09.813	0.77829	0.77881			6
2026.05.07	00:48:16.967	0.77828	0.77882			6
2026.05.07	00:48:17.298	0.77829	0.77881			6
2026.05.07	00:48:17.798	0.77828				2
2026.05.07	00:48:18.098		0.77882			4
2026.05.07	00:48:21.371	0.77827	0.77883			6
2026.05.07	00:48:24.398	0.77829	0.77881			6
2026.05.07	00:48:25.154	0.77828	0.77882			6
2026.05.07	00:48:29.013	0.77827	0.77883			6
2026.05.07	00:48:29.930	0.77829	0.77881			6
2026.05.07	00:48:35.701	0.77827	0.77883			6
2026.05.07	00:48:36.004	0.77828	0.77882			6
2026.05.07	00:48:54.952	0.77829				2
2026.05.07	00:48:55.251		0.77881			4
2026.05.07	00:49:00.234	0.77829				2
2026.05.07	00:49:02.072	0.77828				2
2026.05.07	00:49:02.372		0.77882			4
2026.05.07	00:49:15.944	0.77829	0.77881			6
2026.05.07	00:49:16.244	0.77828	0.77882			6
2026.05.07	00:49:16.663	0.77829	0.77881			6
2026.05.07	00:49:17.412	0.77828				2
2026.05.07	00:49:17.714	0.77829				2
2026.05.07	00:49:18.015	0.77828	0.77882			6
2026.05.07	00:49:22.637	0.77829				2
2026.05.07	00:49:22.936	0.77828				2
2026.05.07	00:49:23.384	0.77829	0.77881			6
2026.05.07	00:49:23.685	0.77828	0.77882			6
2026.05.07	00:49:24.385	0.77829	0.77881			6
2026.05.07	00:49:24.888	0.77828				2
2026.05.07	00:49:25.188	0.77829				2
2026.05.07	00:49:25.493	0.77830	0.77880			6
2026.05.07	00:49:26.095	0.77828	0.77882			6
2026.05.07	00:49:29.932	0.77829	0.77881			6
2026.05.07	00:49:31.436	0.77828	0.77882			6
2026.05.07	00:49:31.736	0.77829	0.77881			6
2026.05.07	00:49:32.036	0.77827	0.77883			6
2026.05.07	00:49:35.945	0.77830	0.77880			6
2026.05.07	00:49:36.245	0.77828	0.77882			6
2026.05.07	00:49:40.714	0.77830	0.77880			6
2026.05.07	00:49:41.015	0.77829	0.77881			6
2026.05.07	00:49:42.012	0.77828	0.77882			6
2026.05.07	00:49:43.011	0.77829				2
2026.05.07	00:49:43.312		0.77881			4
2026.05.07	00:49:43.762	0.77828	0.77882			6
2026.05.07	00:49:47.013	0.77830	0.77880			6
2026.05.07	00:49:48.405	0.77829	0.77881			6
2026.05.07	00:49:48.706	0.77828	0.77882			6
2026.05.07	00:49:49.007	0.77829	0.77881			6
2026.05.07	00:49:49.416	0.77828	0.77882			6
2026.05.07	00:49:50.734	0.77829	0.77881			6
2026.05.07	00:49:51.335	0.77830	0.77880			6
2026.05.07	00:49:51.734	0.77829				2
2026.05.07	00:49:52.034		0.77881			4
2026.05.07	00:50:01.735	0.77829				2
2026.05.07	00:50:02.795	0.77828	0.77882			6
2026.05.07	00:50:03.095	0.77829	0.77881			6
2026.05.07	00:50:05.913	0.77830				2
2026.05.07	00:50:06.216		0.77880			4
2026.05.07	00:50:07.196	0.77828	0.77882			6
2026.05.07	00:50:08.105	0.77829				2
2026.05.07	00:50:08.406		0.77881			4
2026.05.07	00:50:12.192	0.77830	0.77880			6
2026.05.07	00:50:14.402	0.77831	0.77879			6
2026.05.07	00:50:17.259	0.77830	0.77880			6
2026.05.07	00:50:21.213	0.77831	0.77879			6
2026.05.07	00:50:22.413	0.77830	0.77880			6
2026.05.07	00:50:25.956	0.77829	0.77881			6
2026.05.07	00:50:26.257	0.77830	0.77880			6
2026.05.07	00:50:27.193	0.77829	0.77881			6
2026.05.07	00:50:28.461	0.77830	0.77880			6
2026.05.07	00:50:28.762	0.77829	0.77881			6
2026.05.07	00:50:31.972	0.77830	0.77880			6
2026.05.07	00:50:32.272	0.77829	0.77881			6
2026.05.07	00:50:33.480	0.77830	0.77880			6
2026.05.07	00:50:36.008	0.77831	0.77879			6
2026.05.07	00:50:36.814	0.77830	0.77880			6
2026.05.07	00:50:39.213	0.77831				2
2026.05.07	00:50:39.513		0.77879			4
2026.05.07	00:50:50.617	0.77833	0.77877			6
2026.05.07	00:51:00.237	0.77834	0.77876			6
2026.05.07	00:51:14.373	0.77835	0.77875			6
2026.05.07	00:51:17.729	0.77836	0.77874			6
2026.05.07	00:51:30.514	0.77835	0.77875			6
2026.05.07	00:51:32.313	0.77836				2
2026.05.07	00:51:32.617		0.77874			4
2026.05.07	00:52:04.354	0.77836				2
2026.05.07	00:52:21.813	0.77837	0.77873			6
2026.05.07	00:52:25.113	0.77836				2
2026.05.07	00:52:25.414		0.77874			4
2026.05.07	00:52:41.240	0.77833	0.77877			6
2026.05.07	00:52:41.540	0.77834	0.77876			6
2026.05.07	00:52:45.305	0.77837	0.77873			6
2026.05.07	00:52:53.013	0.77838				2
2026.05.07	00:52:53.315		0.77872			4
2026.05.07	00:53:00.215	0.77838				2
2026.05.07	00:53:07.067	0.77837	0.77873			6
2026.05.07	00:53:10.622	0.77835				2
2026.05.07	00:53:10.922		0.77875			4
2026.05.07	00:53:11.223	0.77836	0.77874			6
2026.05.07	00:53:16.491	0.77838	0.77872			6
2026.05.07	00:53:18.214	0.77837				2
2026.05.07	00:53:18.515		0.77873			4
2026.05.07	00:53:20.914	0.77836	0.77874			6
2026.05.07	00:53:40.713	0.77837				2
2026.05.07	00:53:41.014		0.77873			4
2026.05.07	00:53:50.313	0.77836				2
2026.05.07	00:53:50.614		0.77874			4
2026.05.07	00:53:54.217	0.77837	0.77873			6
2026.05.07	00:54:00.140	0.77837				2
2026.05.07	00:54:07.804	0.77836	0.77874			6
2026.05.07	00:54:09.213	0.77837	0.77873			6
2026.05.07	00:54:12.814	0.77838				2
2026.05.07	00:54:13.114		0.77872			4
2026.05.07	00:54:41.313	0.77839	0.77871			6
2026.05.07	00:54:50.978	0.77837	0.77869			6
2026.05.07	00:54:51.277	0.77834				2
2026.05.07	00:54:51.977	0.77837				2
2026.05.07	00:54:52.278	0.77839	0.77878			6
2026.05.07	00:54:58.267	0.77833	0.77884			6
2026.05.07	00:55:00.513	0.77833				2
2026.05.07	00:55:02.913		0.77883			4
2026.05.07	00:55:04.715	0.77834	0.77869			6
2026.05.07	00:55:05.016	0.77833	0.77870			6
2026.05.07	00:55:05.320	0.77835	0.77868			6
2026.05.07	00:55:05.922	0.77836				2
2026.05.07	00:55:06.224	0.77834	0.77869			6
2026.05.07	00:55:06.524	0.77836	0.77867			6
2026.05.07	00:55:06.824	0.77835	0.77869			6
2026.05.07	00:55:07.125		0.77868			4
2026.05.07	00:55:07.425	0.77834	0.77869			6
2026.05.07	00:55:07.727		0.77870			4
2026.05.07	00:55:09.161	0.77829	0.77875			6
2026.05.07	00:55:09.461	0.77834	0.77869			6
2026.05.07	00:55:09.763	0.77836	0.77868			6
2026.05.07	00:55:10.088	0.77834	0.77869			6
2026.05.07	00:55:14.663	0.77833	0.77871			6
2026.05.07	00:55:15.254	0.77836				2
2026.05.07	00:55:17.973	0.77837	0.77870			6
2026.05.07	00:55:18.276	0.77836				2
2026.05.07	00:55:18.577	0.77837	0.77869			6
2026.05.07	00:55:18.878	0.77836	0.77871			6
2026.05.07	00:55:19.180	0.77837	0.77870			6
2026.05.07	00:55:19.483		0.77869			4
2026.05.07	00:55:19.782	0.77836	0.77871			6
2026.05.07	00:55:20.084	0.77837	0.77869			6
2026.05.07	00:55:20.385		0.77873			4
2026.05.07	00:55:20.685	0.77838	0.77872			6
2026.05.07	00:55:21.586	0.77839	0.77871			6
2026.05.07	00:55:21.889	0.77838	0.77872			6
2026.05.07	00:55:22.190	0.77839	0.77871			6
2026.05.07	00:55:30.022	0.77837	0.77873			6
2026.05.07	00:55:30.324	0.77836	0.77871			6
2026.05.07	00:55:30.626	0.77830	0.77870			6
2026.05.07	00:55:30.926	0.77833	0.77867			6
2026.05.07	00:55:31.534	0.77831	0.77869			6
2026.05.07	00:55:31.834	0.77830	0.77870			6
2026.05.07	00:55:32.434	0.77829	0.77871			6
2026.05.07	00:55:34.237	0.77838	0.77875			6
2026.05.07	00:55:55.295	0.77836	0.77877			6
2026.05.07	00:55:55.595	0.77834	0.77879			6
2026.05.07	00:55:55.897	0.77838	0.77876			6
2026.05.07	00:55:56.197	0.77837	0.77877			6
2026.05.07	00:55:56.498		0.77876			4
2026.05.07	00:55:56.798	0.77838				2
2026.05.07	00:55:57.099	0.77837				2
2026.05.07	00:55:57.398	0.77835	0.77878			6
2026.05.07	00:55:57.699	0.77834	0.77880			6
2026.05.07	00:55:57.998	0.77833				2
2026.05.07	00:56:00.107	0.77833				2
2026.05.07	00:56:00.408	0.77838	0.77876			6
2026.05.07	00:56:00.709	0.77839	0.77875			6
2026.05.07	00:56:01.010	0.77837	0.77876			6
2026.05.07	00:56:01.310		0.77877			4
2026.05.07	00:56:01.912	0.77839	0.77875			6
2026.05.07	00:56:02.211	0.77836	0.77877			6
2026.05.07	00:56:02.512	0.77839	0.77875			6
2026.05.07	00:56:02.813		0.77874			4
2026.05.07	00:56:03.113	0.77837	0.77876			6
2026.05.07	00:56:03.413	0.77835	0.77878			6
2026.05.07	00:56:03.714	0.77832	0.77880			6
2026.05.07	00:56:04.014	0.77837	0.77876			6
2026.05.07	00:56:04.314	0.77836	0.77877			6
2026.05.07	00:56:04.616	0.77834	0.77879			6
2026.05.07	00:56:04.918	0.77838	0.77876			6
2026.05.07	00:56:12.136	0.77837				2
2026.05.07	00:56:12.437	0.77838	0.77875			6
2026.05.07	00:56:12.738	0.77839	0.77874			6
2026.05.07	00:56:13.037	0.77838	0.77876			6
2026.05.07	00:56:13.640	0.77840	0.77874			6
2026.05.07	00:56:21.460	0.77839				2
2026.05.07	00:56:22.362	0.77838	0.77875			6
2026.05.07	00:56:22.965	0.77836	0.77877			6
2026.05.07	00:56:23.263	0.77837				2
2026.05.07	00:56:23.566	0.77838	0.77875			6
2026.05.07	00:56:23.864	0.77837	0.77877			6
2026.05.07	00:56:24.165	0.77836	0.77878			6
2026.05.07	00:56:24.465	0.77839	0.77874			6
2026.05.07	00:56:25.066	0.77838	0.77875			6
2026.05.07	00:56:25.366	0.77839	0.77874			6
2026.05.07	00:56:25.667		0.77875			4
2026.05.07	00:56:25.967	0.77838	0.77876			6
2026.05.07	00:56:31.085		0.77875			4
2026.05.07	00:56:31.686	0.77839				2
2026.05.07	00:56:35.292	0.77840	0.77874			6
2026.05.07	00:56:35.594	0.77839	0.77875			6
2026.05.07	00:56:36.196		0.77874			4
2026.05.07	00:56:36.496		0.77875			4
2026.05.07	00:56:36.796		0.77874			4
2026.05.07	00:56:40.102	0.77838	0.77876			6
2026.05.07	00:56:40.402		0.77875			4
2026.05.07	00:56:40.699	0.77839	0.77874			6
2026.05.07	00:56:41.909	0.77838	0.77875			6
2026.05.07	00:56:45.514	0.77841	0.77883			6
2026.05.07	00:56:45.814		0.77882			4
2026.05.07	00:56:46.114	0.77840	0.77883			6
2026.05.07	00:56:46.416	0.77836	0.77874			6
2026.05.07	00:56:49.425	0.77837	0.77873			6
2026.05.07	00:56:50.028	0.77838	0.77872			6
2026.05.07	00:56:51.229	0.77836	0.77874			6
2026.05.07	00:56:51.527	0.77837	0.77873			6
2026.05.07	00:56:51.828	0.77835	0.77875			6
2026.05.07	00:56:54.237	0.77837	0.77873			6
2026.05.07	00:56:54.537	0.77835	0.77875			6
2026.05.07	00:56:54.837	0.77837	0.77873			6
2026.05.07	00:56:55.138	0.77835	0.77875			6
2026.05.07	00:56:55.738	0.77837	0.77873			6
2026.05.07	00:56:56.040	0.77835	0.77875			6
2026.05.07	00:56:56.340	0.77837	0.77873			6
2026.05.07	00:56:56.644	0.77840	0.77880			6
2026.05.07	00:56:57.247	0.77838	0.77882			6
2026.05.07	00:56:57.547	0.77840	0.77880			6
2026.05.07	00:56:57.848	0.77838	0.77882			6
2026.05.07	00:56:59.953	0.77841	0.77876			6
2026.05.07	00:57:00.253	0.77824				2
2026.05.07	00:57:01.154	0.77835	0.77875			6
2026.05.07	00:57:01.454	0.77836	0.77874			6
2026.05.07	00:57:01.755	0.77834	0.77876			6
2026.05.07	00:57:02.369	0.77835	0.77875			6
2026.05.07	00:57:06.280	0.77836	0.77874			6
2026.05.07	00:57:10.498	0.77837	0.77873			6
2026.05.07	00:57:10.799	0.77834	0.77876			6
2026.05.07	00:57:11.400	0.77836	0.77874			6
2026.05.07	00:57:12.001	0.77834	0.77876			6
2026.05.07	00:57:12.607	0.77837	0.77873			6
2026.05.07	00:57:12.904	0.77835	0.77875			6
2026.05.07	00:57:14.714	0.77836	0.77874			6
2026.05.07	00:57:15.014	0.77835	0.77875			6
2026.05.07	00:57:15.619	0.77833	0.77877			6
2026.05.07	00:57:16.226	0.77834	0.77876			6
2026.05.07	00:57:17.125	0.77835	0.77875			6
2026.05.07	00:57:17.428	0.77834	0.77876			6
2026.05.07	00:57:22.246	0.77836	0.77874			6
2026.05.07	00:57:22.545	0.77834	0.77876			6
2026.05.07	00:57:23.447	0.77835	0.77875			6
2026.05.07	00:57:25.866	0.77839	0.77888			6
2026.05.07	00:57:26.167	0.77837	0.77883			6
2026.05.07	00:57:26.468	0.77838	0.77882			6
2026.05.07	00:57:26.769	0.77840	0.77880			6
2026.05.07	00:57:27.068	0.77838	0.77882			6
2026.05.07	00:57:27.370	0.77840	0.77880			6
2026.05.07	00:57:27.971	0.77839	0.77881			6
2026.05.07	00:57:38.505	0.77840	0.77880			6
2026.05.07	00:57:38.807	0.77839	0.77881			6
2026.05.07	00:57:43.626	0.77838	0.77882			6
2026.05.07	00:57:44.226	0.77826	0.77874			6
2026.05.07	00:57:45.732	0.77835	0.77875			6
2026.05.07	00:57:46.032	0.77834	0.77876			6
2026.05.07	00:57:47.836	0.77836	0.77874			6
2026.05.07	00:57:48.738	0.77834	0.77876			6
2026.05.07	00:57:55.654	0.77832	0.77874			6
2026.05.07	00:57:55.953	0.77830	0.77877			6
2026.05.07	00:57:56.256	0.77832	0.77874			6
2026.05.07	00:57:56.558	0.77829	0.77877			6
2026.05.07	00:57:56.860	0.77830				2
2026.05.07	00:57:57.162		0.77876			4
2026.05.07	00:57:57.760	0.77829	0.77877			6
2026.05.07	00:57:58.064	0.77830	0.77876			6
2026.05.07	00:57:58.364		0.77877			4
2026.05.07	00:58:00.171	0.77829				2
2026.05.07	00:58:01.672	0.77841	0.77879			6
2026.05.07	00:58:01.975	0.77840	0.77880			6
2026.05.07	00:58:03.475	0.77839	0.77881			6
2026.05.07	00:58:07.083	0.77838	0.77882			6
2026.05.07	00:58:07.686	0.77839	0.77881			6
2026.05.07	00:58:11.900		0.77884			4
2026.05.07	00:58:12.199		0.77878			4
2026.05.07	00:58:17.612		0.77884			4
2026.05.07	00:58:18.210	0.77841	0.77882			6
2026.05.07	00:58:18.815		0.77883			4
2026.05.07	00:58:20.625		0.77882			4
2026.05.07	00:58:20.925		0.77883			4
2026.05.07	00:58:22.128	0.77840				2
2026.05.07	00:58:27.836		0.77880			4
2026.05.07	00:58:28.438	0.77833	0.77870			6
2026.05.07	00:58:28.737		0.77877			4
2026.05.07	00:58:29.940	0.77834	0.77876			6
2026.05.07	00:58:35.652	0.77835	0.77875			6
2026.05.07	00:58:38.655		0.77885			4
2026.05.07	00:58:40.163	0.77836	0.77884			6
2026.05.07	00:58:43.478		0.77881			4
2026.05.07	00:58:43.778		0.77884			4
2026.05.07	00:58:48.897		0.77877			4
2026.05.07	00:58:58.535	0.77837				2
2026.05.07	00:58:59.137		0.77876			4
2026.05.07	00:59:00.035	0.77837				2
2026.05.07	00:59:07.248	0.77838				2
2026.05.07	00:59:10.550	0.77837				2
2026.05.07	00:59:17.169	0.77838				2
2026.05.07	00:59:18.675		0.77875			4
2026.05.07	00:59:23.784	0.77837	0.77876			6
2026.05.07	00:59:26.798	0.77838	0.77875			6
2026.05.07	00:59:28.299		0.77876			4
2026.05.07	00:59:33.412		0.77875			4
2026.05.07	00:59:39.430	0.77835	0.77878			6
2026.05.07	00:59:41.834		0.77879			4
2026.05.07	00:59:42.135	0.77833	0.77880			6
2026.05.07	00:59:44.838		0.77881			4
2026.05.07	00:59:47.246	0.77832				2
2026.05.07	00:59:47.848	0.77830	0.77883			6
2026.05.07	00:59:48.748	0.77831	0.77882			6
2026.05.07	00:59:49.953	0.77832				2
2026.05.07	00:59:50.251	0.77830	0.77883			6
2026.05.07	00:59:51.154	0.77831	0.77882			6
2026.05.07	00:59:51.452	0.77830	0.77883			6
2026.05.07	00:59:52.053	0.77831				2
2026.05.07	00:59:52.655	0.77830	0.77884			6
2026.05.07	00:59:52.952	0.77828	0.77885			6
2026.05.07	00:59:55.656	0.77837	0.77886			6
2026.05.07	01:00:00.180	0.77847				2
2026.05.07	01:00:00.484	0.77845	0.77888			6
2026.05.07	01:00:00.778	0.77843	0.77889			6
2026.05.07	01:00:01.082	0.77844				2
2026.05.07	01:00:01.383	0.77846	0.77887			6
2026.05.07	01:00:01.682	0.77848	0.77885			6
2026.05.07	01:00:01.980	0.77847	0.77886			6
2026.05.07	01:00:02.280	0.77843	0.77888			6
2026.05.07	01:00:02.580	0.77845	0.77886			6
2026.05.07	01:00:02.885	0.77827	0.77905			6
2026.05.07	01:00:03.182	0.77824	0.77901			6
2026.05.07	01:00:03.482	0.77823	0.77900			6
2026.05.07	01:00:04.083	0.77825				2
2026.05.07	01:00:04.380	0.77827	0.77881			6
2026.05.07	01:00:04.680	0.77824	0.77885			6
2026.05.07	01:00:05.888	0.77833	0.77880			6
2026.05.07	01:00:08.588	0.77832	0.77881			6
2026.05.07	01:00:08.885	0.77833	0.77880			6
2026.05.07	01:00:11.593		0.77879			4
2026.05.07	01:00:12.191	0.77820	0.77880			6
2026.05.07	01:00:13.389		0.77879			4
2026.05.07	01:00:18.793		0.77880			4
2026.05.07	01:00:22.997		0.77881			4
2026.05.07	01:00:24.200	0.77824				2
2026.05.07	01:00:27.505	0.77822				2
2026.05.07	01:00:30.807	0.77830	0.77882			6
2026.05.07	01:00:32.902	0.77824	0.77875			6
2026.05.07	01:00:39.215	0.77826				2
2026.05.07	01:00:41.318	0.77829	0.77876			6
2026.05.07	01:00:43.723	0.77828				2
2026.05.07	01:00:48.834	0.77825				2
2026.05.07	01:00:50.935	0.77821				2
2026.05.07	01:00:53.638		0.77874			4
2026.05.07	01:00:53.938	0.77852	0.77876			6
2026.05.07	01:00:54.538	0.77818				2
2026.05.07	01:00:57.240		0.77877			4
2026.05.07	01:01:00.248	0.77818	0.77876			6
2026.05.07	01:01:00.839		0.77875			4
2026.05.07	01:01:02.943		0.77876			4
2026.05.07	01:01:04.147	0.77828	0.77866			6
2026.05.07	01:01:04.747	0.77830	0.77875			6
2026.05.07	01:01:05.049	0.77829	0.77876			6
2026.05.07	01:01:08.953	0.77836	0.77872			6
2026.05.07	01:01:09.257	0.77839				2
2026.05.07	01:01:20.363		0.77871			4
2026.05.07	01:01:21.565	0.77838				2
2026.05.07	01:01:22.469	0.77840				2
2026.05.07	01:01:30.281	0.77841				2
2026.05.07	01:01:39.889	0.77844				2
2026.05.07	01:01:40.191	0.77841				2
2026.05.07	01:02:00.024	0.77841				2
2026.05.07	01:02:00.621	0.77843				2
2026.05.07	01:02:10.839	0.77850	0.77872			6
2026.05.07	01:02:11.142	0.77852				2
2026.05.07	01:02:12.044	0.77846	0.77871			6
2026.05.07	01:02:12.340	0.77844				2
2026.05.07	01:02:12.944	0.77847				2
2026.05.07	01:02:14.141	0.77852	0.77873			6
2026.05.07	01:02:18.045	0.77854				2
2026.05.07	01:02:18.948	0.77852				2
2026.05.07	01:02:20.447	0.77853				2
2026.05.07	01:02:24.357	0.77855	0.77875			6
2026.05.07	01:02:25.556	0.77857	0.77876			6
2026.05.07	01:02:28.865	0.77858	0.77878			6
2026.05.07	01:02:29.465	0.77859	0.77879			6
2026.05.07	01:02:30.071	0.77858	0.77878			6
2026.05.07	01:02:31.272		0.77877			4
2026.05.07	01:02:51.102	0.77857	0.77876			6
2026.05.07	01:02:51.402	0.77858				2
2026.05.07	01:02:55.005	0.77850	0.77873			6
2026.05.07	01:02:55.906	0.77851	0.77874			6
2026.05.07	01:03:00.116	0.77851				2
2026.05.07	01:03:01.015	0.77849	0.77873			6
2026.05.07	01:03:01.918	0.77847	0.77872			6
2026.05.07	01:03:10.330	0.77848	0.77873			6
2026.05.07	01:03:20.241	0.77849				2
2026.05.07	01:03:40.974	0.77847				2
2026.05.07	01:03:43.371	0.77848				2
2026.05.07	01:04:00.200	0.77848				2
2026.05.07	01:04:10.403		0.77873			4
2026.05.07	01:05:00.018	0.77848				2
2026.05.07	01:05:00.323	0.77849				2
2026.05.07	01:05:10.538		0.77873			4
2026.05.07	01:05:21.655	0.77848	0.77872			6
2026.05.07	01:05:26.768	0.77847				2
2026.05.07	01:05:27.069	0.77846				2
2026.05.07	01:05:30.679	0.77847	0.77871			6
2026.05.07	01:05:31.883	0.77846	0.77872			6
2026.05.07	01:05:39.093	0.77847	0.77871			6
2026.05.07	01:05:39.692	0.77846				2
2026.05.07	01:05:42.699	0.77845				2
2026.05.07	01:05:43.599	0.77846	0.77872			6
2026.05.07	01:05:48.713	0.77847				2
2026.05.07	01:05:51.714	0.77846				2
2026.05.07	01:05:57.728	0.77847				2
2026.05.07	01:06:00.135	0.77847				2
2026.05.07	01:06:00.436	0.77848				2
2026.05.07	01:06:02.537	0.77847				2
2026.05.07	01:06:05.541	0.77848	0.77871			6
2026.05.07	01:06:08.543	0.77847				2
2026.05.07	01:06:10.946	0.77848				2
2026.05.07	01:06:11.544	0.77847				2
2026.05.07	01:06:11.847	0.77848				2
2026.05.07	01:06:17.862	0.77847	0.77872			6
2026.05.07	01:06:19.668		0.77871			4
2026.05.07	01:06:20.268	0.77848				2
2026.05.07	01:06:22.372		0.77872			4
2026.05.07	01:06:24.178	0.77849				2
2026.05.07	01:06:29.585	0.77848				2
2026.05.07	01:06:34.997	0.77849				2
2026.05.07	01:06:35.296		0.77871			4
2026.05.07	01:06:41.000	0.77848				2
2026.05.07	01:06:50.321		0.77870			4
2026.05.07	01:06:53.927	0.77849				2
2026.05.07	01:07:00.246	0.77849				2
2026.05.07	01:07:04.449	0.77850				2
2026.05.07	01:07:14.065	0.77849				2
2026.05.07	01:07:17.371	0.77850				2
2026.05.07	01:07:17.673		0.77871			4
2026.05.07	01:08:00.060	0.77850				2
2026.05.07	01:08:06.970		0.77872			4
2026.05.07	01:08:08.171	0.77849				2
2026.05.07	01:08:17.188	0.77848				2
2026.05.07	01:08:18.992	0.77847				2
2026.05.07	01:08:19.295	0.77848				2
2026.05.07	01:08:20.195	0.77847				2
2026.05.07	01:08:21.099	0.77848				2
2026.05.07	01:08:46.655		0.77871			4
2026.05.07	01:08:48.459		0.77872			4
2026.05.07	01:08:58.086		0.77871			4
2026.05.07	01:09:00.193	0.77848				2
2026.05.07	01:09:05.295		0.77872			4
2026.05.07	01:09:06.496		0.77871			4
2026.05.07	01:09:09.798		0.77870			4
2026.05.07	01:10:00.293	0.77852	0.77871			6
2026.05.07	01:10:00.587	0.77853				2
2026.05.07	01:10:04.498	0.77852				2
2026.05.07	01:10:07.798	0.77851	0.77872			6
2026.05.07	01:10:09.306		0.77873			4
2026.05.07	01:10:12.009	0.77850				2
2026.05.07	01:10:20.428	0.77848	0.77872			6
2026.05.07	01:10:20.733	0.77847	0.77866			6
2026.05.07	01:10:23.129	0.77851				2
2026.05.07	01:10:23.433		0.77867			4
2026.05.07	01:10:24.633		0.77866			4
2026.05.07	01:10:24.935	0.77850				2
2026.05.07	01:10:25.240	0.77849	0.77865			6
2026.05.07	01:10:26.140		0.77866			4
2026.05.07	01:10:30.039	0.77848				2
2026.05.07	01:10:32.156	0.77849				2
2026.05.07	01:10:36.971	0.77850				2
2026.05.07	01:10:52.000	0.77849				2
2026.05.07	01:10:52.301	0.77850				2
2026.05.07	01:10:55.302	0.77849				2
2026.05.07	01:10:55.903	0.77850				2
2026.05.07	01:10:59.213	0.77851	0.77867			6
2026.05.07	01:11:00.118	0.77851				2
2026.05.07	01:11:08.834	0.77850	0.77866			6
2026.05.07	01:11:16.341	0.77849				2
2026.05.07	01:11:23.255	0.77850				2
2026.05.07	01:12:00.225	0.77850				2
2026.05.07	01:12:02.335	0.77852				2
2026.05.07	01:12:05.035	0.77851				2
2026.05.07	01:12:07.137	0.77852				2
2026.05.07	01:12:08.940		0.77866			4
2026.05.07	01:12:25.469	0.77851				2
2026.05.07	01:12:35.685	0.77852				2
2026.05.07	01:12:50.729	0.77853				2
2026.05.07	01:12:51.031	0.77850	0.77864			6
2026.05.07	01:12:54.038	0.77849				2
2026.05.07	01:12:55.243	0.77851				2
2026.05.07	01:12:58.852	0.77850				2
2026.05.07	01:13:00.051	0.77850				2
2026.05.07	01:13:02.454	0.77851				2
2026.05.07	01:13:06.372	0.77850				2
2026.05.07	01:13:26.837	0.77851				2
2026.05.07	01:13:51.185		0.77864			4
2026.05.07	01:13:53.886		0.77865			4
2026.05.07	01:13:57.196	0.77850	0.77864			6
2026.05.07	01:14:00.201	0.77850				2
2026.05.07	01:14:11.928		0.77863			4
2026.05.07	01:14:21.853		0.77864			4
2026.05.07	01:14:34.188		0.77863			4
2026.05.07	01:14:55.250		0.77862			4
2026.05.07	01:14:55.546	0.77845	0.77858			6
2026.05.07	01:14:57.651		0.77859			4
2026.05.07	01:14:58.253	0.77846	0.77858			6
2026.05.07	01:15:00.062	0.77846				2
2026.05.07	01:15:01.863		0.77859			4
2026.05.07	01:15:03.367	0.77845	0.77858			6
2026.05.07	01:15:03.667		0.77859			4
2026.05.07	01:15:16.614		0.77858			4
2026.05.07	01:15:27.138		0.77859			4
2026.05.07	01:15:28.046	0.77849	0.77862			6
2026.05.07	01:15:28.345	0.77848				2
2026.05.07	01:16:00.229	0.77848				2
2026.05.07	01:16:23.676	0.77851	0.77864			6
2026.05.07	01:16:23.981	0.77852	0.77865			6
2026.05.07	01:16:29.088		0.77864			4
2026.05.07	01:16:35.996	0.77853				2
2026.05.07	01:17:00.055	0.77853				2
2026.05.07	01:17:00.655	0.77852				2
2026.05.07	01:17:29.221		0.77864			4
2026.05.07	01:17:32.529		0.77865			4
2026.05.07	01:17:32.822	0.77853				2
2026.05.07	01:17:35.832	0.77852				2
2026.05.07	01:17:37.940	0.77853				2
2026.05.07	01:17:41.552	0.77852				2
2026.05.07	01:17:42.750	0.77851				2
2026.05.07	01:17:46.358	0.77852				2
2026.05.07	01:17:48.464	0.77851				2
2026.05.07	01:18:00.189	0.77853				2
2026.05.07	01:18:00.491	0.77851	0.77859			6
2026.05.07	01:18:00.793	0.77853	0.77865			6
2026.05.07	01:18:01.095	0.77851	0.77859			6
2026.05.07	01:18:01.393	0.77853	0.77865			6
2026.05.07	01:18:01.696	0.77851	0.77859			6
2026.05.07	01:18:01.992	0.77853	0.77865			6
2026.05.07	01:18:02.291	0.77851	0.77859			6
2026.05.07	01:18:02.592	0.77853	0.77865			6
2026.05.07	01:18:02.893	0.77851	0.77859			6
2026.05.07	01:18:03.192	0.77853	0.77865			6
2026.05.07	01:18:03.494	0.77851	0.77859			6
2026.05.07	01:18:03.795		0.77865			4
2026.05.07	01:18:20.633		0.77864			4
2026.05.07	01:18:39.266	0.77849				2
2026.05.07	01:18:39.564	0.77850	0.77863			6
2026.05.07	01:18:47.989	0.77849				2
2026.05.07	01:18:53.107	0.77850				2
2026.05.07	01:19:00.028	0.77850				2
2026.05.07	01:19:28.285		0.77862			4
2026.05.07	01:19:29.487	0.77851				2
2026.05.07	01:19:34.600	0.77847	0.77860			6
2026.05.07	01:19:36.699		0.77861			4
2026.05.07	01:19:53.546	0.77846	0.77860			6
2026.05.07	01:20:00.165	0.77847				2
2026.05.07	01:20:00.763	0.77848				2
2026.05.07	01:20:07.976		0.77861			4
2026.05.07	01:20:31.726	0.77847				2
2026.05.07	01:21:00.288	0.77847				2
2026.05.07	01:21:08.105		0.77861			4
2026.05.07	01:21:09.612	0.77849	0.77863			6
2026.05.07	01:21:30.650	0.77850	0.77862			6
2026.05.07	01:21:36.357	0.77849	0.77863			6
2026.05.07	01:21:43.570	0.77846	0.77861			6
2026.05.07	01:21:44.774	0.77847				2
2026.05.07	01:21:51.096	0.77846				2
2026.05.07	01:21:57.401	0.77847				2
2026.05.07	01:21:57.701	0.77846				2
2026.05.07	01:22:00.113	0.77846				2
2026.05.07	01:22:12.141	0.77849				2
2026.05.07	01:22:13.038		0.77862			4
2026.05.07	01:22:16.342	0.77850				2
2026.05.07	01:22:46.392	0.77849				2
2026.05.07	01:22:48.498		0.77863			4
2026.05.07	01:22:49.703		0.77862			4
2026.05.07	01:22:50.600	0.77850				2
2026.05.07	01:23:00.227	0.77850				2
2026.05.07	01:23:10.145	0.77851				2
2026.05.07	01:23:28.184	0.77850				2
2026.05.07	01:23:49.852		0.77862			4
2026.05.07	01:23:52.560		0.77861			4
2026.05.07	01:24:00.080	0.77850				2
2026.05.07	01:24:09.098	0.77848	0.77860			6
2026.05.07	01:24:11.804		0.77859			4
2026.05.07	01:25:00.199	0.77848				2
2026.05.07	01:25:02.000		0.77860			4
2026.05.07	01:25:04.704		0.77859			4
2026.05.07	01:25:42.886		0.77860			4
2026.05.07	01:26:00.018	0.77848				2
2026.05.07	01:26:10.234	0.77847				2
2026.05.07	01:26:24.676	0.77849				2
2026.05.07	01:26:24.974	0.77850	0.77861			6
2026.05.07	01:26:26.474	0.77851				2
2026.05.07	01:26:32.186	0.77850				2
2026.05.07	01:26:45.733		0.77862			4
2026.05.07	01:26:57.159	0.77851				2
2026.05.07	01:27:00.171	0.77851				2
2026.05.07	01:27:45.854		0.77862			4
2026.05.07	01:28:00.287	0.77851				2
2026.05.07	01:28:27.659		0.77863			4
2026.05.07	01:28:29.755	0.77852				2
2026.05.07	01:28:31.873	0.77853	0.77865			6
2026.05.07	01:28:33.670		0.77866			4
2026.05.07	01:28:42.085	0.77855				2
2026.05.07	01:28:42.688	0.77859	0.77868			6
2026.05.07	01:28:42.993	0.77857				2
2026.05.07	01:28:46.301	0.77858	0.77867			6
2026.05.07	01:28:46.603		0.77868			4
2026.05.07	01:28:46.903	0.77857				2
2026.05.07	01:28:49.009	0.77858				2
2026.05.07	01:28:57.737	0.77859				2
2026.05.07	01:28:58.037	0.77858				2
2026.05.07	01:29:00.138	0.77858				2
2026.05.07	01:29:00.437	0.77856				2
2026.05.07	01:29:12.461	0.77857	0.77869			6
2026.05.07	01:29:15.171	0.77856				2
2026.05.07	01:29:21.787	0.77859	0.77870			6
2026.05.07	01:29:22.086	0.77856	0.77869			6
2026.05.07	01:29:42.234	0.77857				2
2026.05.07	01:29:42.528	0.77856				2
2026.05.07	01:29:55.751	0.77855	0.77867			6
2026.05.07	01:29:57.559	0.77854	0.77866			6
2026.05.07	01:30:00.259	0.77854				2
2026.05.07	01:30:02.357	0.77853				2
2026.05.07	01:30:02.662	0.77858	0.77861			6
2026.05.07	01:30:05.672	0.77853	0.77866			6
2026.05.07	01:30:07.782	0.77855	0.77868			6
2026.05.07	01:30:08.076	0.77856				2
2026.05.07	01:30:16.186		0.77869			4
2026.05.07	01:30:21.591		0.77868			4
2026.05.07	01:30:30.314	0.77854				2
2026.05.07	01:30:31.817		0.77867			4
2026.05.07	01:30:33.022	0.77853	0.77865			6
2026.05.07	01:30:39.333	0.77852				2
2026.05.07	01:31:00.065	0.77852				2
2026.05.07	01:31:33.144		0.77865			4
2026.05.07	01:31:45.771	0.77849	0.77863			6
2026.05.07	01:31:48.476	0.77847	0.77860			6
2026.05.07	01:31:51.179	0.77846	0.77859			6
2026.05.07	01:31:55.697		0.77860			4
2026.05.07	01:32:00.211	0.77846				2
2026.05.07	01:32:55.826		0.77860			4
2026.05.07	01:33:00.039	0.77846				2
2026.05.07	01:33:30.089		0.77861			4
2026.05.07	01:33:34.001		0.77860			4
2026.05.07	01:34:00.147	0.77846				2
2026.05.07	01:34:01.346	0.77845	0.77859			6
2026.05.07	01:34:50.922		0.77860			4
2026.05.07	01:34:52.424		0.77859			4
2026.05.07	01:35:00.245	0.77845				2
2026.05.07	01:35:10.171	0.77844	0.77858			6
2026.05.07	01:35:39.615		0.77859			4
2026.05.07	01:35:46.236		0.77858			4
2026.05.07	01:36:00.058	0.77844				2
2026.05.07	01:36:05.472	0.77846	0.77861			6
2026.05.07	01:36:05.774	0.77852	0.77864			6
2026.05.07	01:36:06.976		0.77865			4
2026.05.07	01:36:08.482	0.77853	0.77861			6
2026.05.07	01:36:09.380		0.77862			4
2026.05.07	01:36:10.581		0.77861			4
2026.05.07	01:36:14.487		0.77862			4
2026.05.07	01:36:15.387	0.77852				2
2026.05.07	01:36:29.512	0.77851				2
2026.05.07	01:36:44.535	0.77849	0.77860			6
2026.05.07	01:36:48.445	0.77848	0.77861			6
2026.05.07	01:36:50.546		0.77860			4
2026.05.07	01:37:00.159	0.77848				2
2026.05.07	01:37:00.758		0.77861			4
2026.05.07	01:37:08.864	0.77849				2
2026.05.07	01:37:40.700		0.77862			4
2026.05.07	01:37:44.918		0.77863			4
2026.05.07	01:37:45.218		0.77862			4
2026.05.07	01:38:00.246	0.77849				2
2026.05.07	01:38:04.452		0.77863			4
2026.05.07	01:38:28.797	0.77848	0.77861			6
2026.05.07	01:38:29.102	0.77847				2
2026.05.07	01:38:33.004		0.77862			4
2026.05.07	01:38:33.600	0.77848				2
2026.05.07	01:38:54.949	0.77849				2
2026.05.07	01:39:00.064	0.77849				2
2026.05.07	01:39:17.497	0.77848				2
2026.05.07	01:39:18.098	0.77849				2
2026.05.07	01:39:24.413	0.77848				2
2026.05.07	01:39:29.224	0.77849				2
2026.05.07	01:39:33.130		0.77862			4
2026.05.07	01:39:50.556	0.77846	0.77860			6
2026.05.07	01:40:00.175	0.77846				2
2026.05.07	01:40:50.717		0.77860			4
2026.05.07	01:40:54.027		0.77859			4
2026.05.07	01:40:56.438	0.77845	0.77857			6
2026.05.07	01:40:57.038		0.77858			4
2026.05.07	01:41:00.042	0.77845				2
2026.05.07	01:41:01.839		0.77860			4
2026.05.07	01:41:03.340		0.77858			4
2026.05.07	01:42:00.176	0.77845				2
2026.05.07	01:42:03.480		0.77858			4
2026.05.07	01:42:14.904	0.77846				2
2026.05.07	01:42:16.401		0.77860			4
2026.05.07	01:42:40.469		0.77859			4
2026.05.07	01:43:00.010	0.77846				2
2026.05.07	01:43:06.317		0.77860			4
2026.05.07	01:43:21.046	0.77845	0.77858			6
2026.05.07	01:44:00.112	0.77845				2
2026.05.07	01:44:21.144		0.77858			4
2026.05.07	01:44:22.344	0.77844	0.77856			6
2026.05.07	01:44:22.643		0.77854			4
2026.05.07	01:44:26.247	0.77842				2
2026.05.07	01:44:30.149	0.77843				2
2026.05.07	01:44:30.454		0.77855			4
2026.05.07	01:44:30.750		0.77854			4
2026.05.07	01:44:32.553	0.77846	0.77858			6
2026.05.07	01:44:42.476		0.77859			4
2026.05.07	01:44:43.974	0.77845	0.77857			6
2026.05.07	01:45:00.204	0.77845				2
2026.05.07	01:45:06.808		0.77858			4
2026.05.07	01:45:07.108	0.77844				2
2026.05.07	01:45:18.009	0.77845				2
2026.05.07	01:45:19.603		0.77859			4
2026.05.07	01:45:21.739		0.77857			4
2026.05.07	01:45:22.040	0.77844				2
2026.05.07	01:45:25.259		0.77858			4
2026.05.07	01:46:01.544	0.77844				2
2026.05.07	01:46:12.458		0.77857			4
2026.05.07	01:47:01.372	0.77844				2
2026.05.07	01:47:21.213		0.77857			4
2026.05.07	01:48:00.534	0.77844				2
2026.05.07	01:48:13.289		0.77858			4
2026.05.07	01:48:27.565	0.77843	0.77855			6
2026.05.07	01:48:40.140	0.77840	0.77853			6
2026.05.07	01:48:45.370	0.77842				2
2026.05.07	01:48:45.669	0.77840				2
2026.05.07	01:48:51.727		0.77852			4
2026.05.07	01:48:59.152		0.77853			4
2026.05.07	01:48:59.452	0.77846	0.77858			6
2026.05.07	01:48:59.753	0.77847	0.77860			6
2026.05.07	01:49:00.053	0.77848	0.77862			6
2026.05.07	01:49:01.228	0.77849	0.77863			6
2026.05.07	01:49:01.527	0.77851	0.77864			6
2026.05.07	01:49:02.840		0.77863			4
2026.05.07	01:49:03.139	0.77850				2
2026.05.07	01:49:08.610		0.77862			4
2026.05.07	01:49:16.945	0.77847	0.77860			6
2026.05.07	01:49:19.360		0.77859			4
2026.05.07	01:49:21.262	0.77848				2
2026.05.07	01:49:22.494	0.77847				2
2026.05.07	01:50:00.263	0.77847				2
2026.05.07	01:50:01.465	0.77846	0.77858			6
2026.05.07	01:51:01.643	0.77846	0.77859			6
2026.05.07	01:51:01.945	0.77849	0.77862			6
2026.05.07	01:51:07.656	0.77847	0.77859			6
2026.05.07	01:51:07.956		0.77858			4
2026.05.07	01:51:14.317		0.77859			4
2026.05.07	01:51:14.617		0.77861			4
2026.05.07	01:51:23.673		0.77860			4
2026.05.07	01:51:27.269	0.77848	0.77861			6
2026.05.07	01:51:30.079	0.77847				2
2026.05.07	01:51:31.731		0.77860			4
2026.05.07	01:51:42.705	0.77852				2
2026.05.07	01:51:43.027	0.77847	0.77856			6
2026.05.07	01:51:43.366	0.77852	0.77860			6
2026.05.07	01:51:43.717	0.77847	0.77856			6
2026.05.07	01:51:44.056	0.77852	0.77860			6
2026.05.07	01:51:44.399	0.77847	0.77856			6
2026.05.07	01:51:44.759	0.77852	0.77860			6
2026.05.07	01:51:45.086	0.77847	0.77856			6
2026.05.07	01:51:45.441	0.77852	0.77860			6
2026.05.07	01:51:45.772	0.77847	0.77856			6
2026.05.07	01:51:46.153	0.77852	0.77860			6
2026.05.07	01:51:46.755	0.77847	0.77856			6
2026.05.07	01:51:47.055		0.77860			4
2026.05.07	01:51:50.998		0.77861			4
2026.05.07	01:51:51.298	0.77848	0.77862			6
2026.05.07	01:52:01.170	0.77848				2
2026.05.07	01:52:09.906	0.77852	0.77864			6
2026.05.07	01:52:10.808		0.77865			4
2026.05.07	01:52:12.474		0.77864			4
2026.05.07	01:52:17.173	0.77853	0.77866			6
2026.05.07	01:52:39.705		0.77867			4
2026.05.07	01:52:40.004	0.77857	0.77868			6
2026.05.07	01:52:41.055		0.77869			4
2026.05.07	01:52:55.375		0.77870			4
2026.05.07	01:53:00.147	0.77857				2
2026.05.07	01:53:02.876	0.77855	0.77867			6
2026.05.07	01:53:29.970	0.77854	0.77866			6
2026.05.07	01:54:07.412	0.77854				2
2026.05.07	01:54:24.870	0.77853	0.77865			6
2026.05.07	01:54:34.967		0.77866			4
2026.05.07	01:54:35.269		0.77865			4
2026.05.07	01:54:38.448		0.77866			4
2026.05.07	01:55:00.213	0.77853				2
2026.05.07	01:55:15.622		0.77865			4
2026.05.07	01:55:16.531		0.77864			4
2026.05.07	01:55:20.115		0.77865			4
2026.05.07	01:55:23.330	0.77852				2
2026.05.07	01:55:59.324	0.77853	0.77866			6
2026.05.07	01:56:00.618	0.77853				2
2026.05.07	01:56:13.089	0.77852				2
2026.05.07	01:56:20.041	0.77856	0.77867			6
2026.05.07	01:56:20.342	0.77852	0.77866			6
2026.05.07	01:57:02.941	0.77852				2
2026.05.07	01:57:07.294	0.77853				2
2026.05.07	01:57:07.595	0.77854				2
2026.05.07	01:57:09.336		0.77867			4
2026.05.07	01:57:46.774	0.77853				2
2026.05.07	01:58:01.341	0.77853				2
2026.05.07	01:58:09.744		0.77867			4
2026.05.07	01:58:36.809		0.77866			4
2026.05.07	01:59:00.349	0.77853				2
2026.05.07	01:59:33.909	0.77851	0.77864			6
2026.05.07	02:00:00.046	0.77851				2
2026.05.07	02:00:00.647	0.77850				2
2026.05.07	02:00:00.947	0.77851				2
2026.05.07	02:00:03.271	0.77852				2
2026.05.07	02:00:04.049		0.77863			4
2026.05.07	02:00:05.880	0.77851				2
2026.05.07	02:00:06.481	0.77854	0.77866			6
2026.05.07	02:00:06.782	0.77853				2
2026.05.07	02:00:09.887	0.77854				2
2026.05.07	02:00:18.515		0.77865			4
2026.05.07	02:00:22.819	0.77853	0.77864			6
2026.05.07	02:00:29.394	0.77854	0.77865			6
2026.05.07	02:00:53.598	0.77855				2
2026.05.07	02:00:54.478		0.77866			4
2026.05.07	02:00:55.714	0.77854	0.77865			6
2026.05.07	02:01:01.208	0.77854				2
2026.05.07	02:01:08.914	0.77852	0.77863			6
2026.05.07	02:01:09.213	0.77851	0.77862			6
2026.05.07	02:01:45.079	0.77852	0.77863			6
2026.05.07	02:01:45.380	0.77851				2
2026.05.07	02:02:01.113	0.77851				2
2026.05.07	02:02:15.071	0.77850	0.77864			6
2026.05.07	02:02:15.372	0.77857	0.77858			6
2026.05.07	02:02:17.778	0.77856	0.77857			6
2026.05.07	02:02:18.379	0.77851	0.77863			6
2026.05.07	02:02:28.030		0.77862			4
2026.05.07	02:02:31.033	0.77848	0.77860			6
2026.05.07	02:02:32.447		0.77859			4
2026.05.07	02:02:33.455	0.77846	0.77856			6
2026.05.07	02:02:34.096	0.77845				2
2026.05.07	02:02:43.509	0.77846	0.77857			6
2026.05.07	02:02:55.317	0.77845	0.77856			6
2026.05.07	02:02:55.620	0.77846	0.77857			6
2026.05.07	02:03:00.146	0.77846				2
2026.05.07	02:03:01.882	0.77849	0.77860			6
2026.05.07	02:03:08.614	0.77848	0.77859			6
2026.05.07	02:03:57.315	0.77847	0.77858			6
2026.05.07	02:04:00.832	0.77847				2
2026.05.07	02:04:09.898	0.77851	0.77862			6
2026.05.07	02:04:18.448	0.77849	0.77860			6
2026.05.07	02:04:22.356	0.77848				2
2026.05.07	02:04:28.460	0.77849				2
2026.05.07	02:04:50.458	0.77848				2
2026.05.07	02:04:55.158		0.77859			4
2026.05.07	02:05:00.094	0.77848				2
2026.05.07	02:05:26.147	0.77849	0.77860			6
2026.05.07	02:05:45.774	0.77850	0.77861			6
2026.05.07	02:05:46.075	0.77849	0.77860			6
2026.05.07	02:05:54.895	0.77850	0.77861			6
2026.05.07	02:05:57.426	0.77849	0.77860			6
2026.05.07	02:06:00.213	0.77849				2
2026.05.07	02:06:01.450	0.77850	0.77861			6
2026.05.07	02:06:05.781	0.77849	0.77860			6
2026.05.07	02:06:06.081	0.77850				2
2026.05.07	02:06:06.474	0.77849				2
2026.05.07	02:06:11.706	0.77848	0.77859			6
2026.05.07	02:06:39.213	0.77849	0.77860			6
2026.05.07	02:06:43.756	0.77848				2
2026.05.07	02:07:03.830	0.77848				2
2026.05.07	02:07:30.614	0.77851	0.77861			6
2026.05.07	02:07:31.363	0.77849				2
2026.05.07	02:07:31.660	0.77850				2
2026.05.07	02:07:32.906	0.77848	0.77859			6
2026.05.07	02:07:34.673	0.77849				2
2026.05.07	02:07:34.976	0.77851	0.77862			6
2026.05.07	02:08:00.147	0.77851				2
2026.05.07	02:08:15.666	0.77849	0.77860			6
2026.05.07	02:08:22.412	0.77848	0.77859			6
2026.05.07	02:08:25.867		0.77858			4
2026.05.07	02:08:29.234	0.77847				2
2026.05.07	02:08:30.410	0.77848				2
2026.05.07	02:08:46.103	0.77845	0.77856			6
2026.05.07	02:08:56.691	0.77846	0.77857			6
2026.05.07	02:09:02.296	0.77847				2
2026.05.07	02:09:03.332	0.77846	0.77856			6
2026.05.07	02:09:15.487	0.77845				2
2026.05.07	02:09:16.321	0.77846				2
2026.05.07	02:09:33.972	0.77850				2
2026.05.07	02:09:35.772	0.77846				2
2026.05.07	02:09:36.072		0.77857			4
2026.05.07	02:09:39.694	0.77848	0.77859			6
2026.05.07	02:09:59.222	0.77849				2
2026.05.07	02:10:00.097	0.77849				2
2026.05.07	02:10:00.397	0.77852	0.77861			6
2026.05.07	02:10:00.697	0.77851				2
2026.05.07	02:10:00.997	0.77850				2
2026.05.07	02:10:01.891		0.77860			4
2026.05.07	02:10:23.520		0.77859			4
2026.05.07	02:11:00.170	0.77850				2
2026.05.07	02:11:00.470		0.77860			4
2026.05.07	02:11:00.770	0.77849				2
2026.05.07	02:11:07.923		0.77859			4
2026.05.07	02:11:13.507	0.77850				2
2026.05.07	02:11:23.053	0.77849				2
2026.05.07	02:11:30.815		0.77860			4
2026.05.07	02:11:34.283	0.77850				2
2026.05.07	02:11:40.771	0.77849				2
2026.05.07	02:11:43.944		0.77861			4
2026.05.07	02:11:49.712	0.77850				2
2026.05.07	02:11:54.522	0.77849				2
2026.05.07	02:12:00.112	0.77849				2
2026.05.07	02:12:00.415	0.77850	0.77860			6
2026.05.07	02:12:02.459	0.77852	0.77861			6
2026.05.07	02:12:03.058		0.77862			4
2026.05.07	02:12:04.114	0.77853				2
2026.05.07	02:12:04.420		0.77861			4
2026.05.07	02:12:09.512	0.77852				2
2026.05.07	02:12:09.812		0.77862			4
2026.05.07	02:12:14.084	0.77854	0.77863			6
2026.05.07	02:12:14.684	0.77853	0.77862			6
2026.05.07	02:12:23.013	0.77854	0.77863			6
2026.05.07	02:12:23.315	0.77853	0.77862			6
2026.05.07	02:12:27.754	0.77852				2
2026.05.07	02:12:32.640	0.77853				2
2026.05.07	02:12:37.882	0.77856	0.77864			6
2026.05.07	02:12:38.182	0.77855	0.77865			6
2026.05.07	02:12:38.782	0.77854				2
2026.05.07	02:12:46.127	0.77855				2
2026.05.07	02:12:50.450	0.77856				2
2026.05.07	02:12:56.178	0.77855				2
2026.05.07	02:12:56.480		0.77866			4
2026.05.07	02:13:00.385	0.77855				2
2026.05.07	02:13:00.685		0.77867			4
2026.05.07	02:13:02.839		0.77866			4
2026.05.07	02:13:04.713	0.77856				2
2026.05.07	02:13:05.013		0.77865			4
2026.05.07	02:13:05.313	0.77853	0.77863			6
2026.05.07	02:13:49.931	0.77855	0.77865			6
2026.05.07	02:14:00.515	0.77855				2
2026.05.07	02:14:00.815		0.77866			4
2026.05.07	02:14:02.694		0.77865			4
2026.05.07	02:14:03.652	0.77856				2
2026.05.07	02:14:08.896	0.77855				2
2026.05.07	02:14:33.664	0.77856				2
2026.05.07	02:14:42.784	0.77855				2
2026.05.07	02:15:00.004	0.77857				2
2026.05.07	02:15:02.483		0.77866			4
2026.05.07	02:15:03.516		0.77865			4
2026.05.07	02:15:10.146	0.77858				2
2026.05.07	02:16:00.002	0.77858				2
2026.05.07	02:16:09.234		0.77865			4
2026.05.07	02:16:16.147		0.77862			4
2026.05.07	02:16:16.748	0.77859	0.77865			6
2026.05.07	02:16:17.349	0.77858	0.77862			6
2026.05.07	02:16:17.649	0.77859	0.77865			6
2026.05.07	02:16:17.950	0.77858				2
2026.05.07	02:16:18.514		0.77866			4
2026.05.07	02:16:30.214		0.77865			4
2026.05.07	02:17:01.672	0.77858				2
2026.05.07	02:17:21.589		0.77866			4
2026.05.07	02:17:25.934		0.77865			4
2026.05.07	02:17:42.727		0.77866			4
2026.05.07	02:17:47.755	0.77860	0.77868			6
2026.05.07	02:17:48.423	0.77859	0.77867			6
2026.05.07	02:17:49.595	0.77858	0.77866			6
2026.05.07	02:18:02.312	0.77858				2
2026.05.07	02:18:06.635	0.77859	0.77868			6
2026.05.07	02:18:16.902	0.77861				2
2026.05.07	02:18:19.786		0.77869			4
2026.05.07	02:18:28.128		0.77870			4
2026.05.07	02:18:47.327	0.77862	0.77871			6
2026.05.07	02:18:47.708		0.77870			4
2026.05.07	02:18:50.577		0.77869			4
2026.05.07	02:19:05.613	0.77862				2
2026.05.07	02:19:10.147	0.77861				2
2026.05.07	02:19:23.214	0.77860				2
2026.05.07	02:19:36.254	0.77861	0.77870			6
2026.05.07	02:19:43.619	0.77862	0.77871			6
2026.05.07	02:19:43.919		0.77870			4
2026.05.07	02:19:47.643	0.77861	0.77869			6
2026.05.07	02:19:51.884	0.77863	0.77871			6
2026.05.07	02:19:52.184	0.77865	0.77874			6
2026.05.07	02:20:01.130	0.77865				2
2026.05.07	02:20:02.970		0.77873			4
2026.05.07	02:20:09.669	0.77866	0.77872			6
2026.05.07	02:20:26.679	0.77867	0.77875			6
2026.05.07	02:20:27.577	0.77869				2
2026.05.07	02:20:37.054	0.77868				2
2026.05.07	02:20:37.355		0.77876			4
2026.05.07	02:21:00.126	0.77868				2
2026.05.07	02:21:10.716	0.77869				2
2026.05.07	02:21:12.429	0.77868	0.77877			6
2026.05.07	02:21:12.729	0.77870	0.77879			6
2026.05.07	02:21:17.145	0.77869	0.77876			6
2026.05.07	02:21:18.441		0.77877			4
2026.05.07	02:21:44.921	0.77872	0.77879			6
2026.05.07	02:21:49.629	0.77870	0.77877			6
2026.05.07	02:22:00.038	0.77870	0.77878			6
2026.05.07	02:22:00.339	0.77871	0.77879			6
2026.05.07	02:22:08.971	0.77872	0.77880			6
2026.05.07	02:22:28.261		0.77878			4
2026.05.07	02:22:28.562	0.77870				2
2026.05.07	02:22:29.345	0.77869				2
2026.05.07	02:22:31.932		0.77877			4
2026.05.07	02:22:44.836		0.77878			4
2026.05.07	02:22:48.813		0.77877			4
2026.05.07	02:22:49.113		0.77878			4
2026.05.07	02:22:52.011		0.77877			4
2026.05.07	02:23:04.569	0.77869				2
2026.05.07	02:23:21.513		0.77878			4
2026.05.07	02:24:01.373	0.77869				2
2026.05.07	02:24:29.207		0.77878			4
2026.05.07	02:24:36.127		0.77877			4
2026.05.07	02:25:10.377	0.77869				2
2026.05.07	02:25:27.214		0.77878			4
2026.05.07	02:25:40.907	0.77871	0.77879			6
