<DATE>	<TIME>	<BID>	<ASK>	<LAST>	<VOLUME>	<FLAGS>
2026.05.11	00:03:30.714	0.77718	0.77941			6
2026.05.11	00:04:03.976	0.77718				2
2026.05.11	00:04:17.031	0.77709				2
2026.05.11	00:04:30.938		0.77941			4
2026.05.11	00:05:00.412	0.77709				2
2026.05.11	00:05:12.032	0.77716	0.77945			6
2026.05.11	00:06:00.563	0.77716				2
2026.05.11	00:06:07.033	0.77723	0.77941			6
2026.05.11	00:06:50.010		0.77924			4
2026.05.11	00:06:53.968	0.77703	0.77918			6
2026.05.11	00:07:05.322	0.77703				2
2026.05.11	00:07:36.888	0.77734	0.77914			6
2026.05.11	00:07:58.003	0.77700	0.77901			6
2026.05.11	00:08:06.507	0.77700				2
2026.05.11	00:08:27.520	0.77665	0.77823			6
2026.05.11	00:08:53.969	0.77640				2
2026.05.11	00:08:58.120	0.77638	0.77822			6
2026.05.11	00:09:03.712	0.77638				2
2026.05.11	00:09:04.135	0.77659				2
2026.05.11	00:09:15.342		0.77826			4
2026.05.11	00:09:15.642		0.77827			4
2026.05.11	00:09:32.679		0.77823			4
2026.05.11	00:09:38.314		0.77827			4
2026.05.11	00:09:41.221		0.77820			4
2026.05.11	00:09:50.924		0.77819			4
2026.05.11	00:10:00.204	0.77659				2
2026.05.11	00:10:17.181		0.77821			4
2026.05.11	00:10:17.685		0.77817			4
2026.05.11	00:11:00.587	0.77659				2
2026.05.11	00:11:06.346		0.77819			4
2026.05.11	00:11:17.985		0.77816			4
2026.05.11	00:11:30.297		0.77815			4
2026.05.11	00:11:32.680		0.77818			4
2026.05.11	00:11:37.251	0.77660				2
2026.05.11	00:11:37.853	0.77661				2
2026.05.11	00:11:43.079	0.77662				2
2026.05.11	00:11:45.698	0.77692	0.77875			6
2026.05.11	00:12:00.631	0.77692				2
2026.05.11	00:12:28.977		0.77873			4
2026.05.11	00:12:31.610		0.77875			4
2026.05.11	00:12:40.400	0.77684	0.77867			6
2026.05.11	00:13:00.170	0.77684				2
2026.05.11	00:13:35.580	0.77689	0.77863			6
2026.05.11	00:14:00.125	0.77689				2
2026.05.11	00:14:35.880		0.77863			4
2026.05.11	00:15:00.197	0.77689				2
2026.05.11	00:15:04.153	0.77701	0.77876			6
2026.05.11	00:15:59.152	0.77705	0.77879			6
2026.05.11	00:16:02.750	0.77705				2
2026.05.11	00:16:54.154	0.77704				2
2026.05.11	00:17:04.379	0.77704	0.77879			6
2026.05.11	00:17:49.154	0.77706	0.77881			6
2026.05.11	00:18:02.879	0.77706				2
2026.05.11	00:18:53.579		0.77881			4
2026.05.11	00:19:00.185	0.77706				2
2026.05.11	00:19:55.680		0.77881			4
2026.05.11	00:20:00.780	0.77706				2
2026.05.11	00:20:56.879		0.77881			4
2026.05.11	00:21:01.680	0.77706				2
2026.05.11	00:21:29.279	0.77705	0.77879			6
2026.05.11	00:22:00.185	0.77705				2
2026.05.11	00:22:24.160	0.77710	0.77884			6
2026.05.11	00:23:01.379	0.77710				2
2026.05.11	00:23:19.161	0.77715	0.77890			6
2026.05.11	00:24:00.779	0.77715				2
2026.05.11	00:24:14.162	0.77718	0.77893			6
2026.05.11	00:24:42.571	0.77734	0.77908			6
2026.05.11	00:25:00.479	0.77734				2
2026.05.11	00:25:01.637	0.77718	0.77893			6
2026.05.11	00:25:56.391	0.77713	0.77888			6
2026.05.11	00:26:03.099	0.77713				2
2026.05.11	00:26:57.479		0.77888			4
2026.05.11	00:27:00.780	0.77713				2
2026.05.11	00:27:27.960	0.77696	0.77871			6
2026.05.11	00:28:01.079	0.77696				2
2026.05.11	00:28:22.961	0.77685	0.77860			6
2026.05.11	00:29:00.198	0.77685				2
2026.05.11	00:29:18.187	0.77681	0.77856			6
2026.05.11	00:29:50.531	0.77668	0.77842			6
2026.05.11	00:30:00.084	0.77669				2
2026.05.11	00:30:09.780	0.77668				2
2026.05.11	00:30:13.443	0.77670				2
2026.05.11	00:30:21.780	0.77669				2
2026.05.11	00:30:26.100	0.77668				2
2026.05.11	00:30:45.227	0.77669	0.77844			6
2026.05.11	00:30:47.684	0.77673				2
2026.05.11	00:30:48.780	0.77672				2
2026.05.11	00:30:51.780	0.77673				2
2026.05.11	00:30:58.379	0.77672				2
2026.05.11	00:30:58.981	0.77669				2
2026.05.11	00:31:06.142	0.77669				2
2026.05.11	00:31:40.228	0.77673	0.77847			6
2026.05.11	00:32:00.180	0.77673				2
2026.05.11	00:32:35.449	0.77680	0.77855			6
2026.05.11	00:32:56.323		0.77849			4
2026.05.11	00:32:58.380	0.77664	0.77833			6
2026.05.11	00:33:00.180	0.77664				2
2026.05.11	00:33:06.086	0.77662				2
2026.05.11	00:33:09.196	0.77664				2
2026.05.11	00:33:09.496	0.77659				2
2026.05.11	00:33:25.981	0.77651	0.77819			6
2026.05.11	00:33:28.156	0.77666	0.77841			6
2026.05.11	00:33:43.733	0.77673				2
2026.05.11	00:33:49.269	0.77680	0.77860			6
2026.05.11	00:33:52.892	0.77673	0.77840			6
2026.05.11	00:33:56.209	0.77669				2
2026.05.11	00:33:56.511	0.77671				2
2026.05.11	00:34:00.781	0.77671				2
2026.05.11	00:34:07.873	0.77672				2
2026.05.11	00:34:09.698	0.77675	0.77853			6
2026.05.11	00:34:35.880	0.77693				2
2026.05.11	00:34:41.580	0.77675				2
2026.05.11	00:34:42.185	0.77665	0.77840			6
2026.05.11	00:35:00.180	0.77665				2
2026.05.11	00:35:37.381	0.77667	0.77842			6
2026.05.11	00:36:00.480	0.77667				2
2026.05.11	00:36:32.134	0.77672	0.77847			6
2026.05.11	00:37:00.948	0.77672				2
2026.05.11	00:37:27.134	0.77665	0.77840			6
2026.05.11	00:38:00.126	0.77665				2
2026.05.11	00:38:22.380	0.77658	0.77833			6
2026.05.11	00:39:00.780	0.77658				2
2026.05.11	00:39:17.137	0.77663	0.77838			6
2026.05.11	00:40:00.185	0.77663				2
2026.05.11	00:40:20.881		0.77838			4
2026.05.11	00:40:29.755	0.77654	0.77825			6
2026.05.11	00:40:40.298	0.77655				2
2026.05.11	00:41:00.300	0.77655				2
2026.05.11	00:41:16.937	0.77653				2
2026.05.11	00:41:30.397		0.77825			4
2026.05.11	00:41:56.602		0.77810			4
2026.05.11	00:41:56.902	0.77654				2
2026.05.11	00:42:00.116	0.77654				2
2026.05.11	00:42:16.669	0.77652				2
2026.05.11	00:42:29.580	0.77653				2
2026.05.11	00:42:56.825		0.77810			4
2026.05.11	00:43:00.381	0.77653				2
2026.05.11	00:43:16.671	0.77649				2
2026.05.11	00:43:24.480	0.77650				2
2026.05.11	00:43:46.881		0.77809			4
2026.05.11	00:43:54.239		0.77793			4
2026.05.11	00:43:54.539	0.77652	0.77809			6
2026.05.11	00:44:02.580	0.77652				2
2026.05.11	00:44:16.675	0.77651				2
2026.05.11	00:44:17.275	0.77649				2
2026.05.11	00:44:49.243		0.77803			4
2026.05.11	00:45:01.979	0.77649				2
2026.05.11	00:45:02.624	0.77699	0.77904			6
2026.05.11	00:45:05.630	0.77649	0.77803			6
2026.05.11	00:45:44.244		0.77809			4
2026.05.11	00:46:00.770	0.77649				2
2026.05.11	00:46:39.245		0.77819			4
2026.05.11	00:47:00.349	0.77649				2
2026.05.11	00:47:02.850	0.77703	0.77852			6
2026.05.11	00:47:03.151	0.77691	0.77853			6
2026.05.11	00:47:03.452	0.77704				2
2026.05.11	00:47:04.052		0.77844			4
2026.05.11	00:47:05.254	0.77644	0.77819			6
2026.05.11	00:47:35.212	0.77649				2
2026.05.11	00:47:36.909	0.77648				2
2026.05.11	00:47:42.214	0.77644				2
2026.05.11	00:47:42.813	0.77654				2
2026.05.11	00:48:00.457	0.77654				2
2026.05.11	00:48:03.366	0.77656				2
2026.05.11	00:48:03.666	0.77657				2
2026.05.11	00:48:03.968	0.77654				2
2026.05.11	00:48:05.173	0.77657				2
2026.05.11	00:48:05.474	0.77654	0.77819			6
2026.05.11	00:48:06.819	0.77657				2
2026.05.11	00:48:07.120	0.77655				2
2026.05.11	00:48:09.995	0.77682	0.77834			6
2026.05.11	00:48:28.379	0.77684				2
2026.05.11	00:48:38.548	0.77699				2
2026.05.11	00:48:44.168	0.77700				2
2026.05.11	00:48:44.771	0.77699				2
2026.05.11	00:48:46.683	0.77701				2
2026.05.11	00:48:47.310	0.77660	0.77820			6
2026.05.11	00:48:48.872	0.77665				2
2026.05.11	00:48:49.171	0.77667				2
2026.05.11	00:48:49.481	0.77668				2
2026.05.11	00:48:49.782	0.77667				2
2026.05.11	00:48:51.369	0.77674				2
2026.05.11	00:48:51.670	0.77667				2
2026.05.11	00:48:52.620	0.77673				2
2026.05.11	00:48:52.921	0.77667				2
2026.05.11	00:48:54.471	0.77668				2
2026.05.11	00:48:54.771	0.77667				2
2026.05.11	00:48:56.644	0.77670				2
2026.05.11	00:48:56.944	0.77661				2
2026.05.11	00:48:58.193	0.77664				2
2026.05.11	00:48:58.492	0.77661				2
2026.05.11	00:48:59.494	0.77663				2
2026.05.11	00:49:06.480	0.77662				2
2026.05.11	00:49:13.326	0.77663				2
2026.05.11	00:49:14.233	0.77662				2
2026.05.11	00:49:15.179	0.77663				2
2026.05.11	00:49:18.616	0.77665				2
2026.05.11	00:49:18.918	0.77663				2
2026.05.11	00:49:19.518	0.77664				2
2026.05.11	00:49:19.818	0.77663				2
2026.05.11	00:49:20.118	0.77664				2
2026.05.11	00:49:20.666	0.77668				2
2026.05.11	00:49:22.054	0.77663				2
2026.05.11	00:49:23.073	0.77665				2
2026.05.11	00:49:23.372	0.77663				2
2026.05.11	00:49:24.890	0.77664				2
2026.05.11	00:49:25.491	0.77663				2
2026.05.11	00:49:25.791	0.77666				2
2026.05.11	00:49:26.258	0.77662				2
2026.05.11	00:49:26.558	0.77663				2
2026.05.11	00:49:28.261	0.77668				2
2026.05.11	00:49:28.562	0.77662				2
2026.05.11	00:49:29.495	0.77664				2
2026.05.11	00:49:31.267	0.77663				2
2026.05.11	00:49:31.568	0.77666				2
2026.05.11	00:49:32.168	0.77662				2
2026.05.11	00:49:32.623	0.77663				2
2026.05.11	00:49:32.924	0.77662				2
2026.05.11	00:49:33.644	0.77664				2
2026.05.11	00:49:33.943	0.77663				2
2026.05.11	00:49:34.417	0.77670				2
2026.05.11	00:49:34.720	0.77662				2
2026.05.11	00:49:36.320	0.77663				2
2026.05.11	00:49:36.622	0.77662				2
2026.05.11	00:49:39.074	0.77664				2
2026.05.11	00:49:39.374	0.77662				2
2026.05.11	00:49:40.202	0.77667				2
2026.05.11	00:49:42.316	0.77668				2
2026.05.11	00:49:42.992	0.77670				2
2026.05.11	00:49:43.295	0.77668				2
2026.05.11	00:49:44.323	0.77667				2
2026.05.11	00:49:44.626	0.77672				2
2026.05.11	00:49:44.930	0.77669				2
2026.05.11	00:49:45.231	0.77668				2
2026.05.11	00:49:45.865	0.77667				2
2026.05.11	00:49:46.164	0.77668				2
2026.05.11	00:49:46.765	0.77669				2
2026.05.11	00:49:47.065	0.77668				2
2026.05.11	00:49:47.615	0.77669	0.77820			6
2026.05.11	00:49:49.113	0.77668				2
2026.05.11	00:49:50.363	0.77667				2
2026.05.11	00:49:50.963	0.77669				2
2026.05.11	00:49:51.263	0.77667				2
2026.05.11	00:49:51.917	0.77668				2
2026.05.11	00:49:52.617	0.77667				2
2026.05.11	00:49:52.921	0.77668				2
2026.05.11	00:49:53.222	0.77667				2
2026.05.11	00:49:53.522	0.77668				2
2026.05.11	00:49:53.824	0.77672				2
2026.05.11	00:49:54.126	0.77671				2
2026.05.11	00:49:54.428	0.77668				2
2026.05.11	00:49:57.954	0.77667				2
2026.05.11	00:49:58.255	0.77671				2
2026.05.11	00:49:58.742	0.77667				2
2026.05.11	00:49:59.042	0.77666				2
2026.05.11	00:49:59.644	0.77668				2
2026.05.11	00:50:00.822	0.77668				2
2026.05.11	00:50:01.122	0.77667				2
2026.05.11	00:50:01.422	0.77668				2
2026.05.11	00:50:02.605	0.77673				2
2026.05.11	00:50:02.905	0.77667				2
2026.05.11	00:50:03.356	0.77668				2
2026.05.11	00:50:04.507	0.77672				2
2026.05.11	00:50:04.809	0.77667				2
2026.05.11	00:50:05.458	0.77672				2
2026.05.11	00:50:05.757	0.77667				2
2026.05.11	00:50:06.058	0.77673				2
2026.05.11	00:50:09.481	0.77669				2
2026.05.11	00:50:09.785	0.77668				2
2026.05.11	00:50:10.387	0.77669				2
2026.05.11	00:50:10.688	0.77672				2
2026.05.11	00:50:11.293	0.77669				2
2026.05.11	00:50:11.594	0.77668				2
2026.05.11	00:50:11.894	0.77667				2
2026.05.11	00:50:12.194	0.77668				2
2026.05.11	00:50:12.934	0.77667				2
2026.05.11	00:50:13.633	0.77673				2
2026.05.11	00:50:13.936	0.77667				2
2026.05.11	00:50:14.488	0.77669				2
2026.05.11	00:50:15.897	0.77670				2
2026.05.11	00:50:16.202	0.77668				2
2026.05.11	00:50:16.646	0.77674				2
2026.05.11	00:50:16.946	0.77669				2
2026.05.11	00:50:17.246	0.77668				2
2026.05.11	00:50:20.002	0.77669				2
2026.05.11	00:50:20.305	0.77676	0.77796			6
2026.05.11	00:50:52.960	0.77678				2
2026.05.11	00:50:53.262	0.77676				2
2026.05.11	00:50:58.481	0.77677				2
2026.05.11	00:50:58.783	0.77676				2
2026.05.11	00:51:00.289	0.77676				2
2026.05.11	00:51:08.548	0.77678				2
2026.05.11	00:51:08.848	0.77676				2
2026.05.11	00:51:09.810	0.77678				2
2026.05.11	00:51:10.113	0.77676				2
2026.05.11	00:51:15.224		0.77795			4
2026.05.11	00:51:24.187	0.77677				2
2026.05.11	00:51:24.489	0.77676				2
2026.05.11	00:51:27.906	0.77677				2
2026.05.11	00:51:28.513	0.77676				2
2026.05.11	00:51:30.369	0.77677				2
2026.05.11	00:51:30.669	0.77676				2
2026.05.11	00:51:31.590	0.77678				2
2026.05.11	00:51:31.891	0.77676				2
2026.05.11	00:51:42.755	0.77677				2
2026.05.11	00:51:43.055	0.77676				2
2026.05.11	00:51:43.709	0.77677				2
2026.05.11	00:51:44.010	0.77676				2
2026.05.11	00:51:44.310	0.77677				2
2026.05.11	00:51:44.613	0.77676				2
2026.05.11	00:51:44.915	0.77677				2
2026.05.11	00:51:45.519	0.77676				2
2026.05.11	00:51:45.821	0.77677				2
2026.05.11	00:51:46.155	0.77679				2
2026.05.11	00:51:46.455	0.77676				2
2026.05.11	00:51:47.056	0.77677				2
2026.05.11	00:51:47.357	0.77676				2
2026.05.11	00:51:54.671	0.77677				2
2026.05.11	00:51:54.976	0.77676				2
2026.05.11	00:51:58.589	0.77677				2
2026.05.11	00:51:58.892	0.77676				2
2026.05.11	00:52:00.098	0.77676				2
2026.05.11	00:52:10.444	0.77673				2
2026.05.11	00:52:16.980		0.77795			4
2026.05.11	00:53:00.124	0.77673				2
2026.05.11	00:53:05.192		0.77794			4
2026.05.11	00:53:37.440	0.77666	0.77811			6
2026.05.11	00:53:37.741	0.77669				2
2026.05.11	00:53:38.164	0.77667				2
2026.05.11	00:53:41.462	0.77670				2
2026.05.11	00:53:46.636	0.77672				2
2026.05.11	00:53:46.942	0.77670				2
2026.05.11	00:53:49.560	0.77666				2
2026.05.11	00:53:49.860	0.77673	0.77813			6
2026.05.11	00:53:50.384	0.77674				2
2026.05.11	00:53:55.179	0.77675				2
2026.05.11	00:53:55.479	0.77674				2
2026.05.11	00:53:55.782	0.77675				2
2026.05.11	00:53:56.384	0.77674				2
2026.05.11	00:53:57.005	0.77675				2
2026.05.11	00:54:02.280	0.77675				2
2026.05.11	00:54:02.580	0.77673				2
2026.05.11	00:54:04.820	0.77677				2
2026.05.11	00:54:05.122	0.77671				2
2026.05.11	00:54:07.823	0.77669				2
2026.05.11	00:54:08.123	0.77671				2
2026.05.11	00:54:09.822	0.77672				2
2026.05.11	00:54:10.728	0.77670				2
2026.05.11	00:54:11.879	0.77671				2
2026.05.11	00:54:16.449	0.77668	0.77811			6
2026.05.11	00:54:16.749	0.77665				2
2026.05.11	00:54:17.350	0.77668				2
2026.05.11	00:54:18.070	0.77674				2
2026.05.11	00:54:18.371	0.77667				2
2026.05.11	00:54:20.127	0.77668				2
2026.05.11	00:54:20.428	0.77667				2
2026.05.11	00:54:20.732	0.77666	0.77808			6
2026.05.11	00:54:21.032	0.77662				2
2026.05.11	00:54:21.333	0.77666				2
2026.05.11	00:54:21.634	0.77665				2
2026.05.11	00:54:21.937	0.77666				2
2026.05.11	00:54:22.804	0.77665				2
2026.05.11	00:54:23.383	0.77667				2
2026.05.11	00:54:23.687	0.77666				2
2026.05.11	00:54:26.171	0.77663	0.77805			6
2026.05.11	00:54:26.472	0.77665				2
2026.05.11	00:54:28.274	0.77663				2
2026.05.11	00:54:31.745	0.77662				2
2026.05.11	00:54:32.046	0.77660				2
2026.05.11	00:54:45.854	0.77663	0.77836			6
2026.05.11	00:54:46.154	0.77662				2
2026.05.11	00:54:46.456	0.77664				2
2026.05.11	00:54:47.320	0.77668				2
2026.05.11	00:54:47.621	0.77671				2
2026.05.11	00:54:48.222	0.77668				2
2026.05.11	00:54:49.401	0.77667				2
2026.05.11	00:54:50.603	0.77660	0.77820			6
2026.05.11	00:54:51.856	0.77669				2
2026.05.11	00:54:52.156	0.77668	0.77838			6
2026.05.11	00:54:53.043	0.77665				2
2026.05.11	00:54:53.644	0.77670				2
2026.05.11	00:54:53.944	0.77664				2
2026.05.11	00:54:55.490	0.77670				2
2026.05.11	00:54:55.793	0.77665				2
2026.05.11	00:54:57.290	0.77671				2
2026.05.11	00:54:57.892	0.77673				2
2026.05.11	00:54:58.824	0.77678				2
2026.05.11	00:54:59.124	0.77665				2
2026.05.11	00:54:59.425	0.77671				2
2026.05.11	00:54:59.726	0.77670				2
2026.05.11	00:55:00.026	0.77671				2
2026.05.11	00:55:00.328	0.77670				2
2026.05.11	00:55:00.627	0.77665				2
2026.05.11	00:55:01.488	0.77664				2
2026.05.11	00:55:01.788	0.77663				2
2026.05.11	00:55:09.043	0.77637	0.77943			6
2026.05.11	00:55:09.345	0.77663	0.77838			6
2026.05.11	00:55:15.955	0.77660	0.77821			6
2026.05.11	00:56:00.170	0.77660				2
2026.05.11	00:56:16.136		0.77821			4
2026.05.11	00:56:26.956	0.77653	0.77827			6
2026.05.11	00:56:27.556	0.77651				2
2026.05.11	00:56:29.057	0.77653				2
2026.05.11	00:56:29.659	0.77654				2
2026.05.11	00:56:36.269	0.77655				2
2026.05.11	00:56:40.486	0.77653				2
2026.05.11	00:56:43.494	0.77657				2
2026.05.11	00:56:50.419	0.77660				2
2026.05.11	00:56:55.536	0.77653				2
2026.05.11	00:56:58.545	0.77656				2
2026.05.11	00:56:59.747	0.77657				2
2026.05.11	00:57:00.048	0.77657				2
2026.05.11	00:57:02.749	0.77656				2
2026.05.11	00:57:04.855	0.77655				2
2026.05.11	00:57:17.182	0.77656				2
2026.05.11	00:57:18.690	0.77655				2
2026.05.11	00:57:22.006		0.77826			4
2026.05.11	00:57:22.607	0.77652				2
2026.05.11	00:57:23.819	0.77651				2
2026.05.11	00:57:25.020	0.77652				2
2026.05.11	00:57:28.939	0.77649				2
2026.05.11	00:57:31.043	0.77645				2
2026.05.11	00:57:31.646	0.77647				2
2026.05.11	00:57:35.850	0.77646				2
2026.05.11	00:57:36.455	0.77648				2
2026.05.11	00:57:42.763	0.77647				2
2026.05.11	00:57:44.263	0.77646				2
2026.05.11	00:57:45.467	0.77647				2
2026.05.11	00:57:47.880	0.77646				2
2026.05.11	00:57:48.785	0.77647				2
2026.05.11	00:57:51.497	0.77646				2
2026.05.11	00:57:56.616	0.77645				2
2026.05.11	00:58:00.228	0.77645				2
2026.05.11	00:58:00.526	0.77644				2
2026.05.11	00:58:00.828	0.77645				2
2026.05.11	00:58:01.128	0.77648				2
2026.05.11	00:58:01.429	0.77649				2
2026.05.11	00:58:03.230	0.77648				2
2026.05.11	00:58:05.341	0.77649				2
2026.05.11	00:58:07.447	0.77648				2
2026.05.11	00:58:08.344	0.77647				2
2026.05.11	00:58:08.644	0.77646				2
2026.05.11	00:58:09.248	0.77645				2
2026.05.11	00:58:10.152	0.77644				2
2026.05.11	00:58:11.052	0.77643				2
2026.05.11	00:58:11.354	0.77642				2
2026.05.11	00:58:12.856	0.77644				2
2026.05.11	00:58:17.066	0.77645	0.77825			6
2026.05.11	00:59:00.076	0.77645				2
2026.05.11	00:59:12.110	0.77642	0.77828			6
2026.05.11	01:00:00.236	0.77670				2
2026.05.11	01:00:02.339		0.77823			4
2026.05.11	01:00:02.938	0.77714	0.77839			6
2026.05.11	01:00:03.840	0.77719	0.77844			6
2026.05.11	01:00:04.435	0.77703	0.77858			6
2026.05.11	01:00:05.338	0.77690	0.77845			6
2026.05.11	01:00:05.639	0.77670	0.77823			6
2026.05.11	01:00:05.938		0.77826			4
2026.05.11	01:00:06.539		0.77830			4
2026.05.11	01:00:07.738		0.77826			4
2026.05.11	01:00:11.645	0.77677				2
2026.05.11	01:00:11.942	0.77673				2
2026.05.11	01:00:12.246	0.77674				2
2026.05.11	01:00:12.846	0.77679				2
2026.05.11	01:00:13.148	0.77675				2
2026.05.11	01:00:14.944	0.77676				2
2026.05.11	01:00:19.453	0.77680				2
2026.05.11	01:00:20.051	0.77679				2
2026.05.11	01:00:20.349	0.77680				2
2026.05.11	01:00:21.851	0.77681				2
2026.05.11	01:00:22.150	0.77665				2
2026.05.11	01:00:22.455	0.77684				2
2026.05.11	01:00:25.754	0.77685				2
2026.05.11	01:00:27.861	0.77688				2
2026.05.11	01:00:28.456	0.77690				2
2026.05.11	01:00:30.256	0.77683				2
2026.05.11	01:00:31.159	0.77684				2
2026.05.11	01:00:31.457	0.77685				2
2026.05.11	01:00:32.359	0.77686				2
2026.05.11	01:00:34.162	0.77684				2
2026.05.11	01:00:34.464	0.77685				2
2026.05.11	01:00:37.160	0.77686				2
2026.05.11	01:00:37.763	0.77685				2
2026.05.11	01:00:40.466	0.77686				2
2026.05.11	01:00:41.366	0.77685				2
2026.05.11	01:00:45.267	0.77686				2
2026.05.11	01:00:46.472	0.77685				2
2026.05.11	01:00:47.369	0.77684				2
2026.05.11	01:00:48.274	0.77683				2
2026.05.11	01:00:48.572	0.77688				2
2026.05.11	01:00:48.872	0.77687				2
2026.05.11	01:00:49.476	0.77686				2
2026.05.11	01:00:49.773	0.77688				2
2026.05.11	01:00:50.075	0.77687				2
2026.05.11	01:00:50.374	0.77688				2
2026.05.11	01:00:50.675	0.77683				2
2026.05.11	01:00:51.577	0.77689				2
2026.05.11	01:00:51.878	0.77692				2
2026.05.11	01:00:52.483	0.77697				2
2026.05.11	01:00:53.381	0.77691				2
2026.05.11	01:00:53.682	0.77687				2
2026.05.11	01:00:55.189	0.77702				2
2026.05.11	01:00:55.489	0.77699				2
2026.05.11	01:00:55.785	0.77703				2
2026.05.11	01:00:56.089	0.77700				2
2026.05.11	01:00:56.387	0.77706				2
2026.05.11	01:00:56.686	0.77705				2
2026.05.11	01:00:57.286	0.77707				2
2026.05.11	01:00:58.189	0.77711	0.77833			6
2026.05.11	01:00:58.487	0.77709				2
2026.05.11	01:00:59.088	0.77710				2
2026.05.11	01:00:59.388	0.77707				2
2026.05.11	01:00:59.693	0.77708				2
2026.05.11	01:01:00.292	0.77708				2
2026.05.11	01:01:00.592	0.77707				2
2026.05.11	01:01:02.396	0.77710	0.77821			6
2026.05.11	01:01:04.798	0.77714				2
2026.05.11	01:01:05.098	0.77715				2
2026.05.11	01:01:05.699	0.77714				2
2026.05.11	01:01:07.503	0.77715				2
2026.05.11	01:01:08.107	0.77714				2
2026.05.11	01:01:09.911	0.77715				2
2026.05.11	01:01:11.105	0.77713				2
2026.05.11	01:01:16.517	0.77714				2
2026.05.11	01:01:17.114	0.77715				2
2026.05.11	01:01:17.420	0.77717				2
2026.05.11	01:01:18.017	0.77718				2
2026.05.11	01:01:21.320	0.77719				2
2026.05.11	01:01:21.621	0.77718				2
2026.05.11	01:01:22.822	0.77721				2
2026.05.11	01:01:24.620	0.77718				2
2026.05.11	01:01:26.423	0.77689				2
2026.05.11	01:01:27.026	0.77705				2
2026.05.11	01:01:27.324	0.77708				2
2026.05.11	01:01:28.225	0.77707				2
2026.05.11	01:01:29.426	0.77708				2
2026.05.11	01:01:29.728	0.77707				2
2026.05.11	01:01:30.626	0.77709				2
2026.05.11	01:01:30.929	0.77708				2
2026.05.11	01:01:33.630	0.77709	0.77809			6
2026.05.11	01:01:34.235	0.77710				2
2026.05.11	01:01:37.236	0.77709				2
2026.05.11	01:01:38.140	0.77708				2
2026.05.11	01:01:39.943		0.77855			4
2026.05.11	01:01:40.237	0.77715	0.77849			6
2026.05.11	01:01:41.440	0.77718	0.77845			6
2026.05.11	01:01:42.341	0.77719	0.77844			6
2026.05.11	01:01:42.641	0.77716	0.77848			6
2026.05.11	01:01:42.940	0.77724	0.77839			6
2026.05.11	01:01:43.240	0.77722	0.77842			6
2026.05.11	01:01:43.541		0.77841			4
2026.05.11	01:01:43.841	0.77723				2
2026.05.11	01:01:45.342		0.77840			4
2026.05.11	01:01:45.644	0.77703	0.77842			6
2026.05.11	01:01:47.444	0.77701	0.77844			6
2026.05.11	01:01:48.649	0.77719				2
2026.05.11	01:01:49.546	0.77701				2
2026.05.11	01:01:49.847	0.77689	0.77894			6
2026.05.11	01:01:50.144	0.77693	0.77895			6
2026.05.11	01:01:51.051		0.77885			4
2026.05.11	01:01:51.652	0.77706	0.77879			6
2026.05.11	01:01:51.950	0.77705	0.77880			6
2026.05.11	01:01:52.251		0.77889			4
2026.05.11	01:01:52.550	0.77706	0.77884			6
2026.05.11	01:01:54.350	0.77714	0.77882			6
2026.05.11	01:01:54.647		0.77883			4
2026.05.11	01:01:54.950		0.77882			4
2026.05.11	01:01:55.250	0.77701	0.77886			6
2026.05.11	01:01:55.550	0.77711	0.77885			6
2026.05.11	01:01:55.849		0.77886			4
2026.05.11	01:01:56.447	0.77712	0.77881			6
2026.05.11	01:01:57.352	0.77715	0.77863			6
2026.05.11	01:01:57.651	0.77718	0.77875			6
2026.05.11	01:01:57.951	0.77720	0.77873			6
2026.05.11	01:01:58.553	0.77724				2
2026.05.11	01:01:58.851	0.77727	0.77869			6
2026.05.11	01:02:00.055	0.77732	0.77865			6
2026.05.11	01:02:00.355	0.77734	0.77863			6
2026.05.11	01:02:00.650		0.77860			4
2026.05.11	01:02:00.950	0.77731	0.77862			6
2026.05.11	01:02:01.251	0.77732	0.77861			6
2026.05.11	01:02:01.850	0.77734	0.77859			6
2026.05.11	01:02:02.150	0.77733	0.77860			6
2026.05.11	01:02:04.253	0.77734	0.77859			6
2026.05.11	01:02:05.157	0.77730	0.77863			6
2026.05.11	01:02:06.057	0.77693				2
2026.05.11	01:02:06.663	0.77732	0.77861			6
2026.05.11	01:02:06.955	0.77722	0.77871			6
2026.05.11	01:02:07.260	0.77724	0.77869			6
2026.05.11	01:02:07.554	0.77722	0.77871			6
2026.05.11	01:02:07.855	0.77708				2
2026.05.11	01:02:10.258	0.77692				2
2026.05.11	01:02:10.560		0.77870			4
2026.05.11	01:02:12.662	0.77700	0.77846			6
2026.05.11	01:02:15.066	0.77717				2
2026.05.11	01:02:15.366	0.77719				2
2026.05.11	01:02:15.664	0.77722				2
2026.05.11	01:02:17.162	0.77700				2
2026.05.11	01:02:18.664	0.77721				2
2026.05.11	01:02:19.866	0.77722				2
2026.05.11	01:02:20.767	0.77700				2
2026.05.11	01:02:23.769	0.77702				2
2026.05.11	01:02:25.268	0.77706				2
2026.05.11	01:02:25.869	0.77707				2
2026.05.11	01:02:26.769	0.77705				2
2026.05.11	01:02:27.971	0.77707				2
2026.05.11	01:02:28.873	0.77708				2
2026.05.11	01:02:30.073	0.77713	0.77843			6
2026.05.11	01:02:30.973	0.77716	0.77841			6
2026.05.11	01:02:31.871	0.77715				2
2026.05.11	01:02:33.077	0.77740	0.77860			6
2026.05.11	01:02:33.374	0.77744				2
2026.05.11	01:02:34.571	0.77743				2
2026.05.11	01:02:34.877	0.77739				2
2026.05.11	01:02:35.472	0.77726				2
2026.05.11	01:02:35.778	0.77730	0.77857			6
2026.05.11	01:02:37.874	0.77729	0.77858			6
2026.05.11	01:02:38.779	0.77730	0.77857			6
2026.05.11	01:02:39.075	0.77729				2
2026.05.11	01:02:40.575		0.77858			4
2026.05.11	01:02:44.484	0.77728				2
2026.05.11	01:02:45.087	0.77745				2
2026.05.11	01:02:45.690	0.77739				2
2026.05.11	01:02:48.088	0.77738				2
2026.05.11	01:02:48.388	0.77743	0.77854			6
2026.05.11	01:02:48.687	0.77739				2
2026.05.11	01:02:48.987	0.77740				2
2026.05.11	01:02:50.188	0.77739				2
2026.05.11	01:02:51.094	0.77751	0.77879			6
2026.05.11	01:02:52.294	0.77753	0.77903			6
2026.05.11	01:02:52.598		0.77897			4
2026.05.11	01:02:53.196		0.77895			4
2026.05.11	01:02:54.395		0.77887			4
2026.05.11	01:02:55.299	0.77754				2
2026.05.11	01:02:55.600	0.77753	0.77881			6
2026.05.11	01:02:56.202	0.77756				2
2026.05.11	01:02:57.096	0.77757				2
2026.05.11	01:02:57.398	0.77754				2
2026.05.11	01:02:58.300		0.77879			4
2026.05.11	01:02:58.601		0.77881			4
2026.05.11	01:03:00.106	0.77754				2
2026.05.11	01:03:00.404	0.77758				2
2026.05.11	01:03:00.704	0.77759	0.77889			6
2026.05.11	01:03:02.808	0.77760				2
2026.05.11	01:03:04.311	0.77759				2
2026.05.11	01:03:04.911	0.77758	0.77888			6
2026.05.11	01:03:05.811		0.77887			4
2026.05.11	01:03:12.118		0.77884			4
2026.05.11	01:03:13.016		0.77873			4
2026.05.11	01:03:13.920		0.77888			4
2026.05.11	01:03:16.019		0.77886			4
2026.05.11	01:03:17.515	0.77759				2
2026.05.11	01:03:18.123		0.77876			4
2026.05.11	01:03:19.023		0.77887			4
2026.05.11	01:03:19.624	0.77758				2
2026.05.11	01:03:21.126	0.77745	0.77844			6
2026.05.11	01:03:21.422	0.77742	0.77865			6
2026.05.11	01:03:22.627	0.77740	0.77868			6
2026.05.11	01:03:23.228	0.77741	0.77838			6
2026.05.11	01:03:23.525	0.77735	0.77834			6
2026.05.11	01:03:24.427	0.77734	0.77835			6
2026.05.11	01:03:25.027	0.77727				2
2026.05.11	01:03:27.430		0.77836			4
2026.05.11	01:03:28.031		0.77835			4
2026.05.11	01:03:34.036	0.77728	0.77834			6
2026.05.11	01:03:35.238		0.77835			4
2026.05.11	01:03:36.141	0.77727				2
2026.05.11	01:03:36.738	0.77728	0.77834			6
2026.05.11	01:03:37.338	0.77730	0.77832			6
2026.05.11	01:03:38.542	0.77731	0.77831			6
2026.05.11	01:03:38.843	0.77730	0.77832			6
2026.05.11	01:03:39.145	0.77731	0.77831			6
2026.05.11	01:03:39.443	0.77732				2
2026.05.11	01:03:40.645	0.77729				2
2026.05.11	01:03:40.944	0.77732	0.77829			6
2026.05.11	01:03:42.446	0.77730	0.77830			6
2026.05.11	01:03:43.046	0.77733				2
2026.05.11	01:03:43.351	0.77735				2
2026.05.11	01:03:43.652		0.77832			4
2026.05.11	01:03:43.949		0.77830			4
2026.05.11	01:03:44.248		0.77831			4
2026.05.11	01:03:44.545		0.77830			4
2026.05.11	01:03:44.848		0.77827			4
2026.05.11	01:03:45.448		0.77826			4
2026.05.11	01:03:46.653		0.77825			4
2026.05.11	01:03:46.952		0.77827			4
2026.05.11	01:03:47.251		0.77824			4
2026.05.11	01:03:48.149	0.77736	0.77823			6
2026.05.11	01:03:48.449		0.77824			4
2026.05.11	01:03:49.350	0.77737	0.77823			6
2026.05.11	01:03:50.551	0.77736				2
2026.05.11	01:03:51.456	0.77735	0.77824			6
2026.05.11	01:03:52.054	0.77736				2
2026.05.11	01:03:52.957	0.77752	0.77854			6
2026.05.11	01:03:53.258	0.77778	0.77823			6
2026.05.11	01:03:53.557		0.77825			4
2026.05.11	01:03:58.962	0.77787	0.77807			6
2026.05.11	01:04:00.163	0.77787				2
2026.05.11	01:04:10.673		0.77804			4
2026.05.11	01:04:12.180	0.77788	0.77807			6
2026.05.11	01:04:22.984	0.77787				2
2026.05.11	01:04:40.406	0.77788				2
2026.05.11	01:04:44.016		0.77805			4
2026.05.11	01:04:46.124	0.77778	0.77803			6
2026.05.11	01:04:52.732		0.77800			4
2026.05.11	01:04:53.330	0.77777	0.77802			6
2026.05.11	01:04:58.142		0.77801			4
2026.05.11	01:04:58.443	0.77772	0.77799			6
2026.05.11	01:05:00.243	0.77772				2
2026.05.11	01:05:00.546	0.77769				2
2026.05.11	01:05:01.446	0.77772				2
2026.05.11	01:05:01.746	0.77773	0.77798			6
2026.05.11	01:05:10.449	0.77774	0.77799			6
2026.05.11	01:05:23.364		0.77800			4
2026.05.11	01:05:32.376	0.77773	0.77799			6
2026.05.11	01:05:49.195	0.77774	0.77791			6
2026.05.11	01:05:56.104	0.77773	0.77790			6
2026.05.11	01:05:58.810		0.77791			4
2026.05.11	01:06:00.015	0.77773				2
2026.05.11	01:06:01.814	0.77774				2
2026.05.11	01:06:02.115	0.77793	0.77805			6
2026.05.11	01:06:08.122	0.77787	0.77808			6
2026.05.11	01:06:09.027	0.77785	0.77807			6
2026.05.11	01:06:11.129	0.77786				2
2026.05.11	01:06:14.431	0.77785				2
2026.05.11	01:06:15.934	0.77786				2
2026.05.11	01:06:20.439	0.77789	0.77810			6
2026.05.11	01:06:24.651	0.77788				2
2026.05.11	01:06:24.949	0.77783	0.77809			6
2026.05.11	01:06:25.245	0.77785	0.77810			6
2026.05.11	01:06:25.848	0.77786				2
2026.05.11	01:06:30.951	0.77785				2
2026.05.11	01:06:31.549		0.77811			4
2026.05.11	01:06:31.852		0.77810			4
2026.05.11	01:06:32.153		0.77811			4
2026.05.11	01:06:38.155		0.77818			4
2026.05.11	01:06:41.461	0.77784				2
2026.05.11	01:06:42.963		0.77816			4
2026.05.11	01:06:46.268		0.77818			4
2026.05.11	01:06:46.565	0.77785				2
2026.05.11	01:06:50.467	0.77784	0.77816			6
2026.05.11	01:06:59.776	0.77786				2
2026.05.11	01:07:00.078	0.77786				2
2026.05.11	01:07:03.981	0.77785				2
2026.05.11	01:07:05.484	0.77784				2
2026.05.11	01:07:07.882		0.77815			4
2026.05.11	01:07:08.182	0.77786	0.77813			6
2026.05.11	01:07:08.484	0.77785	0.77814			6
2026.05.11	01:07:08.783		0.77812			4
2026.05.11	01:07:09.385	0.77782				2
2026.05.11	01:07:09.985		0.77811			4
2026.05.11	01:07:10.588	0.77784				2
2026.05.11	01:07:10.885	0.77782				2
2026.05.11	01:07:11.186	0.77784				2
2026.05.11	01:07:11.487	0.77782	0.77812			6
2026.05.11	01:07:12.088	0.77784				2
2026.05.11	01:07:13.288	0.77782	0.77811			6
2026.05.11	01:07:15.400	0.77781				2
2026.05.11	01:07:17.203	0.77782				2
2026.05.11	01:07:18.704		0.77807			4
2026.05.11	01:07:20.502	0.77781				2
2026.05.11	01:07:21.106		0.77808			4
2026.05.11	01:07:23.210	0.77779	0.77804			6
2026.05.11	01:07:24.409	0.77780	0.77805			6
2026.05.11	01:07:25.312	0.77778	0.77807			6
2026.05.11	01:07:26.514	0.77779	0.77806			6
2026.05.11	01:07:27.420	0.77778	0.77805			6
2026.05.11	01:07:34.940		0.77804			4
2026.05.11	01:07:39.746	0.77779				2
2026.05.11	01:07:40.047	0.77780	0.77805			6
2026.05.11	01:07:40.346	0.77782				2
2026.05.11	01:07:40.947	0.77780				2
2026.05.11	01:07:41.248	0.77782				2
2026.05.11	01:07:41.547	0.77780				2
2026.05.11	01:07:46.355	0.77782				2
2026.05.11	01:07:47.554	0.77780	0.77804			6
2026.05.11	01:07:58.366		0.77805			4
2026.05.11	01:07:58.968	0.77784				2
2026.05.11	01:07:59.569	0.77785				2
2026.05.11	01:08:00.168	0.77786				2
2026.05.11	01:08:00.767	0.77787	0.77806			6
2026.05.11	01:08:01.068	0.77786				2
2026.05.11	01:08:01.370	0.77785	0.77805			6
2026.05.11	01:08:02.872	0.77784				2
2026.05.11	01:08:03.473	0.77785				2
2026.05.11	01:08:06.479	0.77786				2
2026.05.11	01:08:07.381	0.77785	0.77804			6
2026.05.11	01:08:09.484	0.77788	0.77805			6
2026.05.11	01:08:10.983	0.77789	0.77806			6
2026.05.11	01:08:11.585	0.77785				2
2026.05.11	01:08:13.690	0.77783				2
2026.05.11	01:08:17.600		0.77805			4
2026.05.11	01:08:17.902	0.77782				2
2026.05.11	01:08:18.204	0.77781				2
2026.05.11	01:08:18.504	0.77782				2
2026.05.11	01:08:19.706	0.77783				2
2026.05.11	01:08:21.216	0.77782				2
2026.05.11	01:08:21.817	0.77781				2
2026.05.11	01:08:22.418	0.77782	0.77804			6
2026.05.11	01:08:23.318		0.77805			4
2026.05.11	01:08:23.918	0.77781				2
2026.05.11	01:08:24.218	0.77782				2
2026.05.11	01:08:24.520	0.77780	0.77803			6
2026.05.11	01:08:25.422	0.77781	0.77804			6
2026.05.11	01:08:26.327	0.77780	0.77803			6
2026.05.11	01:08:28.434	0.77781	0.77805			6
2026.05.11	01:08:29.335	0.77779	0.77803			6
2026.05.11	01:08:31.442	0.77781	0.77805			6
2026.05.11	01:08:32.343	0.77780				2
2026.05.11	01:08:33.843	0.77779				2
2026.05.11	01:08:34.142	0.77780	0.77804			6
2026.05.11	01:08:34.442	0.77783	0.77806			6
2026.05.11	01:08:35.043	0.77781				2
2026.05.11	01:08:35.344	0.77784				2
2026.05.11	01:08:37.145	0.77776	0.77804			6
2026.05.11	01:08:41.347	0.77774				2
2026.05.11	01:08:47.353	0.77773				2
2026.05.11	01:08:48.556	0.77774				2
2026.05.11	01:08:49.456	0.77773				2
2026.05.11	01:08:50.056	0.77772				2
2026.05.11	01:08:50.659	0.77773	0.77805			6
2026.05.11	01:08:51.561	0.77772	0.77804			6
2026.05.11	01:08:51.861	0.77773	0.77805			6
2026.05.11	01:08:52.461	0.77767	0.77801			6
2026.05.11	01:08:56.667	0.77768				2
2026.05.11	01:08:58.170	0.77770	0.77799			6
2026.05.11	01:08:58.772	0.77771				2
2026.05.11	01:09:00.276	0.77771				2
2026.05.11	01:09:00.578	0.77772				2
2026.05.11	01:09:01.174	0.77771	0.77797			6
2026.05.11	01:09:02.675	0.77772				2
2026.05.11	01:09:02.979	0.77771				2
2026.05.11	01:09:10.782	0.77772				2
2026.05.11	01:09:11.383	0.77771				2
2026.05.11	01:09:11.983	0.77772				2
2026.05.11	01:09:13.785	0.77771				2
2026.05.11	01:09:14.088	0.77772				2
2026.05.11	01:09:14.387	0.77771				2
2026.05.11	01:09:14.691	0.77772				2
2026.05.11	01:09:15.289	0.77771				2
2026.05.11	01:09:16.191		0.77798			4
2026.05.11	01:09:16.790		0.77797			4
2026.05.11	01:09:21.609	0.77772				2
2026.05.11	01:09:21.911	0.77771				2
2026.05.11	01:09:23.721	0.77772				2
2026.05.11	01:09:24.321	0.77771				2
2026.05.11	01:09:25.222	0.77773				2
2026.05.11	01:09:25.822	0.77771				2
2026.05.11	01:09:28.232		0.77796			4
2026.05.11	01:09:28.835	0.77770	0.77794			6
2026.05.11	01:09:34.845	0.77771				2
2026.05.11	01:09:43.857		0.77789			4
2026.05.11	01:09:44.457	0.77772	0.77790			6
2026.05.11	01:09:50.465	0.77773				2
2026.05.11	01:09:59.780	0.77771	0.77789			6
2026.05.11	01:10:00.080	0.77771				2
2026.05.11	01:10:00.679	0.77772	0.77796			6
2026.05.11	01:10:01.280	0.77774				2
2026.05.11	01:10:04.882	0.77773				2
2026.05.11	01:10:12.996	0.77780	0.77799			6
2026.05.11	01:10:16.598	0.77778	0.77796			6
2026.05.11	01:10:24.420	0.77777	0.77794			6
2026.05.11	01:10:31.931	0.77774	0.77795			6
2026.05.11	01:10:33.734	0.77770	0.77790			6
2026.05.11	01:10:34.040	0.77769				2
2026.05.11	01:10:38.843	0.77771	0.77789			6
2026.05.11	01:10:39.443	0.77770	0.77790			6
2026.05.11	01:10:44.849	0.77771				2
2026.05.11	01:10:45.151		0.77792			4
2026.05.11	01:10:49.058	0.77772				2
2026.05.11	01:10:49.658		0.77793			4
2026.05.11	01:10:50.560		0.77792			4
2026.05.11	01:10:53.260		0.77793			4
2026.05.11	01:10:54.462		0.77792			4
2026.05.11	01:11:00.168	0.77772				2
2026.05.11	01:11:01.672	0.77771				2
2026.05.11	01:11:14.890	0.77772				2
2026.05.11	01:11:19.993	0.77775	0.77794			6
2026.05.11	01:11:22.097	0.77773				2
2026.05.11	01:11:22.999		0.77795			4
2026.05.11	01:11:23.301		0.77794			4
2026.05.11	01:11:23.600		0.77795			4
2026.05.11	01:11:23.899		0.77794			4
2026.05.11	01:11:29.322		0.77795			4
2026.05.11	01:11:30.222		0.77794			4
2026.05.11	01:11:30.523		0.77795			4
2026.05.11	01:11:30.828		0.77794			4
2026.05.11	01:11:31.124		0.77795			4
2026.05.11	01:11:31.424		0.77794			4
2026.05.11	01:11:31.726		0.77793			4
2026.05.11	01:11:32.934		0.77794			4
2026.05.11	01:11:34.438		0.77795			4
2026.05.11	01:11:35.341	0.77777	0.77800			6
2026.05.11	01:11:36.545		0.77799			4
2026.05.11	01:11:36.847		0.77800			4
2026.05.11	01:11:37.146		0.77799			4
2026.05.11	01:11:37.747		0.77800			4
2026.05.11	01:11:38.047		0.77799			4
2026.05.11	01:11:39.549	0.77774	0.77796			6
2026.05.11	01:11:50.663	0.77773				2
2026.05.11	01:11:54.564		0.77797			4
2026.05.11	01:11:57.868		0.77796			4
2026.05.11	01:12:00.272	0.77773				2
2026.05.11	01:12:00.571	0.77772	0.77794			6
2026.05.11	01:12:05.077		0.77795			4
2026.05.11	01:12:05.678	0.77771				2
2026.05.11	01:12:05.983		0.77794			4
2026.05.11	01:12:08.979	0.77770				2
2026.05.11	01:12:10.784		0.77792			4
2026.05.11	01:12:11.986		0.77791			4
2026.05.11	01:12:12.886	0.77771	0.77792			6
2026.05.11	01:12:15.596	0.77772	0.77788			6
2026.05.11	01:12:16.794	0.77773	0.77790			6
2026.05.11	01:12:17.698	0.77772	0.77788			6
2026.05.11	01:12:23.408	0.77774	0.77789			6
2026.05.11	01:12:25.816	0.77773	0.77787			6
2026.05.11	01:12:26.116	0.77776	0.77790			6
2026.05.11	01:12:32.725	0.77777	0.77788			6
2026.05.11	01:12:33.627		0.77787			4
2026.05.11	01:12:34.228	0.77776	0.77790			6
2026.05.11	01:12:37.834	0.77777	0.77787			6
2026.05.11	01:12:41.141	0.77776	0.77790			6
2026.05.11	01:12:47.451	0.77777				2
2026.05.11	01:13:00.077	0.77775	0.77789			6
2026.05.11	01:13:00.668	0.77776	0.77787			6
2026.05.11	01:13:01.272	0.77774	0.77788			6
2026.05.11	01:13:02.174	0.77776	0.77787			6
2026.05.11	01:13:14.789	0.77775	0.77789			6
2026.05.11	01:13:18.092	0.77776	0.77788			6
2026.05.11	01:13:20.804	0.77777				2
2026.05.11	01:13:23.209	0.77779	0.77789			6
2026.05.11	01:13:44.847	0.77777				2
2026.05.11	01:13:46.946	0.77778				2
2026.05.11	01:13:47.247	0.77776				2
2026.05.11	01:13:51.750		0.77787			4
2026.05.11	01:13:55.658	0.77775	0.77788			6
2026.05.11	01:13:56.260	0.77776	0.77787			6
2026.05.11	01:13:59.866	0.77775	0.77788			6
2026.05.11	01:14:00.163	0.77775				2
2026.05.11	01:14:00.462	0.77776				2
2026.05.11	01:14:07.684	0.77778				2
2026.05.11	01:14:07.983	0.77776	0.77789			6
2026.05.11	01:14:08.582	0.77783	0.77796			6
2026.05.11	01:14:13.995	0.77781				2
2026.05.11	01:14:18.806	0.77780	0.77794			6
2026.05.11	01:14:37.738	0.77782	0.77796			6
2026.05.11	01:14:40.748	0.77783				2
2026.05.11	01:15:00.267	0.77783				2
2026.05.11	01:15:11.382	0.77785	0.77797			6
2026.05.11	01:15:12.584	0.77784				2
2026.05.11	01:15:19.193	0.77783	0.77796			6
2026.05.11	01:15:26.431	0.77782	0.77795			6
2026.05.11	01:15:30.035	0.77784	0.77796			6
2026.05.11	01:15:44.460	0.77783				2
2026.05.11	01:15:45.362	0.77787	0.77798			6
2026.05.11	01:15:45.663	0.77788				2
2026.05.11	01:15:46.564	0.77786	0.77800			6
2026.05.11	01:15:59.787		0.77799			4
2026.05.11	01:16:00.084	0.77786				2
2026.05.11	01:16:04.294	0.77787	0.77797			6
2026.05.11	01:16:04.595	0.77785	0.77796			6
2026.05.11	01:16:23.238	0.77784	0.77794			6
2026.05.11	01:16:23.544	0.77781				2
2026.05.11	01:16:34.356	0.77782				2
2026.05.11	01:16:40.662	0.77780	0.77792			6
2026.05.11	01:16:43.666	0.77778				2
2026.05.11	01:16:50.269	0.77779	0.77791			6
2026.05.11	01:17:00.188	0.77778	0.77790			6
2026.05.11	01:17:08.306	0.77777				2
2026.05.11	01:17:12.520	0.77778				2
2026.05.11	01:17:24.248	0.77781	0.77792			6
2026.05.11	01:17:26.056	0.77779				2
2026.05.11	01:17:30.258	0.77781				2
2026.05.11	01:17:33.268	0.77783	0.77795			6
2026.05.11	01:17:33.563	0.77780	0.77792			6
2026.05.11	01:17:34.163	0.77782	0.77794			6
2026.05.11	01:17:34.764	0.77783	0.77795			6
2026.05.11	01:17:42.278	0.77784	0.77794			6
2026.05.11	01:17:47.984	0.77783	0.77793			6
2026.05.11	01:17:49.184	0.77781	0.77791			6
2026.05.11	01:17:51.290	0.77783	0.77793			6
2026.05.11	01:17:55.505	0.77796	0.77806			6
2026.05.11	01:17:55.800	0.77793	0.77803			6
2026.05.11	01:17:57.304	0.77794	0.77804			6
2026.05.11	01:17:57.899	0.77792	0.77802			6
2026.05.11	01:18:00.003	0.77792				2
2026.05.11	01:18:00.604	0.77789	0.77800			6
2026.05.11	01:18:01.512	0.77788	0.77801			6
2026.05.11	01:18:02.413	0.77786	0.77799			6
2026.05.11	01:18:03.009	0.77788	0.77800			6
2026.05.11	01:18:03.610	0.77790	0.77801			6
2026.05.11	01:18:04.208	0.77789	0.77798			6
2026.05.11	01:18:04.509	0.77788	0.77797			6
2026.05.11	01:18:04.812	0.77786	0.77796			6
2026.05.11	01:18:09.620	0.77785	0.77795			6
2026.05.11	01:18:10.221	0.77786	0.77796			6
2026.05.11	01:18:20.436	0.77785	0.77795			6
2026.05.11	01:18:20.740		0.77796			4
2026.05.11	01:18:30.648	0.77784	0.77797			6
2026.05.11	01:18:31.850	0.77788	0.77798			6
2026.05.11	01:18:41.463	0.77792	0.77804			6
2026.05.11	01:18:41.764	0.77794	0.77807			6
2026.05.11	01:18:43.263	0.77795				2
2026.05.11	01:18:43.565	0.77797	0.77809			6
2026.05.11	01:18:43.862		0.77810			4
2026.05.11	01:18:44.462		0.77809			4
2026.05.11	01:18:46.864		0.77810			4
2026.05.11	01:18:47.765	0.77798	0.77811			6
2026.05.11	01:18:48.071	0.77800	0.77810			6
2026.05.11	01:18:48.666	0.77801	0.77811			6
2026.05.11	01:18:49.566	0.77802	0.77812			6
2026.05.11	01:18:56.174	0.77801	0.77811			6
2026.05.11	01:19:00.084	0.77801				2
2026.05.11	01:19:00.681	0.77800	0.77810			6
2026.05.11	01:19:01.581	0.77798	0.77807			6
2026.05.11	01:19:01.888	0.77797	0.77806			6
2026.05.11	01:19:04.284	0.77796				2
2026.05.11	01:19:05.792	0.77795				2
2026.05.11	01:19:06.092	0.77793	0.77805			6
2026.05.11	01:19:11.501		0.77804			4
2026.05.11	01:19:12.707		0.77802			4
2026.05.11	01:19:14.212		0.77801			4
2026.05.11	01:19:14.513		0.77802			4
2026.05.11	01:19:14.814		0.77801			4
2026.05.11	01:19:15.118	0.77792				2
2026.05.11	01:19:15.416	0.77791				2
2026.05.11	01:19:34.350	0.77788	0.77800			6
2026.05.11	01:19:34.651		0.77798			4
2026.05.11	01:19:36.452	0.77790	0.77799			6
2026.05.11	01:19:43.368	0.77789	0.77797			6
2026.05.11	01:19:44.267		0.77798			4
2026.05.11	01:19:44.568		0.77797			4
2026.05.11	01:19:47.865		0.77798			4
2026.05.11	01:19:53.878		0.77799			4
2026.05.11	01:20:00.185	0.77789				2
2026.05.11	01:20:00.487	0.77793	0.77803			6
2026.05.11	01:20:08.305	0.77794	0.77804			6
2026.05.11	01:20:10.113	0.77797	0.77806			6
2026.05.11	01:20:10.413	0.77798	0.77807			6
2026.05.11	01:20:11.613	0.77797				2
2026.05.11	01:20:20.922	0.77796	0.77806			6
2026.05.11	01:20:24.231	0.77797	0.77807			6
2026.05.11	01:20:32.950	0.77796	0.77804			6
2026.05.11	01:20:33.546	0.77794	0.77802			6
2026.05.11	01:20:41.664	0.77793	0.77801			6
2026.05.11	01:20:42.865	0.77792	0.77800			6
2026.05.11	01:20:43.165	0.77791	0.77799			6
2026.05.11	01:20:55.482	0.77787	0.77797			6
2026.05.11	01:20:55.785	0.77788	0.77798			6
2026.05.11	01:20:59.387	0.77790	0.77799			6
2026.05.11	01:21:00.290	0.77790				2
2026.05.11	01:21:10.510		0.77800			4
2026.05.11	01:21:13.819	0.77788				2
2026.05.11	01:21:31.257	0.77790	0.77799			6
2026.05.11	01:21:32.157	0.77789	0.77801			6
2026.05.11	01:21:32.457		0.77800			4
2026.05.11	01:21:33.061		0.77801			4
2026.05.11	01:21:34.867	0.77788	0.77800			6
2026.05.11	01:21:37.865	0.77790	0.77799			6
2026.05.11	01:21:38.165	0.77789	0.77801			6
2026.05.11	01:21:39.666	0.77790	0.77800			6
2026.05.11	01:21:39.965	0.77789	0.77801			6
2026.05.11	01:21:54.697	0.77788	0.77798			6
2026.05.11	01:22:00.120	0.77788				2
2026.05.11	01:22:00.423		0.77800			4
2026.05.11	01:22:01.028	0.77790	0.77799			6
2026.05.11	01:22:03.124	0.77789	0.77800			6
2026.05.11	01:22:03.726	0.77790	0.77799			6
2026.05.11	01:22:04.326	0.77789	0.77798			6
2026.05.11	01:22:06.737	0.77787				2
2026.05.11	01:22:09.142		0.77797			4
2026.05.11	01:22:13.347		0.77798			4
2026.05.11	01:22:19.053	0.77788	0.77799			6
2026.05.11	01:22:25.665	0.77793	0.77803			6
2026.05.11	01:22:27.463	0.77794				2
2026.05.11	01:22:31.366	0.77795	0.77804			6
2026.05.11	01:22:38.882	0.77794	0.77803			6
2026.05.11	01:22:40.083	0.77793				2
2026.05.11	01:22:41.889	0.77790	0.77800			6
2026.05.11	01:22:47.306	0.77791				2
2026.05.11	01:22:49.709	0.77792	0.77802			6
2026.05.11	01:22:50.011		0.77801			4
2026.05.11	01:23:00.236	0.77792				2
2026.05.11	01:23:00.536	0.77791				2
2026.05.11	01:23:07.746	0.77793	0.77802			6
2026.05.11	01:23:22.466	0.77794	0.77803			6
2026.05.11	01:23:23.961	0.77795	0.77804			6
2026.05.11	01:23:27.267	0.77796	0.77805			6
2026.05.11	01:23:27.867		0.77804			4
2026.05.11	01:23:29.673		0.77805			4
2026.05.11	01:23:30.874		0.77804			4
2026.05.11	01:23:31.177		0.77803			4
2026.05.11	01:23:45.006		0.77804			4
2026.05.11	01:23:45.906		0.77806			4
2026.05.11	01:23:47.111		0.77803			4
2026.05.11	01:23:47.414		0.77804			4
2026.05.11	01:23:50.421		0.77806			4
2026.05.11	01:23:52.523		0.77804			4
2026.05.11	01:23:56.134		0.77803			4
2026.05.11	01:23:58.838		0.77804			4
2026.05.11	01:24:00.041	0.77796				2
2026.05.11	01:24:00.646		0.77806			4
2026.05.11	01:24:00.944		0.77803			4
2026.05.11	01:24:03.044	0.77797	0.77807			6
2026.05.11	01:24:03.348		0.77805			4
2026.05.11	01:24:04.249		0.77806			4
2026.05.11	01:24:04.548		0.77805			4
2026.05.11	01:24:08.454	0.77792	0.77801			6
2026.05.11	01:24:08.755	0.77793	0.77802			6
2026.05.11	01:24:13.559		0.77800			4
2026.05.11	01:24:13.862		0.77801			4
2026.05.11	01:24:23.172		0.77800			4
2026.05.11	01:24:25.580	0.77794	0.77802			6
2026.05.11	01:24:27.083		0.77803			4
2026.05.11	01:24:27.683		0.77802			4
2026.05.11	01:24:28.584	0.77792	0.77799			6
2026.05.11	01:24:28.884	0.77791	0.77798			6
2026.05.11	01:24:30.082	0.77790	0.77797			6
2026.05.11	01:24:36.993		0.77796			4
2026.05.11	01:24:39.099	0.77791	0.77800			6
2026.05.11	01:25:00.143	0.77792				2
2026.05.11	01:25:03.446		0.77801			4
2026.05.11	01:25:04.346	0.77793	0.77800			6
2026.05.11	01:25:18.470	0.77792				2
2026.05.11	01:25:24.180		0.77799			4
2026.05.11	01:25:28.089		0.77800			4
2026.05.11	01:25:39.509		0.77802			4
2026.05.11	01:25:44.620	0.77794	0.77804			6
2026.05.11	01:25:48.234	0.77792	0.77801			6
2026.05.11	01:25:48.839		0.77800			4
2026.05.11	01:25:55.449	0.77791				2
2026.05.11	01:26:00.261	0.77791				2
2026.05.11	01:26:10.470	0.77790				2
2026.05.11	01:26:26.107		0.77799			4
2026.05.11	01:26:32.730		0.77798			4
2026.05.11	01:26:47.160	0.77786	0.77796			6
2026.05.11	01:26:49.261		0.77795			4
2026.05.11	01:27:00.082	0.77786				2
2026.05.11	01:27:01.885	0.77783	0.77793			6
2026.05.11	01:27:02.187	0.77780	0.77789			6
2026.05.11	01:27:26.840	0.77774	0.77783			6
2026.05.11	01:27:27.145	0.77773				2
2026.05.11	01:27:32.249	0.77775	0.77785			6
2026.05.11	01:27:33.451		0.77784			4
2026.05.11	01:28:00.180	0.77775				2
2026.05.11	01:28:01.986	0.77776	0.77786			6
2026.05.11	01:28:02.589	0.77777				2
2026.05.11	01:28:03.181	0.77782	0.77792			6
2026.05.11	01:28:04.083		0.77790			4
2026.05.11	01:28:05.281		0.77791			4
2026.05.11	01:28:05.887	0.77781	0.77790			6
2026.05.11	01:28:07.385		0.77791			4
2026.05.11	01:28:08.285	0.77785	0.77795			6
2026.05.11	01:28:13.092	0.77786				2
2026.05.11	01:28:13.994		0.77794			4
2026.05.11	01:28:14.594		0.77795			4
2026.05.11	01:28:17.301		0.77794			4
2026.05.11	01:28:18.805		0.77795			4
2026.05.11	01:28:22.105	0.77785	0.77794			6
2026.05.11	01:28:23.309		0.77793			4
2026.05.11	01:28:28.123		0.77794			4
2026.05.11	01:28:29.022		0.77793			4
2026.05.11	01:28:32.031		0.77794			4
2026.05.11	01:28:32.926		0.77793			4
2026.05.11	01:28:33.226		0.77794			4
2026.05.11	01:28:33.828		0.77793			4
2026.05.11	01:28:34.734		0.77794			4
2026.05.11	01:28:38.348		0.77793			4
2026.05.11	01:28:41.050		0.77794			4
2026.05.11	01:28:47.958		0.77793			4
2026.05.11	01:29:00.274	0.77785				2
2026.05.11	01:29:08.381	0.77783	0.77792			6
2026.05.11	01:29:12.290	0.77782	0.77791			6
2026.05.11	01:29:28.826		0.77792			4
2026.05.11	01:29:31.833		0.77791			4
2026.05.11	01:29:36.037		0.77792			4
2026.05.11	01:29:39.343		0.77791			4
2026.05.11	01:29:40.246		0.77790			4
2026.05.11	01:29:40.544		0.77791			4
2026.05.11	01:29:41.746	0.77781				2
2026.05.11	01:29:44.453		0.77790			4
2026.05.11	01:29:46.251		0.77791			4
2026.05.11	01:29:48.353		0.77790			4
2026.05.11	01:29:53.759	0.77780	0.77788			6
2026.05.11	01:29:55.860		0.77789			4
2026.05.11	01:30:00.065	0.77780				2
2026.05.11	01:30:00.966	0.77789	0.77796			6
2026.05.11	01:30:01.575	0.77791	0.77800			6
2026.05.11	01:30:02.768	0.77792	0.77795			6
2026.05.11	01:30:04.269	0.77787	0.77790			6
2026.05.11	01:30:04.869	0.77786	0.77789			6
2026.05.11	01:30:05.771	0.77787	0.77794			6
2026.05.11	01:30:06.369	0.77784	0.77792			6
2026.05.11	01:30:08.775		0.77793			4
2026.05.11	01:30:11.481		0.77792			4
2026.05.11	01:30:12.983	0.77785	0.77793			6
2026.05.11	01:30:13.278		0.77792			4
2026.05.11	01:30:14.785		0.77793			4
2026.05.11	01:30:15.087		0.77795			4
2026.05.11	01:30:15.386	0.77786	0.77796			6
2026.05.11	01:30:22.313		0.77797			4
2026.05.11	01:30:24.118		0.77796			4
2026.05.11	01:30:25.620		0.77795			4
2026.05.11	01:30:25.924	0.77788	0.77797			6
2026.05.11	01:30:27.732	0.77791	0.77801			6
2026.05.11	01:30:29.233		0.77800			4
2026.05.11	01:30:30.436	0.77793	0.77802			6
2026.05.11	01:30:32.839		0.77803			4
2026.05.11	01:30:33.141	0.77795	0.77805			6
2026.05.11	01:30:33.442		0.77806			4
2026.05.11	01:30:35.548		0.77805			4
2026.05.11	01:30:37.353	0.77796	0.77806			6
2026.05.11	01:30:40.650	0.77799	0.77809			6
2026.05.11	01:30:40.947		0.77808			4
2026.05.11	01:30:41.553	0.77796	0.77805			6
2026.05.11	01:30:41.851		0.77806			4
2026.05.11	01:30:44.855		0.77805			4
2026.05.11	01:30:51.161	0.77798	0.77808			6
2026.05.11	01:30:51.459		0.77809			4
2026.05.11	01:30:53.267	0.77799				2
2026.05.11	01:31:00.169	0.77799				2
2026.05.11	01:31:00.471	0.77798	0.77808			6
2026.05.11	01:31:00.772	0.77796	0.77807			6
2026.05.11	01:31:01.070		0.77806			4
2026.05.11	01:31:01.671	0.77799	0.77809			6
2026.05.11	01:31:09.783	0.77796	0.77806			6
2026.05.11	01:31:10.084		0.77805			4
2026.05.11	01:31:13.695		0.77806			4
2026.05.11	01:31:20.616		0.77805			4
2026.05.11	01:31:22.121		0.77806			4
2026.05.11	01:31:29.342		0.77805			4
2026.05.11	01:31:42.560		0.77804			4
2026.05.11	01:31:57.872		0.77805			4
2026.05.11	01:32:00.276	0.77796				2
2026.05.11	01:32:00.578	0.77794	0.77802			6
2026.05.11	01:32:02.083	0.77795				2
2026.05.11	01:32:03.286		0.77803			4
2026.05.11	01:32:03.588	0.77797	0.77804			6
2026.05.11	01:32:03.886		0.77805			4
2026.05.11	01:32:07.189	0.77795	0.77804			6
2026.05.11	01:32:08.091		0.77805			4
2026.05.11	01:32:19.809	0.77797				2
2026.05.11	01:32:29.727	0.77793	0.77801			6
2026.05.11	01:32:40.842	0.77794				2
2026.05.11	01:32:45.349		0.77802			4
2026.05.11	01:32:45.644		0.77801			4
2026.05.11	01:32:53.159	0.77793				2
2026.05.11	01:33:00.073	0.77793				2
2026.05.11	01:33:03.082	0.77791	0.77799			6
2026.05.11	01:33:04.581	0.77793	0.77801			6
2026.05.11	01:33:37.332	0.77792	0.77799			6
2026.05.11	01:33:38.535		0.77800			4
2026.05.11	01:33:40.946	0.77786	0.77795			6
2026.05.11	01:33:48.156	0.77787				2
2026.05.11	01:33:48.455	0.77786				2
2026.05.11	01:33:51.758	0.77787				2
2026.05.11	01:33:52.660	0.77786				2
2026.05.11	01:33:52.959	0.77787				2
2026.05.11	01:33:53.260	0.77786				2
2026.05.11	01:33:58.968	0.77788				2
2026.05.11	01:34:00.167	0.77788				2
2026.05.11	01:34:04.670	0.77790	0.77798			6
2026.05.11	01:34:11.278		0.77796			4
2026.05.11	01:34:11.579	0.77789				2
2026.05.11	01:34:12.176		0.77795			4
2026.05.11	01:34:12.775		0.77796			4
2026.05.11	01:34:18.781		0.77797			4
2026.05.11	01:34:21.485		0.77796			4
2026.05.11	01:34:23.587		0.77797			4
2026.05.11	01:34:25.090		0.77796			4
2026.05.11	01:34:25.996		0.77797			4
2026.05.11	01:34:29.599		0.77796			4
2026.05.11	01:34:32.898		0.77797			4
2026.05.11	01:34:34.399	0.77788	0.77796			6
2026.05.11	01:34:40.418	0.77789				2
2026.05.11	01:34:41.022		0.77798			4
2026.05.11	01:34:47.328	0.77790				2
2026.05.11	01:34:47.635	0.77792	0.77799			6
2026.05.11	01:34:49.130		0.77801			4
2026.05.11	01:35:00.247	0.77792				2
2026.05.11	01:35:11.960		0.77800			4
2026.05.11	01:35:20.369		0.77799			4
2026.05.11	01:35:23.677		0.77800			4
2026.05.11	01:35:26.086	0.77793				2
2026.05.11	01:35:27.887		0.77801			4
2026.05.11	01:35:29.088		0.77800			4
2026.05.11	01:35:40.515		0.77801			4
2026.05.11	01:35:40.815	0.77795	0.77802			6
2026.05.11	01:35:41.114		0.77803			4
2026.05.11	01:36:00.055	0.77795				2
2026.05.11	01:36:00.649	0.77796				2
2026.05.11	01:36:41.213		0.77803			4
2026.05.11	01:36:52.637		0.77802			4
2026.05.11	01:37:00.149	0.77796				2
2026.05.11	01:37:03.149	0.77795				2
2026.05.11	01:37:05.558		0.77803			4
2026.05.11	01:37:07.659	0.77796				2
2026.05.11	01:37:10.657		0.77802			4
2026.05.11	01:37:20.264		0.77804			4
2026.05.11	01:37:20.864	0.77797				2
2026.05.11	01:37:21.465	0.77802	0.77808			6
2026.05.11	01:37:47.606		0.77807			4
2026.05.11	01:37:50.913	0.77801				2
2026.05.11	01:38:00.237	0.77801				2
2026.05.11	01:38:00.836	0.77800				2
2026.05.11	01:38:01.438	0.77799				2
2026.05.11	01:38:09.857	0.77797	0.77805			6
2026.05.11	01:38:10.757	0.77798				2
2026.05.11	01:38:14.362	0.77797				2
2026.05.11	01:38:16.463		0.77804			4
2026.05.11	01:38:17.365		0.77805			4
2026.05.11	01:38:18.267	0.77798				2
2026.05.11	01:38:20.072	0.77797				2
2026.05.11	01:38:25.777	0.77798				2
2026.05.11	01:38:27.580	0.77797	0.77804			6
2026.05.11	01:38:27.881	0.77800	0.77806			6
2026.05.11	01:38:42.600	0.77803	0.77809			6
2026.05.11	01:38:45.610		0.77810			4
2026.05.11	01:38:47.116	0.77800	0.77807			6
2026.05.11	01:38:47.417		0.77808			4
2026.05.11	01:38:55.840	0.77801				2
2026.05.11	01:38:56.740	0.77804	0.77810			6
2026.05.11	01:38:58.844		0.77811			4
2026.05.11	01:39:00.045	0.77803				2
2026.05.11	01:39:00.946	0.77804				2
2026.05.11	01:39:02.446	0.77805				2
2026.05.11	01:39:03.049	0.77803				2
2026.05.11	01:39:04.249	0.77804	0.77810			6
2026.05.11	01:39:07.256	0.77803				2
2026.05.11	01:39:08.153	0.77804				2
2026.05.11	01:39:09.054	0.77803				2
2026.05.11	01:39:09.654	0.77804				2
2026.05.11	01:39:15.963	0.77803				2
2026.05.11	01:39:18.366	0.77804				2
2026.05.11	01:39:20.768	0.77801	0.77807			6
2026.05.11	01:39:29.187	0.77802	0.77808			6
2026.05.11	01:39:29.485		0.77807			4
2026.05.11	01:39:30.390	0.77801	0.77808			6
2026.05.11	01:39:43.618	0.77800				2
2026.05.11	01:39:47.824	0.77801				2
2026.05.11	01:39:48.124	0.77800				2
2026.05.11	01:39:48.427		0.77807			4
2026.05.11	01:39:49.026		0.77808			4
2026.05.11	01:39:52.339	0.77801				2
2026.05.11	01:39:56.546	0.77800				2
2026.05.11	01:39:57.747	0.77801				2
2026.05.11	01:39:58.348		0.77807			4
2026.05.11	01:39:59.853	0.77800				2
2026.05.11	01:40:00.152	0.77800				2
2026.05.11	01:40:01.652		0.77806			4
2026.05.11	01:40:01.954		0.77807			4
2026.05.11	01:40:03.457		0.77806			4
2026.05.11	01:40:06.168	0.77793	0.77800			6
2026.05.11	01:40:06.467	0.77796				2
2026.05.11	01:40:06.764	0.77794	0.77802			6
2026.05.11	01:40:07.061		0.77803			4
2026.05.11	01:40:07.961	0.77798	0.77804			6
2026.05.11	01:40:09.463	0.77797	0.77805			6
2026.05.11	01:40:12.764	0.77798				2
2026.05.11	01:40:14.865	0.77800	0.77808			6
2026.05.11	01:40:17.270	0.77801				2
2026.05.11	01:40:17.570	0.77800				2
2026.05.11	01:40:19.678	0.77799	0.77807			6
2026.05.11	01:40:20.579		0.77806			4
2026.05.11	01:40:21.780	0.77798	0.77805			6
2026.05.11	01:40:22.986		0.77806			4
2026.05.11	01:40:28.399	0.77797				2
2026.05.11	01:40:29.002		0.77805			4
2026.05.11	01:40:37.731		0.77806			4
2026.05.11	01:40:39.534		0.77805			4
2026.05.11	01:40:44.646		0.77804			4
2026.05.11	01:40:45.848		0.77805			4
2026.05.11	01:40:47.349		0.77804			4
2026.05.11	01:40:47.945		0.77805			4
2026.05.11	01:40:53.953		0.77804			4
2026.05.11	01:40:54.256	0.77801	0.77806			6
2026.05.11	01:40:54.562	0.77800	0.77807			6
2026.05.11	01:41:00.263	0.77800				2
2026.05.11	01:41:02.665	0.77799				2
2026.05.11	01:41:02.969	0.77797	0.77804			6
2026.05.11	01:41:03.268	0.77796				2
2026.05.11	01:41:03.566	0.77795	0.77803			6
2026.05.11	01:41:06.272	0.77794	0.77802			6
2026.05.11	01:41:09.275	0.77793				2
2026.05.11	01:41:10.780	0.77794				2
2026.05.11	01:41:18.602	0.77793				2
2026.05.11	01:41:18.901	0.77794				2
2026.05.11	01:41:22.503	0.77793				2
2026.05.11	01:41:39.632	0.77794				2
2026.05.11	01:41:42.636	0.77793				2
2026.05.11	01:41:47.144	0.77794				2
2026.05.11	01:41:49.545		0.77801			4
2026.05.11	01:41:51.348	0.77793				2
2026.05.11	01:41:52.549	0.77794				2
2026.05.11	01:42:00.061	0.77794				2
2026.05.11	01:42:00.660	0.77793				2
2026.05.11	01:42:01.259	0.77794				2
2026.05.11	01:42:02.766	0.77792	0.77797			6
2026.05.11	01:42:18.688	0.77791				2
2026.05.11	01:42:19.587	0.77792				2
2026.05.11	01:42:25.600	0.77791				2
2026.05.11	01:42:27.709	0.77792				2
2026.05.11	01:42:29.212	0.77791				2
2026.05.11	01:42:30.117	0.77792				2
2026.05.11	01:42:30.419		0.77798			4
2026.05.11	01:42:31.925	0.77791				2
2026.05.11	01:42:32.218		0.77797			4
2026.05.11	01:42:34.322	0.77792	0.77798			6
2026.05.11	01:42:35.227	0.77791				2
2026.05.11	01:42:35.823		0.77797			4
2026.05.11	01:42:36.127		0.77798			4
2026.05.11	01:42:38.230		0.77797			4
2026.05.11	01:42:39.436	0.77788	0.77794			6
2026.05.11	01:42:39.731	0.77787				2
2026.05.11	01:42:40.031	0.77788				2
2026.05.11	01:42:40.333	0.77787				2
2026.05.11	01:42:40.631	0.77788				2
2026.05.11	01:42:44.548		0.77795			4
2026.05.11	01:42:45.749	0.77787				2
2026.05.11	01:42:46.355	0.77788				2
2026.05.11	01:42:48.155		0.77796			4
2026.05.11	01:42:53.257	0.77787				2
2026.05.11	01:42:55.064		0.77794			4
2026.05.11	01:42:55.358		0.77795			4
2026.05.11	01:42:58.062	0.77788				2
2026.05.11	01:43:00.164	0.77788				2
2026.05.11	01:43:01.072	0.77787				2
2026.05.11	01:43:04.072	0.77786				2
2026.05.11	01:43:06.472		0.77794			4
2026.05.11	01:43:10.674	0.77787	0.77795			6
2026.05.11	01:43:12.480		0.77794			4
2026.05.11	01:43:12.785		0.77795			4
2026.05.11	01:43:17.581		0.77794			4
2026.05.11	01:43:17.881		0.77795			4
2026.05.11	01:43:19.983	0.77786				2
2026.05.11	01:43:20.891	0.77788				2
2026.05.11	01:43:21.189		0.77796			4
2026.05.11	01:43:33.247		0.77794			4
2026.05.11	01:43:33.544		0.77795			4
2026.05.11	01:43:45.259		0.77794			4
2026.05.11	01:43:45.559		0.77795			4
2026.05.11	01:44:00.280	0.77788				2
2026.05.11	01:44:10.524	0.77787				2
2026.05.11	01:44:14.733		0.77794			4
2026.05.11	01:44:15.335	0.77788	0.77793			6
2026.05.11	01:44:15.635	0.77789	0.77794			6
2026.05.11	01:44:17.440	0.77788				2
2026.05.11	01:44:35.167	0.77787				2
2026.05.11	01:44:35.466	0.77788				2
2026.05.11	01:44:42.079	0.77789				2
2026.05.11	01:44:44.190	0.77788				2
2026.05.11	01:45:00.144	0.77788				2
2026.05.11	01:45:03.754		0.77795			4
2026.05.11	01:45:10.365	0.77789				2
2026.05.11	01:45:15.827	0.77791	0.77797			6
2026.05.11	01:45:17.053	0.77790				2
2026.05.11	01:45:18.713	0.77789				2
2026.05.11	01:45:19.014	0.77792	0.77798			6
2026.05.11	01:45:19.825		0.77797			4
2026.05.11	01:45:24.603		0.77798			4
2026.05.11	01:45:33.036		0.77797			4
2026.05.11	01:45:35.162		0.77798			4
2026.05.11	01:45:46.932		0.77799			4
2026.05.11	01:45:51.025	0.77794	0.77800			6
2026.05.11	01:45:51.480		0.77801			4
2026.05.11	01:45:52.199	0.77793	0.77800			6
2026.05.11	01:45:53.280		0.77799			4
2026.05.11	01:45:59.103	0.77792	0.77798			6
2026.05.11	01:46:01.085	0.77792				2
2026.05.11	01:46:42.406	0.77790	0.77796			6
2026.05.11	01:46:43.421	0.77786	0.77792			6
2026.05.11	01:46:44.020		0.77793			4
2026.05.11	01:46:44.985		0.77792			4
2026.05.11	01:46:48.384	0.77787	0.77793			6
2026.05.11	01:46:54.046	0.77785	0.77792			6
2026.05.11	01:46:56.738	0.77787				2
2026.05.11	01:46:57.038		0.77793			4
2026.05.11	01:46:59.679	0.77785				2
2026.05.11	01:46:59.979		0.77792			4
2026.05.11	01:47:01.458	0.77787				2
2026.05.11	01:47:01.759		0.77793			4
2026.05.11	01:47:05.240	0.77786				2
2026.05.11	01:47:06.707	0.77787				2
2026.05.11	01:47:08.785	0.77786	0.77792			6
2026.05.11	01:47:12.164	0.77787	0.77794			6
2026.05.11	01:47:14.061		0.77793			4
2026.05.11	01:47:18.185	0.77789	0.77795			6
2026.05.11	01:47:19.212		0.77796			4
2026.05.11	01:47:26.523	0.77787	0.77793			6
2026.05.11	01:47:27.480		0.77794			4
2026.05.11	01:47:27.822	0.77788				2
2026.05.11	01:47:34.566	0.77787	0.77793			6
2026.05.11	01:47:35.881		0.77794			4
2026.05.11	01:47:36.656	0.77788				2
2026.05.11	01:47:36.957	0.77787	0.77793			6
2026.05.11	01:47:37.257	0.77788	0.77794			6
2026.05.11	01:47:48.992	0.77789				2
2026.05.11	01:47:50.445	0.77788	0.77795			6
2026.05.11	01:47:52.081	0.77789	0.77794			6
2026.05.11	01:47:58.356		0.77796			4
2026.05.11	01:47:58.956		0.77794			4
2026.05.11	01:47:59.257		0.77796			4
2026.05.11	01:47:59.556		0.77794			4
2026.05.11	01:48:00.042	0.77789	0.77796			6
2026.05.11	01:48:01.013		0.77794			4
2026.05.11	01:48:07.673		0.77796			4
2026.05.11	01:48:09.633		0.77794			4
2026.05.11	01:48:09.936		0.77796			4
2026.05.11	01:48:10.499		0.77794			4
2026.05.11	01:48:12.480		0.77795			4
2026.05.11	01:48:16.600		0.77796			4
2026.05.11	01:48:20.089	0.77788	0.77794			6
2026.05.11	01:48:20.688		0.77793			4
2026.05.11	01:48:20.992		0.77794			4
2026.05.11	01:48:24.320	0.77787				2
2026.05.11	01:48:25.240	0.77788				2
2026.05.11	01:48:31.037	0.77787				2
2026.05.11	01:48:31.339	0.77788				2
2026.05.11	01:48:36.161	0.77789				2
2026.05.11	01:48:39.008	0.77788	0.77792			6
2026.05.11	01:48:39.309		0.77793			4
2026.05.11	01:48:44.880		0.77792			4
2026.05.11	01:48:50.978	0.77786				2
2026.05.11	01:49:00.780	0.77786				2
2026.05.11	01:49:10.651	0.77787				2
2026.05.11	01:49:10.951	0.77786				2
2026.05.11	01:49:12.780		0.77793			4
2026.05.11	01:49:17.418		0.77792			4
2026.05.11	01:49:28.343		0.77793			4
2026.05.11	01:49:28.945		0.77792			4
2026.05.11	01:49:34.380		0.77793			4
2026.05.11	01:49:39.785		0.77792			4
2026.05.11	01:49:56.245	0.77784	0.77790			6
2026.05.11	01:50:00.289	0.77784				2
2026.05.11	01:50:01.881		0.77789			4
2026.05.11	01:50:02.181		0.77790			4
2026.05.11	01:50:03.239		0.77789			4
2026.05.11	01:50:05.701		0.77790			4
2026.05.11	01:50:13.100	0.77785	0.77791			6
2026.05.11	01:50:19.381		0.77792			4
2026.05.11	01:50:25.380	0.77786				2
2026.05.11	01:50:28.684	0.77787	0.77793			6
2026.05.11	01:50:29.285	0.77786	0.77792			6
2026.05.11	01:50:30.091	0.77787	0.77793			6
2026.05.11	01:50:31.094	0.77786	0.77792			6
2026.05.11	01:50:41.997	0.77787	0.77794			6
2026.05.11	01:50:45.457	0.77786	0.77792			6
2026.05.11	01:50:55.747	0.77787				2
2026.05.11	01:50:58.254	0.77786				2
2026.05.11	01:51:00.480	0.77786				2
2026.05.11	01:51:04.005	0.77785				2
2026.05.11	01:51:12.509		0.77791			4
2026.05.11	01:51:12.810	0.77783	0.77789			6
2026.05.11	01:51:14.698	0.77785	0.77792			6
2026.05.11	01:51:16.080	0.77786				2
2026.05.11	01:51:30.297	0.77787				2
2026.05.11	01:51:42.042	0.77785				2
2026.05.11	01:52:01.403	0.77785				2
2026.05.11	01:52:11.824		0.77791			4
2026.05.11	01:52:12.124		0.77792			4
2026.05.11	01:52:24.161	0.77784	0.77790			6
2026.05.11	01:52:38.489		0.77789			4
2026.05.11	01:52:40.222	0.77785	0.77790			6
2026.05.11	01:52:41.580		0.77791			4
2026.05.11	01:52:53.280	0.77784				2
2026.05.11	01:52:54.347	0.77785				2
2026.05.11	01:53:00.180	0.77785				2
2026.05.11	01:53:00.480	0.77786	0.77792			6
2026.05.11	01:53:00.780	0.77787	0.77794			6
2026.05.11	01:53:02.581	0.77788				2
2026.05.11	01:53:04.527		0.77795			4
2026.05.11	01:53:05.979	0.77789				2
2026.05.11	01:53:07.082	0.77788				2
2026.05.11	01:53:08.806	0.77789				2
2026.05.11	01:53:09.820	0.77788				2
2026.05.11	01:53:10.748		0.77794			4
2026.05.11	01:53:11.049	0.77789				2
2026.05.11	01:53:15.755	0.77788				2
2026.05.11	01:53:20.238	0.77787	0.77793			6
2026.05.11	01:53:20.538	0.77786				2
2026.05.11	01:53:22.081		0.77792			4
2026.05.11	01:53:27.251	0.77788	0.77794			6
2026.05.11	01:53:29.026	0.77785	0.77791			6
2026.05.11	01:53:34.814	0.77786				2
2026.05.11	01:53:37.079	0.77785				2
2026.05.11	01:53:43.420	0.77786				2
2026.05.11	01:53:44.356	0.77788	0.77794			6
2026.05.11	01:53:50.284		0.77795			4
2026.05.11	01:53:50.886	0.77787				2
2026.05.11	01:53:51.607	0.77788				2
2026.05.11	01:53:53.605	0.77786	0.77792			6
2026.05.11	01:53:55.175	0.77785				2
2026.05.11	01:53:55.916		0.77791			4
2026.05.11	01:53:56.580		0.77792			4
2026.05.11	01:53:57.823		0.77791			4
2026.05.11	01:54:00.779	0.77785				2
2026.05.11	01:54:05.880	0.77786				2
2026.05.11	01:54:20.829	0.77785				2
2026.05.11	01:54:21.545	0.77786				2
2026.05.11	01:54:30.867	0.77785				2
2026.05.11	01:54:32.279	0.77786				2
2026.05.11	01:54:35.024	0.77785	0.77792			6
2026.05.11	01:54:36.267		0.77791			4
2026.05.11	01:54:38.880	0.77786				2
2026.05.11	01:54:42.742	0.77785	0.77792			6
2026.05.11	01:54:43.818	0.77786				2
2026.05.11	01:54:49.980		0.77791			4
2026.05.11	01:55:00.361	0.77786				2
2026.05.11	01:55:00.660		0.77792			4
2026.05.11	01:55:02.931		0.77791			4
2026.05.11	01:55:15.082		0.77792			4
2026.05.11	01:55:16.488	0.77785	0.77791			6
2026.05.11	01:55:16.800	0.77786				2
2026.05.11	01:55:22.971	0.77783	0.77788			6
2026.05.11	01:55:24.154	0.77781	0.77787			6
2026.05.11	01:55:26.554	0.77782	0.77788			6
2026.05.11	01:55:39.362		0.77789			4
2026.05.11	01:55:46.865		0.77788			4
2026.05.11	01:55:47.579		0.77789			4
2026.05.11	01:55:49.594	0.77783				2
2026.05.11	01:55:49.896		0.77788			4
2026.05.11	01:55:50.498		0.77789			4
2026.05.11	01:55:52.380	0.77782				2
2026.05.11	01:55:55.510	0.77783				2
2026.05.11	01:55:56.110	0.77782				2
2026.05.11	01:56:00.086	0.77782	0.77788			6
2026.05.11	01:56:00.386	0.77781				2
2026.05.11	01:56:01.621	0.77783				2
2026.05.11	01:56:03.307	0.77782				2
2026.05.11	01:56:03.910	0.77783	0.77789			6
2026.05.11	01:56:07.080	0.77782				2
2026.05.11	01:56:08.553		0.77788			4
2026.05.11	01:56:11.178		0.77789			4
2026.05.11	01:56:35.304	0.77783				2
2026.05.11	01:56:39.058	0.77782				2
2026.05.11	01:56:44.520	0.77784	0.77788			6
2026.05.11	01:56:46.380		0.77789			4
2026.05.11	01:57:01.118	0.77784				2
2026.05.11	01:57:02.984		0.77788			4
2026.05.11	01:57:05.913	0.77783				2
2026.05.11	01:57:09.228		0.77789			4
2026.05.11	01:57:10.482		0.77788			4
2026.05.11	01:57:15.780		0.77789			4
2026.05.11	01:57:19.081		0.77788			4
2026.05.11	01:57:23.562	0.77782	0.77787			6
2026.05.11	01:57:27.734	0.77788	0.77794			6
2026.05.11	01:57:28.034	0.77789				2
2026.05.11	01:57:32.882	0.77790	0.77795			6
2026.05.11	01:57:33.181		0.77796			4
2026.05.11	01:57:35.527		0.77795			4
2026.05.11	01:57:39.482	0.77789	0.77794			6
2026.05.11	01:57:40.486	0.77788	0.77793			6
2026.05.11	01:57:41.123	0.77789	0.77794			6
2026.05.11	01:57:42.385	0.77788				2
2026.05.11	01:57:42.685	0.77789				2
2026.05.11	01:57:58.055	0.77787	0.77792			6
2026.05.11	01:58:04.009	0.77787				2
2026.05.11	01:58:37.042	0.77786				2
2026.05.11	01:58:43.500		0.77791			4
2026.05.11	01:58:44.840	0.77787	0.77793			6
2026.05.11	01:58:45.135	0.77788	0.77794			6
2026.05.11	01:58:46.401		0.77793			4
2026.05.11	01:58:47.023		0.77792			4
2026.05.11	01:58:51.781	0.77787	0.77791			6
2026.05.11	01:59:01.186	0.77786				2
2026.05.11	01:59:12.482		0.77792			4
2026.05.11	01:59:15.295		0.77791			4
2026.05.11	01:59:41.845		0.77792			4
2026.05.11	02:00:00.003	0.77786				2
2026.05.11	02:00:00.604	0.77787				2
2026.05.11	02:00:02.739	0.77786				2
2026.05.11	02:00:07.044		0.77791			4
2026.05.11	02:00:11.545	0.77787				2
2026.05.11	02:00:12.569	0.77786				2
2026.05.11	02:00:13.169	0.77785				2
2026.05.11	02:00:14.759	0.77786				2
2026.05.11	02:00:30.863	0.77785	0.77790			6
2026.05.11	02:00:45.454	0.77784				2
2026.05.11	02:00:48.172	0.77781	0.77788			6
2026.05.11	02:00:49.395	0.77782				2
2026.05.11	02:00:52.380		0.77789			4
2026.05.11	02:00:54.138	0.77783	0.77788			6
2026.05.11	02:00:55.178	0.77782	0.77789			6
2026.05.11	02:00:56.081	0.77784				2
2026.05.11	02:00:56.379	0.77783				2
2026.05.11	02:00:59.071	0.77784				2
2026.05.11	02:00:59.671	0.77783	0.77787			6
2026.05.11	02:01:00.372	0.77784				2
2026.05.11	02:01:00.673	0.77783				2
2026.05.11	02:01:01.388	0.77784				2
2026.05.11	02:01:02.290	0.77780				2
2026.05.11	02:01:02.590	0.77781				2
2026.05.11	02:01:05.498	0.77780				2
2026.05.11	02:01:05.798	0.77777	0.77784			6
2026.05.11	02:01:06.098	0.77776	0.77782			6
2026.05.11	02:01:07.302	0.77775				2
2026.05.11	02:01:08.579	0.77776				2
2026.05.11	02:01:11.231	0.77777				2
2026.05.11	02:01:14.067	0.77779	0.77785			6
2026.05.11	02:01:14.847	0.77780				2
2026.05.11	02:01:15.873		0.77786			4
2026.05.11	02:01:16.174	0.77779	0.77785			6
2026.05.11	02:01:16.475	0.77780				2
2026.05.11	02:01:16.775		0.77786			4
2026.05.11	02:01:20.339		0.77785			4
2026.05.11	02:01:21.203		0.77786			4
2026.05.11	02:01:21.503		0.77785			4
2026.05.11	02:01:22.444	0.77781				2
2026.05.11	02:01:22.743	0.77783	0.77787			6
2026.05.11	02:01:24.104	0.77782				2
2026.05.11	02:01:24.403		0.77788			4
2026.05.11	02:01:34.082	0.77781				2
2026.05.11	02:01:46.356	0.77782				2
2026.05.11	02:01:46.659		0.77787			4
2026.05.11	02:02:00.357	0.77782				2
2026.05.11	02:02:05.017	0.77780	0.77785			6
2026.05.11	02:02:06.382		0.77784			4
2026.05.11	02:02:08.308	0.77779				2
2026.05.11	02:02:16.024	0.77781	0.77783			6
2026.05.11	02:02:17.226	0.77782				2
2026.05.11	02:02:17.526	0.77781	0.77782			6
2026.05.11	02:02:18.128		0.77783			4
2026.05.11	02:02:19.032	0.77779	0.77785			6
2026.05.11	02:02:20.297	0.77780				2
2026.05.11	02:02:22.369	0.77781	0.77786			6
2026.05.11	02:02:23.004		0.77787			4
2026.05.11	02:02:25.544	0.77782				2
2026.05.11	02:02:29.348	0.77781				2
2026.05.11	02:02:31.625	0.77782				2
2026.05.11	02:02:32.701	0.77781				2
2026.05.11	02:02:34.523	0.77782				2
2026.05.11	02:02:40.079	0.77781				2
2026.05.11	02:02:42.072	0.77782				2
2026.05.11	02:02:43.747	0.77781				2
2026.05.11	02:02:44.347	0.77785	0.77791			6
2026.05.11	02:02:44.648	0.77788	0.77794			6
2026.05.11	02:02:45.397	0.77787	0.77793			6
2026.05.11	02:02:48.406		0.77792			4
2026.05.11	02:02:52.081		0.77793			4
2026.05.11	02:02:52.808		0.77792			4
2026.05.11	02:02:54.929	0.77788				2
2026.05.11	02:03:00.111	0.77788				2
2026.05.11	02:03:00.412		0.77793			4
2026.05.11	02:03:00.713	0.77789	0.77795			6
2026.05.11	02:03:02.219		0.77794			4
2026.05.11	02:03:36.090	0.77787	0.77793			6
2026.05.11	02:03:38.227		0.77792			4
2026.05.11	02:03:46.091		0.77793			4
2026.05.11	02:03:46.695		0.77791			4
2026.05.11	02:03:50.833	0.77786	0.77790			6
2026.05.11	02:03:51.433	0.77784	0.77789			6
2026.05.11	02:03:53.578	0.77783	0.77788			6
2026.05.11	02:04:00.442	0.77783				2
2026.05.11	02:04:01.044		0.77787			4
2026.05.11	02:04:02.729		0.77789			4
2026.05.11	02:04:10.382	0.77784				2
2026.05.11	02:04:12.279		0.77790			4
2026.05.11	02:04:13.237		0.77791			4
2026.05.11	02:04:13.882	0.77785				2
2026.05.11	02:04:14.182		0.77790			4
2026.05.11	02:04:14.783	0.77784				2
2026.05.11	02:04:16.442		0.77789			4
2026.05.11	02:04:19.473		0.77790			4
2026.05.11	02:04:19.783		0.77789			4
2026.05.11	02:04:21.469		0.77790			4
2026.05.11	02:04:24.133		0.77789			4
2026.05.11	02:04:25.958		0.77790			4
2026.05.11	02:04:26.259		0.77789			4
2026.05.11	02:04:27.261		0.77790			4
2026.05.11	02:04:28.410		0.77789			4
2026.05.11	02:04:28.710	0.77783	0.77787			6
2026.05.11	02:04:32.971	0.77782				2
2026.05.11	02:04:38.197	0.77780	0.77785			6
2026.05.11	02:04:45.081	0.77785	0.77790			6
2026.05.11	02:04:46.134	0.77784	0.77788			6
2026.05.11	02:04:52.900	0.77782				2
2026.05.11	02:04:53.805		0.77787			4
2026.05.11	02:04:58.011	0.77781	0.77786			6
2026.05.11	02:05:00.378	0.77781				2
2026.05.11	02:05:01.430		0.77787			4
2026.05.11	02:05:10.700	0.77782	0.77788			6
2026.05.11	02:05:13.907		0.77789			4
2026.05.11	02:05:21.824	0.77783	0.77790			6
2026.05.11	02:05:24.597		0.77789			4
2026.05.11	02:05:28.430		0.77790			4
2026.05.11	02:05:28.731		0.77791			4
2026.05.11	02:05:30.183		0.77789			4
2026.05.11	02:05:33.454		0.77788			4
2026.05.11	02:05:34.056	0.77782				2
2026.05.11	02:05:34.356	0.77783				2
2026.05.11	02:06:00.300	0.77783				2
2026.05.11	02:06:00.877		0.77789			4
2026.05.11	02:06:01.477		0.77788			4
2026.05.11	02:06:05.504		0.77789			4
2026.05.11	02:06:12.063	0.77784	0.77790			6
2026.05.11	02:06:16.596	0.77783	0.77789			6
2026.05.11	02:06:17.226		0.77788			4
2026.05.11	02:06:17.528	0.77782				2
2026.05.11	02:06:18.439	0.77780				2
2026.05.11	02:06:25.998		0.77787			4
2026.05.11	02:06:32.976	0.77779				2
2026.05.11	02:06:41.044	0.77780	0.77788			6
2026.05.11	02:06:43.683	0.77779	0.77786			6
2026.05.11	02:06:48.714		0.77785			4
2026.05.11	02:07:01.640	0.77779				2
2026.05.11	02:07:01.940		0.77786			4
2026.05.11	02:07:04.374		0.77785			4
2026.05.11	02:07:19.916		0.77784			4
2026.05.11	02:07:23.371	0.77775	0.77782			6
2026.05.11	02:07:27.041		0.77779			4
2026.05.11	02:07:30.332		0.77780			4
2026.05.11	02:07:34.006		0.77782			4
2026.05.11	02:07:39.924	0.77777	0.77785			6
2026.05.11	02:07:40.823	0.77776	0.77783			6
2026.05.11	02:07:41.123	0.77775				2
2026.05.11	02:07:43.611	0.77776				2
2026.05.11	02:07:44.187	0.77775				2
2026.05.11	02:07:44.488	0.77776				2
2026.05.11	02:07:46.121	0.77777				2
2026.05.11	02:07:46.422		0.77784			4
2026.05.11	02:07:50.181	0.77775	0.77783			6
2026.05.11	02:07:56.522	0.77776				2
2026.05.11	02:07:56.822	0.77778	0.77785			6
2026.05.11	02:07:57.122	0.77780				2
2026.05.11	02:07:57.424	0.77778	0.77786			6
2026.05.11	02:07:58.413		0.77785			4
2026.05.11	02:08:02.879	0.77778	0.77786			6
2026.05.11	02:08:10.890		0.77785			4
2026.05.11	02:08:13.281	0.77780				2
2026.05.11	02:08:21.170		0.77786			4
2026.05.11	02:09:05.592	0.77780				2
2026.05.11	02:09:10.562	0.77779				2
2026.05.11	02:09:19.430		0.77783			4
2026.05.11	02:09:19.728	0.77778	0.77785			6
2026.05.11	02:09:21.128	0.77777	0.77782			6
2026.05.11	02:09:26.593		0.77783			4
2026.05.11	02:09:43.789		0.77782			4
2026.05.11	02:10:00.119	0.77777				2
2026.05.11	02:10:19.027	0.77780	0.77786			6
2026.05.11	02:10:37.980		0.77787			4
2026.05.11	02:10:41.448		0.77786			4
2026.05.11	02:10:43.283	0.77779				2
2026.05.11	02:10:43.584	0.77780	0.77787			6
2026.05.11	02:10:45.682	0.77781				2
2026.05.11	02:10:48.262	0.77780				2
2026.05.11	02:10:50.448		0.77786			4
2026.05.11	02:11:00.239	0.77780				2
2026.05.11	02:11:06.080	0.77783	0.77787			6
2026.05.11	02:11:07.636	0.77785	0.77790			6
2026.05.11	02:11:08.897		0.77792			4
2026.05.11	02:11:13.196	0.77786				2
2026.05.11	02:12:00.336	0.77786				2
2026.05.11	02:12:11.279		0.77792			4
2026.05.11	02:13:06.372	0.77786				2
2026.05.11	02:13:11.523		0.77792			4
2026.05.11	02:13:39.675		0.77791			4
2026.05.11	02:13:42.781		0.77792			4
2026.05.11	02:14:00.180	0.77786				2
2026.05.11	02:14:08.433	0.77787				2
2026.05.11	02:14:15.506		0.77791			4
2026.05.11	02:15:00.744	0.77787				2
2026.05.11	02:15:04.628		0.77792			4
2026.05.11	02:16:01.042	0.77787				2
2026.05.11	02:16:02.794		0.77790			4
2026.05.11	02:16:03.094	0.77785	0.77788			6
2026.05.11	02:16:04.363	0.77780	0.77785			6
2026.05.11	02:16:30.861		0.77784			4
2026.05.11	02:16:31.161	0.77778	0.77782			6
2026.05.11	02:16:33.659		0.77780			4
2026.05.11	02:16:33.958	0.77777	0.77781			6
2026.05.11	02:16:38.520		0.77782			4
2026.05.11	02:17:03.780	0.77777				2
2026.05.11	02:17:30.051		0.77781			4
2026.05.11	02:17:31.092	0.77769	0.77774			6
2026.05.11	02:17:31.691		0.77773			4
2026.05.11	02:17:39.724	0.77768	0.77772			6
2026.05.11	02:17:40.948	0.77767	0.77771			6
2026.05.11	02:17:42.502		0.77772			4
2026.05.11	02:17:42.804	0.77771	0.77776			6
2026.05.11	02:17:44.575		0.77777			4
2026.05.11	02:17:44.876		0.77776			4
2026.05.11	02:17:56.132		0.77777			4
2026.05.11	02:18:06.848	0.77771				2
2026.05.11	02:18:08.622		0.77776			4
2026.05.11	02:18:19.173		0.77777			4
2026.05.11	02:18:37.015	0.77772	0.77778			6
2026.05.11	02:18:37.617	0.77771				2
2026.05.11	02:18:38.526	0.77772				2
2026.05.11	02:18:38.828	0.77771				2
2026.05.11	02:18:39.497	0.77772				2
2026.05.11	02:18:40.100	0.77771				2
2026.05.11	02:18:40.400	0.77772				2
2026.05.11	02:18:41.073	0.77771				2
2026.05.11	02:18:41.374	0.77774	0.77780			6
2026.05.11	02:18:41.675		0.77781			4
2026.05.11	02:18:41.975		0.77780			4
2026.05.11	02:18:45.828		0.77779			4
2026.05.11	02:18:47.702		0.77780			4
2026.05.11	02:18:54.265		0.77779			4
2026.05.11	02:18:56.411		0.77778			4
2026.05.11	02:19:00.067	0.77774				2
2026.05.11	02:19:02.554	0.77773				2
2026.05.11	02:19:13.452	0.77772	0.77776			6
2026.05.11	02:19:16.920		0.77777			4
2026.05.11	02:19:43.608		0.77776			4
2026.05.11	02:19:54.180		0.77777			4
2026.05.11	02:20:00.014	0.77772				2
2026.05.11	02:20:06.458		0.77778			4
2026.05.11	02:20:08.865		0.77777			4
2026.05.11	02:20:12.927		0.77776			4
2026.05.11	02:20:13.531	0.77771	0.77775			6
2026.05.11	02:20:14.563		0.77776			4
2026.05.11	02:20:22.905		0.77775			4
2026.05.11	02:20:37.799		0.77777			4
2026.05.11	02:20:38.099		0.77776			4
2026.05.11	02:20:41.570		0.77777			4
2026.05.11	02:20:41.871		0.77776			4
2026.05.11	02:20:42.523	0.77772				2
2026.05.11	02:20:53.272		0.77777			4
2026.05.11	02:20:53.756		0.77776			4
2026.05.11	02:21:02.646	0.77772				2
2026.05.11	02:21:37.756		0.77775			4
2026.05.11	02:21:38.056	0.77769	0.77773			6
2026.05.11	02:21:43.250		0.77775			4
2026.05.11	02:21:43.553		0.77773			4
2026.05.11	02:21:52.082		0.77774			4
2026.05.11	02:21:55.961		0.77775			4
2026.05.11	02:21:56.262		0.77774			4
2026.05.11	02:21:57.120		0.77775			4
2026.05.11	02:22:01.085	0.77769				2
2026.05.11	02:22:03.523	0.77774	0.77779			6
2026.05.11	02:22:27.897	0.77775	0.77780			6
2026.05.11	02:22:30.780		0.77779			4
2026.05.11	02:23:02.993	0.77775				2
2026.05.11	02:23:34.781		0.77779			4
2026.05.11	02:23:57.872		0.77778			4
2026.05.11	02:24:00.016	0.77775				2
2026.05.11	02:24:02.684		0.77779			4
2026.05.11	02:24:09.090	0.77774				2
2026.05.11	02:24:13.204	0.77773	0.77778			6
2026.05.11	02:24:13.805	0.77774				2
2026.05.11	02:24:18.776	0.77773				2
2026.05.11	02:24:22.826	0.77774	0.77780			6
2026.05.11	02:24:23.771		0.77781			4
2026.05.11	02:24:25.147		0.77779			4
2026.05.11	02:24:25.446	0.77775	0.77780			6
2026.05.11	02:24:30.753	0.77774				2
2026.05.11	02:24:36.442	0.77772	0.77777			6
2026.05.11	02:24:37.044		0.77776			4
2026.05.11	02:24:41.918		0.77777			4
2026.05.11	02:25:01.225	0.77772	0.77776			6
2026.05.11	02:25:01.526	0.77770				2
2026.05.11	02:25:02.632	0.77772	0.77778			6
2026.05.11	02:25:53.283		0.77777			4
2026.05.11	02:25:53.585	0.77771	0.77776			6
2026.05.11	02:26:01.280	0.77771				2
2026.05.11	02:26:11.308	0.77772	0.77777			6
2026.05.11	02:26:47.377	0.77769	0.77775			6
2026.05.11	02:26:47.677		0.77776			4
2026.05.11	02:26:50.411	0.77773	0.77778			6
2026.05.11	02:26:54.799	0.77772	0.77777			6
2026.05.11	02:27:05.101	0.77772				2
2026.05.11	02:27:58.195		0.77777			4
2026.05.11	02:28:01.449	0.77772				2
2026.05.11	02:28:01.749		0.77778			4
2026.05.11	02:28:02.051	0.77775	0.77782			6
2026.05.11	02:28:02.350		0.77780			4
2026.05.11	02:28:32.580		0.77781			4
2026.05.11	02:28:54.664		0.77780			4
2026.05.11	02:28:58.008		0.77781			4
2026.05.11	02:29:00.440	0.77775				2
2026.05.11	02:29:13.713	0.77776				2
2026.05.11	02:29:19.410		0.77782			4
2026.05.11	02:29:22.267	0.77777				2
2026.05.11	02:29:30.276		0.77783			4
2026.05.11	02:29:31.297		0.77782			4
2026.05.11	02:29:32.228		0.77783			4
2026.05.11	02:29:32.830	0.77781	0.77787			6
2026.05.11	02:29:41.192		0.77786			4
2026.05.11	02:29:41.811		0.77787			4
2026.05.11	02:30:12.781	0.77781				2
2026.05.11	02:30:15.338		0.77786			4
2026.05.11	02:30:16.555	0.77777	0.77782			6
2026.05.11	02:30:36.386	0.77781	0.77786			6
2026.05.11	02:30:49.123		0.77787			4
2026.05.11	02:30:57.558		0.77786			4
2026.05.11	02:30:57.859	0.77778	0.77784			6
2026.05.11	02:31:00.093	0.77778				2
2026.05.11	02:31:03.624	0.77780	0.77786			6
2026.05.11	02:31:06.079		0.77784			4
2026.05.11	02:31:06.379		0.77785			4
2026.05.11	02:31:06.679		0.77786			4
2026.05.11	02:31:17.264		0.77785			4
2026.05.11	02:31:39.275	0.77781	0.77787			6
2026.05.11	02:31:50.225		0.77786			4
2026.05.11	02:31:50.527	0.77782				2
2026.05.11	02:31:51.618		0.77787			4
2026.05.11	02:31:54.308	0.77783	0.77788			6
2026.05.11	02:32:02.800	0.77783				2
2026.05.11	02:32:32.191		0.77787			4
2026.05.11	02:32:36.511	0.77782				2
2026.05.11	02:33:00.271	0.77782				2
2026.05.11	02:33:03.766	0.77781				2
2026.05.11	02:33:38.655		0.77787			4
2026.05.11	02:33:40.117	0.77783	0.77788			6
2026.05.11	02:33:40.417		0.77787			4
2026.05.11	02:33:43.830		0.77789			4
2026.05.11	02:33:48.281		0.77788			4
2026.05.11	02:33:57.658		0.77787			4
2026.05.11	02:33:58.880		0.77786			4
2026.05.11	02:34:00.299	0.77783				2
2026.05.11	02:34:02.512	0.77782				2
2026.05.11	02:34:03.412	0.77783	0.77788			6
2026.05.11	02:34:41.554	0.77781	0.77786			6
2026.05.11	02:34:43.623		0.77785			4
2026.05.11	02:35:00.254	0.77781				2
2026.05.11	02:35:23.844	0.77783	0.77788			6
2026.05.11	02:36:00.497	0.77783				2
2026.05.11	02:36:19.310		0.77789			4
2026.05.11	02:36:44.579		0.77790			4
2026.05.11	02:36:44.880	0.77784				2
2026.05.11	02:36:49.679		0.77789			4
2026.05.11	02:37:00.111	0.77784				2
2026.05.11	02:37:00.411		0.77788			4
2026.05.11	02:37:03.223	0.77782				2
2026.05.11	02:37:03.785	0.77781				2
2026.05.11	02:37:18.209		0.77787			4
2026.05.11	02:37:19.021	0.77779	0.77786			6
2026.05.11	02:37:20.045	0.77782	0.77790			6
2026.05.11	02:37:20.346	0.77783				2
2026.05.11	02:37:21.689	0.77782	0.77789			6
2026.05.11	02:37:23.446	0.77781	0.77788			6
2026.05.11	02:37:43.835	0.77780	0.77787			6
2026.05.11	02:37:44.435		0.77786			4
2026.05.11	02:37:45.104		0.77787			4
2026.05.11	02:37:46.176	0.77779	0.77786			6
2026.05.11	02:37:52.439	0.77780				2
2026.05.11	02:37:56.884	0.77779				2
2026.05.11	02:37:57.483	0.77780				2
2026.05.11	02:37:59.867	0.77779				2
2026.05.11	02:38:00.167	0.77780				2
2026.05.11	02:38:02.193	0.77779				2
2026.05.11	02:38:02.659	0.77780				2
2026.05.11	02:38:02.959	0.77781	0.77788			6
2026.05.11	02:38:08.516	0.77780	0.77787			6
2026.05.11	02:38:08.817		0.77788			4
2026.05.11	02:38:11.297	0.77781				2
2026.05.11	02:38:20.271	0.77780	0.77787			6
2026.05.11	02:38:29.113	0.77779	0.77786			6
2026.05.11	02:39:00.807	0.77779				2
2026.05.11	02:39:34.481		0.77786			4
2026.05.11	02:39:53.833		0.77785			4
2026.05.11	02:39:55.165	0.77780				2
2026.05.11	02:39:56.596	0.77779				2
2026.05.11	02:40:00.200	0.77779				2
2026.05.11	02:40:04.091		0.77784			4
2026.05.11	02:40:16.242		0.77785			4
2026.05.11	02:40:17.702	0.77773	0.77779			6
2026.05.11	02:40:18.303	0.77770	0.77777			6
2026.05.11	02:40:18.603	0.77769	0.77775			6
2026.05.11	02:40:18.904	0.77767	0.77774			6
2026.05.11	02:40:19.206	0.77769	0.77775			6
2026.05.11	02:40:19.508		0.77774			4
2026.05.11	02:40:20.625	0.77768				2
2026.05.11	02:40:27.667	0.77769	0.77775			6
2026.05.11	02:40:39.780	0.77770				2
2026.05.11	02:40:45.780		0.77776			4
2026.05.11	02:41:02.227	0.77770				2
2026.05.11	02:41:14.526	0.77769				2
2026.05.11	02:41:25.353		0.77775			4
2026.05.11	02:41:33.913	0.77766	0.77772			6
2026.05.11	02:41:34.953		0.77773			4
2026.05.11	02:41:35.395		0.77772			4
2026.05.11	02:41:35.696	0.77763	0.77770			6
2026.05.11	02:41:40.462	0.77764				2
2026.05.11	02:41:43.315	0.77763				2
2026.05.11	02:41:53.134	0.77764				2
2026.05.11	02:41:59.146	0.77765	0.77771			6
2026.05.11	02:41:59.747	0.77766				2
2026.05.11	02:42:00.097	0.77766				2
2026.05.11	02:42:02.692	0.77765	0.77772			6
2026.05.11	02:42:09.357	0.77767	0.77773			6
2026.05.11	02:42:10.441	0.77766				2
2026.05.11	02:42:11.674	0.77767				2
2026.05.11	02:42:13.093	0.77768	0.77774			6
2026.05.11	02:42:13.996	0.77767				2
2026.05.11	02:42:14.296	0.77766				2
2026.05.11	02:42:14.763	0.77768				2
2026.05.11	02:42:15.405	0.77767				2
2026.05.11	02:42:16.466	0.77768				2
2026.05.11	02:42:17.886		0.77773			4
2026.05.11	02:42:18.186	0.77766				2
2026.05.11	02:42:19.762	0.77764	0.77770			6
2026.05.11	02:43:00.089	0.77764				2
2026.05.11	02:43:20.298		0.77770			4
2026.05.11	02:43:34.380	0.77763				2
2026.05.11	02:43:47.443		0.77771			4
2026.05.11	02:43:55.580		0.77770			4
2026.05.11	02:44:00.298	0.77763				2
2026.05.11	02:44:03.008	0.77761	0.77767			6
2026.05.11	02:44:07.541		0.77768			4
2026.05.11	02:44:08.376		0.77767			4
2026.05.11	02:44:12.664		0.77768			4
2026.05.11	02:44:12.964	0.77760				2
2026.05.11	02:44:15.870		0.77767			4
2026.05.11	02:44:21.635	0.77761	0.77768			6
2026.05.11	02:44:22.549	0.77760				2
2026.05.11	02:44:22.850	0.77759	0.77765			6
2026.05.11	02:44:23.152		0.77767			4
2026.05.11	02:44:25.992	0.77760				2
2026.05.11	02:44:26.596	0.77759	0.77765			6
2026.05.11	02:44:31.082		0.77764			4
2026.05.11	02:44:35.152	0.77758				2
2026.05.11	02:45:00.280	0.77758				2
2026.05.11	02:45:02.463	0.77759	0.77765			6
2026.05.11	02:45:02.763		0.77764			4
2026.05.11	02:45:03.063	0.77757				2
2026.05.11	02:45:12.328	0.77760	0.77766			6
2026.05.11	02:45:13.485	0.77761	0.77767			6
2026.05.11	02:45:14.089	0.77760				2
2026.05.11	02:45:16.833	0.77761				2
2026.05.11	02:45:17.132	0.77760				2
2026.05.11	02:45:30.808	0.77764	0.77770			6
2026.05.11	02:45:33.579		0.77771			4
2026.05.11	02:45:35.973	0.77765				2
2026.05.11	02:46:01.194	0.77765				2
2026.05.11	02:46:02.096	0.77764	0.77769			6
2026.05.11	02:46:02.898		0.77770			4
2026.05.11	02:46:04.995		0.77771			4
2026.05.11	02:46:08.901		0.77770			4
2026.05.11	02:46:15.381		0.77769			4
2026.05.11	02:46:15.682	0.77765	0.77770			6
2026.05.11	02:46:16.589	0.77764	0.77769			6
2026.05.11	02:46:16.890	0.77765	0.77771			6
2026.05.11	02:46:17.191	0.77764				2
2026.05.11	02:46:25.220	0.77765				2
2026.05.11	02:47:01.470	0.77765				2
2026.05.11	02:47:04.169		0.77772			4
2026.05.11	02:47:04.469	0.77768	0.77774			6
2026.05.11	02:47:06.580	0.77767	0.77771			6
2026.05.11	02:47:10.273		0.77770			4
2026.05.11	02:47:13.880	0.77763				2
2026.05.11	02:47:15.949	0.77765				2
2026.05.11	02:47:16.293		0.77769			4
2026.05.11	02:47:23.211		0.77768			4
2026.05.11	02:47:23.511	0.77762				2
2026.05.11	02:47:23.811		0.77766			4
2026.05.11	02:47:25.160	0.77761				2
2026.05.11	02:47:37.981		0.77765			4
2026.05.11	02:47:38.388		0.77766			4
2026.05.11	02:47:38.691		0.77765			4
2026.05.11	02:47:40.757	0.77760	0.77764			6
2026.05.11	02:47:41.058		0.77766			4
2026.05.11	02:48:04.770	0.77760				2
2026.05.11	02:48:11.021		0.77765			4
2026.05.11	02:48:11.320	0.77757	0.77761			6
2026.05.11	02:48:15.188		0.77762			4
2026.05.11	02:48:16.097		0.77763			4
2026.05.11	02:48:16.397		0.77762			4
2026.05.11	02:48:20.980		0.77763			4
2026.05.11	02:48:21.281	0.77758	0.77764			6
2026.05.11	02:48:32.990		0.77762			4
2026.05.11	02:48:36.635		0.77761			4
2026.05.11	02:48:36.935	0.77757				2
2026.05.11	02:48:52.011		0.77762			4
2026.05.11	02:48:52.626		0.77761			4
2026.05.11	02:48:56.097		0.77762			4
2026.05.11	02:48:57.817		0.77761			4
2026.05.11	02:49:00.030	0.77757				2
2026.05.11	02:49:04.285		0.77762			4
2026.05.11	02:49:07.712		0.77763			4
2026.05.11	02:49:09.162	0.77758				2
2026.05.11	02:49:09.823		0.77764			4
2026.05.11	02:49:10.853		0.77763			4
2026.05.11	02:49:14.150		0.77764			4
2026.05.11	02:49:22.542		0.77763			4
2026.05.11	02:49:24.463		0.77762			4
2026.05.11	02:49:28.784		0.77761			4
2026.05.11	02:49:41.755		0.77762			4
2026.05.11	02:49:56.849	0.77757	0.77761			6
2026.05.11	02:50:00.208	0.77757				2
2026.05.11	02:50:04.115	0.77758	0.77765			6
2026.05.11	02:50:06.601	0.77759				2
2026.05.11	02:50:23.418	0.77760				2
2026.05.11	02:50:30.376		0.77766			4
2026.05.11	02:50:39.203		0.77765			4
2026.05.11	02:50:40.802		0.77766			4
2026.05.11	02:50:45.876		0.77765			4
2026.05.11	02:51:00.897	0.77760				2
2026.05.11	02:51:12.802		0.77766			4
2026.05.11	02:51:23.516		0.77765			4
2026.05.11	02:51:27.154		0.77766			4
2026.05.11	02:51:33.868	0.77762	0.77767			6
2026.05.11	02:51:34.168	0.77760	0.77765			6
2026.05.11	02:51:49.728	0.77759	0.77764			6
2026.05.11	02:52:00.219	0.77759				2
2026.05.11	02:52:00.519		0.77765			4
2026.05.11	02:52:00.893	0.77760				2
2026.05.11	02:52:01.193		0.77766			4
2026.05.11	02:52:01.493	0.77763	0.77768			6
2026.05.11	02:52:02.093	0.77764				2
2026.05.11	02:52:02.694		0.77769			4
2026.05.11	02:52:06.936		0.77768			4
2026.05.11	02:52:09.030		0.77769			4
2026.05.11	02:52:12.832	0.77768	0.77772			6
2026.05.11	02:52:14.488		0.77771			4
2026.05.11	02:52:15.377		0.77772			4
2026.05.11	02:52:15.678	0.77766	0.77771			6
2026.05.11	02:52:27.732	0.77765				2
2026.05.11	02:52:35.056		0.77770			4
2026.05.11	02:52:35.357	0.77764				2
2026.05.11	02:52:59.881	0.77766	0.77771			6
2026.05.11	02:53:00.181	0.77766	0.77770			6
2026.05.11	02:53:01.277	0.77765				2
2026.05.11	02:53:05.390		0.77769			4
2026.05.11	02:53:09.994		0.77770			4
2026.05.11	02:53:52.428		0.77769			4
2026.05.11	02:53:55.225	0.77764				2
2026.05.11	02:54:00.148	0.77764				2
2026.05.11	02:54:15.670	0.77765	0.77770			6
2026.05.11	02:54:16.976		0.77769			4
2026.05.11	02:54:20.767		0.77770			4
2026.05.11	02:54:36.386		0.77769			4
2026.05.11	02:54:44.875	0.77768	0.77773			6
2026.05.11	02:54:48.521	0.77772	0.77775			6
2026.05.11	02:54:49.544	0.77771				2
2026.05.11	02:55:00.076	0.77771				2
2026.05.11	02:55:00.676	0.77772				2
2026.05.11	02:55:02.990		0.77776			4
2026.05.11	02:55:18.376	0.77774	0.77777			6
2026.05.11	02:55:18.676	0.77773				2
2026.05.11	02:55:25.410	0.77772				2
2026.05.11	02:55:58.172		0.77778			4
2026.05.11	02:56:00.682	0.77772				2
2026.05.11	02:56:00.985		0.77777			4
2026.05.11	02:56:09.414	0.77773	0.77780			6
2026.05.11	02:56:10.347	0.77772				2
2026.05.11	02:56:10.647	0.77773				2
2026.05.11	02:56:10.947	0.77774				2
2026.05.11	02:56:12.122		0.77779			4
2026.05.11	02:56:13.084	0.77773				2
2026.05.11	02:56:15.359	0.77774	0.77780			6
2026.05.11	02:56:15.959	0.77773	0.77779			6
2026.05.11	02:56:21.132		0.77778			4
2026.05.11	02:56:22.477	0.77774	0.77779			6
2026.05.11	02:56:23.182	0.77773	0.77778			6
2026.05.11	02:56:26.073	0.77774				2
2026.05.11	02:56:26.376	0.77773	0.77779			6
2026.05.11	02:56:26.845	0.77774				2
2026.05.11	02:56:31.150	0.77775	0.77780			6
2026.05.11	02:56:31.450		0.77781			4
2026.05.11	02:56:32.372		0.77780			4
2026.05.11	02:56:33.196	0.77774				2
2026.05.11	02:56:33.496		0.77779			4
2026.05.11	02:56:34.455	0.77773				2
2026.05.11	02:56:36.303		0.77778			4
2026.05.11	02:56:38.757		0.77777			4
2026.05.11	02:56:42.208		0.77778			4
2026.05.11	02:56:42.509	0.77772				2
2026.05.11	02:56:44.141	0.77773				2
2026.05.11	02:56:47.191		0.77779			4
2026.05.11	02:56:53.384	0.77774				2
2026.05.11	02:56:53.684	0.77773				2
2026.05.11	02:56:54.588		0.77778			4
2026.05.11	02:56:56.449	0.77774	0.77780			6
2026.05.11	02:56:57.444	0.77773	0.77779			6
2026.05.11	02:56:58.496	0.77774				2
2026.05.11	02:57:00.242	0.77773				2
2026.05.11	02:57:00.836	0.77774				2
2026.05.11	02:57:01.138	0.77773				2
2026.05.11	02:57:02.118	0.77774				2
2026.05.11	02:57:02.418		0.77780			4
2026.05.11	02:57:04.927	0.77773				2
2026.05.11	02:57:13.861		0.77779			4
2026.05.11	02:57:19.471		0.77778			4
2026.05.11	02:57:24.076	0.77772	0.77776			6
2026.05.11	02:57:25.204		0.77777			4
2026.05.11	02:57:30.069		0.77778			4
2026.05.11	02:57:30.369		0.77777			4
2026.05.11	02:57:37.924		0.77776			4
2026.05.11	02:57:39.730	0.77771				2
2026.05.11	02:57:41.234	0.77772				2
2026.05.11	02:57:42.840		0.77777			4
2026.05.11	02:57:49.198		0.77778			4
2026.05.11	02:57:50.099		0.77777			4
2026.05.11	02:57:55.173		0.77778			4
2026.05.11	02:57:56.020		0.77777			4
2026.05.11	02:57:59.072		0.77778			4
2026.05.11	02:58:00.021	0.77772				2
2026.05.11	02:58:05.419		0.77779			4
2026.05.11	02:58:35.285		0.77778			4
2026.05.11	02:58:35.587		0.77779			4
2026.05.11	02:58:38.208	0.77773				2
2026.05.11	02:58:39.510	0.77774				2
2026.05.11	02:58:40.138		0.77780			4
2026.05.11	02:58:47.792	0.77773	0.77779			6
2026.05.11	02:58:48.694	0.77774				2
2026.05.11	02:58:48.997		0.77780			4
2026.05.11	02:58:52.318	0.77775				2
2026.05.11	02:58:53.603	0.77774				2
2026.05.11	02:59:00.629	0.77774	0.77779			6
2026.05.11	02:59:00.930	0.77773				2
2026.05.11	02:59:03.039	0.77775	0.77780			6
2026.05.11	02:59:04.183	0.77774				2
2026.05.11	02:59:09.608	0.77779	0.77782			6
2026.05.11	02:59:11.475		0.77784			4
2026.05.11	02:59:12.377	0.77780	0.77785			6
2026.05.11	02:59:13.039		0.77784			4
2026.05.11	02:59:13.639	0.77779	0.77782			6
2026.05.11	02:59:14.240		0.77783			4
2026.05.11	02:59:16.672		0.77784			4
2026.05.11	02:59:20.541		0.77783			4
2026.05.11	02:59:21.175		0.77784			4
2026.05.11	02:59:21.776		0.77783			4
2026.05.11	02:59:25.445		0.77784			4
2026.05.11	02:59:27.959		0.77783			4
2026.05.11	02:59:31.772		0.77784			4
2026.05.11	02:59:37.086		0.77783			4
2026.05.11	02:59:37.686		0.77784			4
2026.05.11	02:59:43.444	0.77780				2
2026.05.11	02:59:45.245	0.77779	0.77782			6
2026.05.11	02:59:46.674		0.77783			4
2026.05.11	02:59:47.576		0.77782			4
2026.05.11	02:59:49.514		0.77781			4
2026.05.11	02:59:49.815	0.77778	0.77780			6
2026.05.11	02:59:50.416		0.77781			4
2026.05.11	02:59:50.716	0.77779	0.77783			6
2026.05.11	03:00:00.004	0.77779				2
2026.05.11	03:00:00.307	0.77778	0.77782			6
2026.05.11	03:00:01.206		0.77781			4
2026.05.11	03:00:01.506	0.77776				2
2026.05.11	03:00:01.807	0.77778	0.77783			6
2026.05.11	03:00:02.407		0.77784			4
2026.05.11	03:00:03.611	0.77780	0.77785			6
2026.05.11	03:00:04.512	0.77778	0.77782			6
2026.05.11	03:00:05.416		0.77784			4
2026.05.11	03:00:05.715	0.77779				2
2026.05.11	03:00:06.205	0.77778				2
2026.05.11	03:00:06.506	0.77777	0.77782			6
2026.05.11	03:00:07.408	0.77775	0.77779			6
2026.05.11	03:00:07.709	0.77774				2
2026.05.11	03:00:08.008	0.77773				2
2026.05.11	03:00:08.309	0.77774				2
2026.05.11	03:00:09.306	0.77776	0.77781			6
2026.05.11	03:00:11.712	0.77777	0.77783			6
2026.05.11	03:00:12.012		0.77782			4
2026.05.11	03:00:13.844	0.77776				2
2026.05.11	03:00:16.072		0.77781			4
2026.05.11	03:00:17.209	0.77777				2
2026.05.11	03:00:17.811	0.77776				2
2026.05.11	03:00:19.018	0.77775	0.77779			6
2026.05.11	03:00:19.315	0.77773				2
2026.05.11	03:00:19.916	0.77774				2
2026.05.11	03:00:20.816	0.77773				2
2026.05.11	03:00:21.850	0.77774				2
2026.05.11	03:00:22.150	0.77773				2
2026.05.11	03:00:22.751	0.77774				2
2026.05.11	03:00:23.350	0.77773				2
2026.05.11	03:00:24.251	0.77774				2
2026.05.11	03:00:27.616	0.77773				2
2026.05.11	03:00:28.834	0.77775				2
2026.05.11	03:00:29.435		0.77780			4
2026.05.11	03:00:30.035	0.77774	0.77779			6
2026.05.11	03:00:30.335	0.77773				2
2026.05.11	03:00:31.236	0.77774				2
2026.05.11	03:00:32.737	0.77773				2
2026.05.11	03:00:33.039	0.77775				2
2026.05.11	03:00:33.338	0.77774				2
2026.05.11	03:00:34.242	0.77773				2
2026.05.11	03:00:34.541	0.77774				2
2026.05.11	03:00:35.525	0.77773				2
2026.05.11	03:00:36.125		0.77778			4
2026.05.11	03:00:36.426		0.77779			4
2026.05.11	03:00:37.770		0.77776			4
2026.05.11	03:00:38.370		0.77779			4
2026.05.11	03:00:38.971	0.77774				2
2026.05.11	03:00:39.271	0.77773				2
2026.05.11	03:00:39.571		0.77778			4
2026.05.11	03:00:40.171		0.77777			4
2026.05.11	03:00:40.834		0.77778			4
2026.05.11	03:00:41.137		0.77779			4
2026.05.11	03:00:42.112		0.77778			4
2026.05.11	03:00:42.414		0.77777			4
2026.05.11	03:00:42.713		0.77778			4
2026.05.11	03:00:43.013		0.77777			4
2026.05.11	03:00:43.314		0.77778			4
2026.05.11	03:00:46.324		0.77779			4
2026.05.11	03:00:47.827	0.77774				2
2026.05.11	03:00:48.127	0.77773				2
2026.05.11	03:00:48.730	0.77774				2
2026.05.11	03:00:50.832	0.77775				2
2026.05.11	03:00:51.133	0.77776	0.77781			6
2026.05.11	03:00:51.433	0.77780	0.77785			6
2026.05.11	03:00:51.733	0.77783	0.77788			6
2026.05.11	03:00:52.333		0.77787			4
2026.05.11	03:00:53.533		0.77788			4
2026.05.11	03:00:53.833		0.77787			4
2026.05.11	03:00:54.134		0.77788			4
2026.05.11	03:00:55.334		0.77787			4
2026.05.11	03:00:57.435		0.77786			4
2026.05.11	03:00:58.037		0.77787			4
2026.05.11	03:00:59.033		0.77786			4
2026.05.11	03:00:59.717		0.77787			4
2026.05.11	03:01:00.083	0.77783				2
2026.05.11	03:01:00.685		0.77786			4
2026.05.11	03:01:00.985	0.77781				2
2026.05.11	03:01:01.888		0.77787			4
2026.05.11	03:01:02.489	0.77782	0.77786			6
2026.05.11	03:01:02.789		0.77787			4
2026.05.11	03:01:03.690	0.77781				2
2026.05.11	03:01:03.990		0.77785			4
2026.05.11	03:01:04.290		0.77786			4
2026.05.11	03:01:05.793	0.77783	0.77788			6
2026.05.11	03:01:07.050		0.77789			4
2026.05.11	03:01:07.651		0.77788			4
2026.05.11	03:01:08.252	0.77784				2
2026.05.11	03:01:11.270		0.77789			4
2026.05.11	03:01:12.446	0.77785				2
2026.05.11	03:01:12.747	0.77786	0.77791			6
2026.05.11	03:01:13.348	0.77785	0.77790			6
2026.05.11	03:01:15.749	0.77784				2
2026.05.11	03:01:16.050		0.77789			4
2026.05.11	03:01:16.650		0.77788			4
2026.05.11	03:01:16.951	0.77783				2
2026.05.11	03:01:18.152	0.77784				2
2026.05.11	03:01:19.053		0.77789			4
2026.05.11	03:01:19.653	0.77785	0.77790			6
2026.05.11	03:01:20.553		0.77791			4
2026.05.11	03:01:21.031		0.77790			4
2026.05.11	03:01:22.477	0.77784	0.77789			6
2026.05.11	03:01:23.834	0.77785	0.77790			6
2026.05.11	03:01:24.434	0.77786	0.77791			6
2026.05.11	03:01:29.124	0.77785	0.77790			6
2026.05.11	03:01:31.017	0.77786	0.77791			6
2026.05.11	03:01:31.318	0.77787				2
2026.05.11	03:01:31.921	0.77788	0.77792			6
2026.05.11	03:01:32.521	0.77787				2
2026.05.11	03:01:32.821		0.77791			4
2026.05.11	03:01:33.422	0.77783	0.77788			6
2026.05.11	03:01:34.022	0.77782	0.77786			6
2026.05.11	03:01:34.322		0.77785			4
2026.05.11	03:01:35.524		0.77786			4
2026.05.11	03:01:39.826		0.77787			4
2026.05.11	03:01:41.326		0.77786			4
2026.05.11	03:01:41.926		0.77787			4
2026.05.11	03:01:42.850		0.77786			4
2026.05.11	03:01:43.151		0.77785			4
2026.05.11	03:01:44.652	0.77781				2
2026.05.11	03:01:44.953		0.77784			4
2026.05.11	03:01:45.252	0.77780	0.77785			6
2026.05.11	03:01:45.853	0.77779	0.77784			6
2026.05.11	03:01:47.487	0.77780				2
2026.05.11	03:01:47.788		0.77785			4
2026.05.11	03:01:56.107		0.77784			4
2026.05.11	03:01:57.014		0.77785			4
2026.05.11	03:01:57.616		0.77784			4
2026.05.11	03:01:57.916	0.77779				2
2026.05.11	03:01:59.117		0.77783			4
2026.05.11	03:01:59.417	0.77778				2
2026.05.11	03:01:59.718	0.77779				2
2026.05.11	03:02:00.078	0.77779				2
2026.05.11	03:02:03.987		0.77782			4
2026.05.11	03:02:04.288	0.77778				2
2026.05.11	03:02:04.890	0.77781	0.77785			6
2026.05.11	03:02:05.191	0.77780				2
2026.05.11	03:02:06.354		0.77784			4
2026.05.11	03:02:07.853		0.77785			4
2026.05.11	03:02:10.112		0.77784			4
2026.05.11	03:02:10.413	0.77779				2
2026.05.11	03:02:10.713	0.77778	0.77782			6
2026.05.11	03:02:11.314		0.77783			4
2026.05.11	03:02:11.615	0.77779				2
2026.05.11	03:02:13.612	0.77778	0.77782			6
2026.05.11	03:02:14.213		0.77783			4
2026.05.11	03:02:14.513		0.77782			4
2026.05.11	03:02:15.415	0.77779	0.77783			6
2026.05.11	03:02:15.714	0.77778				2
2026.05.11	03:02:16.482		0.77782			4
2026.05.11	03:02:18.282	0.77776	0.77781			6
2026.05.11	03:02:19.183	0.77777				2
2026.05.11	03:02:19.483	0.77776				2
2026.05.11	03:02:20.392		0.77780			4
2026.05.11	03:02:21.946	0.77771	0.77776			6
2026.05.11	03:02:25.953		0.77775			4
2026.05.11	03:02:26.670	0.77770				2
2026.05.11	03:02:34.585	0.77771				2
2026.05.11	03:02:35.244	0.77770				2
2026.05.11	03:02:35.544	0.77772	0.77777			6
2026.05.11	03:02:37.564	0.77770	0.77775			6
2026.05.11	03:02:47.488	0.77771	0.77776			6
2026.05.11	03:02:49.117	0.77772	0.77777			6
2026.05.11	03:02:50.467	0.77773	0.77778			6
2026.05.11	03:02:50.767	0.77774				2
2026.05.11	03:02:51.068	0.77773				2
2026.05.11	03:02:53.031	0.77772	0.77777			6
2026.05.11	03:02:55.312	0.77773	0.77778			6
2026.05.11	03:02:55.913	0.77772	0.77777			6
2026.05.11	03:03:00.222	0.77772				2
2026.05.11	03:03:02.788	0.77775	0.77780			6
2026.05.11	03:03:03.386	0.77774	0.77779			6
2026.05.11	03:03:03.687	0.77775	0.77780			6
2026.05.11	03:03:07.129	0.77776				2
2026.05.11	03:03:07.429		0.77781			4
2026.05.11	03:03:07.730		0.77782			4
2026.05.11	03:03:08.030	0.77775	0.77780			6
2026.05.11	03:03:09.232	0.77776	0.77781			6
2026.05.11	03:03:09.536	0.77775	0.77780			6
