<DATE>	<TIME>	<BID>	<ASK>	<LAST>	<VOLUME>	<FLAGS>
2026.05.12	00:03:30.944	0.77669	0.77923			6
2026.05.12	00:03:51.637		0.77914			4
2026.05.12	00:04:01.594	0.77639	0.77911			6
2026.05.12	00:04:25.463	0.77649	0.77854			6
2026.05.12	00:04:34.442		0.77898			4
2026.05.12	00:05:00.082	0.77649				2
2026.05.12	00:05:00.384	0.77695	0.77854			6
2026.05.12	00:05:22.044		0.77851			4
2026.05.12	00:05:24.017		0.77839			4
2026.05.12	00:05:25.019		0.77828			4
2026.05.12	00:05:32.659		0.77811			4
2026.05.12	00:05:46.831	0.77714				2
2026.05.12	00:06:00.207	0.77714				2
2026.05.12	00:06:34.800		0.77811			4
2026.05.12	00:06:41.833	0.77712				2
2026.05.12	00:07:00.555	0.77712				2
2026.05.12	00:07:36.519		0.77811			4
2026.05.12	00:07:36.823		0.77848			4
2026.05.12	00:08:04.036	0.77712				2
2026.05.12	00:08:39.008		0.77848			4
2026.05.12	00:09:00.071	0.77712				2
2026.05.12	00:09:00.837	0.77761				2
2026.05.12	00:09:02.316	0.77760				2
2026.05.12	00:09:08.417	0.77763				2
2026.05.12	00:09:16.157	0.77762				2
2026.05.12	00:09:17.456	0.77765				2
2026.05.12	00:09:19.461	0.77767				2
2026.05.12	00:09:20.463	0.77769				2
2026.05.12	00:09:24.473	0.77771				2
2026.05.12	00:09:26.523		0.77853			4
2026.05.12	00:09:28.881	0.77770				2
2026.05.12	00:09:34.608	0.77800	0.77857			6
2026.05.12	00:09:50.601	0.77799				2
2026.05.12	00:09:50.901	0.77771	0.77844			6
2026.05.12	00:09:54.139	0.77712	0.77848			6
2026.05.12	00:10:00.072	0.77712				2
2026.05.12	00:10:12.186	0.77735	0.77829			6
2026.05.12	00:10:13.080		0.77832			4
2026.05.12	00:10:33.556		0.77813			4
2026.05.12	00:10:41.685		0.77819			4
2026.05.12	00:10:41.987		0.77831			4
2026.05.12	00:10:53.710	0.77654	0.77867			6
2026.05.12	00:10:54.155		0.77868			4
2026.05.12	00:10:54.688	0.77714	0.77846			6
2026.05.12	00:11:00.179	0.77714				2
2026.05.12	00:11:55.379		0.77846			4
2026.05.12	00:12:00.045	0.77714				2
2026.05.12	00:12:16.382		0.77845			4
2026.05.12	00:12:17.881		0.77846			4
2026.05.12	00:12:39.181		0.77848			4
2026.05.12	00:12:47.546	0.77722				2
2026.05.12	00:13:01.284	0.77722				2
2026.05.12	00:13:03.449	0.77753	0.77861			6
2026.05.12	00:13:08.616	0.77756				2
2026.05.12	00:13:11.579	0.77757				2
2026.05.12	00:13:19.315	0.77756				2
2026.05.12	00:13:42.266		0.77846			4
2026.05.12	00:14:01.080	0.77756				2
2026.05.12	00:14:08.618	0.77749				2
2026.05.12	00:14:21.736	0.77788	0.77859			6
2026.05.12	00:14:22.336	0.77785				2
2026.05.12	00:14:32.315	0.77782				2
2026.05.12	00:15:00.125	0.77782				2
2026.05.12	00:15:08.581	0.77780				2
2026.05.12	00:15:16.437		0.77853			4
2026.05.12	00:15:49.301		0.77862			4
2026.05.12	00:15:49.601	0.77786				2
2026.05.12	00:15:57.168	0.77781				2
2026.05.12	00:15:59.589	0.77782				2
2026.05.12	00:16:01.681	0.77782				2
2026.05.12	00:16:06.499	0.77802	0.77872			6
2026.05.12	00:16:08.503	0.77800				2
2026.05.12	00:16:18.424	0.77802				2
2026.05.12	00:16:24.623	0.77795				2
2026.05.12	00:16:29.773	0.77814	0.77882			6
2026.05.12	00:16:38.279	0.77815				2
2026.05.12	00:16:39.815	0.77813				2
2026.05.12	00:16:42.180	0.77814				2
2026.05.12	00:16:47.304	0.77813				2
2026.05.12	00:16:47.605	0.77825				2
2026.05.12	00:16:47.906	0.77821				2
2026.05.12	00:16:48.211	0.77813				2
2026.05.12	00:17:00.170	0.77813				2
2026.05.12	00:17:01.008	0.77822				2
2026.05.12	00:17:18.059	0.77819				2
2026.05.12	00:17:24.474		0.77885			4
2026.05.12	00:17:32.729	0.77823				2
2026.05.12	00:17:41.159	0.77821				2
2026.05.12	00:17:47.421	0.77818				2
2026.05.12	00:17:58.989	0.77813				2
2026.05.12	00:18:02.759	0.77811				2
2026.05.12	00:18:06.778	0.77817	0.77867			6
2026.05.12	00:18:14.214		0.77866			4
2026.05.12	00:18:17.895	0.77816				2
2026.05.12	00:18:19.380		0.77865			4
2026.05.12	00:18:27.780		0.77864			4
2026.05.12	00:18:34.979		0.77863			4
2026.05.12	00:18:40.081		0.77862			4
2026.05.12	00:18:49.382		0.77861			4
2026.05.12	00:19:00.781	0.77816				2
2026.05.12	00:19:01.080		0.77860			4
2026.05.12	00:19:04.349		0.77861			4
2026.05.12	00:19:05.880		0.77860			4
2026.05.12	00:19:15.481		0.77859			4
2026.05.12	00:19:19.351		0.77860			4
2026.05.12	00:19:24.109		0.77859			4
2026.05.12	00:19:24.781		0.77858			4
2026.05.12	00:19:31.681		0.77857			4
2026.05.12	00:19:36.480		0.77856			4
2026.05.12	00:19:39.873		0.77855			4
2026.05.12	00:19:43.380		0.77854			4
2026.05.12	00:20:03.780	0.77816	0.77853			6
2026.05.12	00:20:04.081		0.77854			4
2026.05.12	00:20:05.901		0.77855			4
2026.05.12	00:20:15.499		0.77854			4
2026.05.12	00:20:17.580		0.77853			4
2026.05.12	00:20:19.380		0.77854			4
2026.05.12	00:20:21.783		0.77853			4
2026.05.12	00:20:24.479		0.77854			4
2026.05.12	00:20:25.081		0.77853			4
2026.05.12	00:20:26.882		0.77852			4
2026.05.12	00:20:29.881		0.77853			4
2026.05.12	00:21:00.300	0.77817				2
2026.05.12	00:21:11.524	0.77818				2
2026.05.12	00:21:20.884		0.77854			4
2026.05.12	00:21:22.681		0.77853			4
2026.05.12	00:21:26.085		0.77850			4
2026.05.12	00:21:26.386		0.77849			4
2026.05.12	00:21:29.580		0.77848			4
2026.05.12	00:21:35.547	0.77704	0.77861			6
2026.05.12	00:21:49.980		0.77860			4
2026.05.12	00:21:50.280		0.77859			4
2026.05.12	00:21:50.880		0.77857			4
2026.05.12	00:21:51.183	0.77772	0.77860			6
2026.05.12	00:21:51.483		0.77859			4
2026.05.12	00:21:52.554		0.77857			4
2026.05.12	00:21:53.580		0.77856			4
2026.05.12	00:21:54.781		0.77854			4
2026.05.12	00:21:55.681		0.77853			4
2026.05.12	00:21:56.284		0.77851			4
2026.05.12	00:21:57.180		0.77850			4
2026.05.12	00:21:58.681		0.77849			4
2026.05.12	00:21:59.581		0.77848			4
2026.05.12	00:22:00.041	0.77772				2
2026.05.12	00:22:00.341		0.77847			4
2026.05.12	00:22:00.781		0.77845			4
2026.05.12	00:22:04.316	0.77773				2
2026.05.12	00:22:04.617		0.77842			4
2026.05.12	00:22:07.981		0.77841			4
2026.05.12	00:22:12.780	0.77785	0.77842			6
2026.05.12	00:22:13.081		0.77840			4
2026.05.12	00:22:31.778		0.77839			4
2026.05.12	00:22:36.865	0.77782	0.77836			6
2026.05.12	00:22:42.487		0.77835			4
2026.05.12	00:22:45.350		0.77834			4
2026.05.12	00:22:46.913	0.77781				2
2026.05.12	00:22:47.215		0.77833			4
2026.05.12	00:22:47.768		0.77834			4
2026.05.12	00:22:48.346		0.77833			4
2026.05.12	00:22:48.646		0.77834			4
2026.05.12	00:22:48.947		0.77833			4
2026.05.12	00:22:49.248		0.77834			4
2026.05.12	00:22:50.450		0.77833			4
2026.05.12	00:22:51.053		0.77834			4
2026.05.12	00:22:51.356		0.77833			4
2026.05.12	00:22:51.659		0.77834			4
2026.05.12	00:22:51.960		0.77833			4
2026.05.12	00:22:52.638		0.77834			4
2026.05.12	00:22:53.453		0.77833			4
2026.05.12	00:22:54.679		0.77834			4
2026.05.12	00:22:58.004		0.77831			4
2026.05.12	00:23:01.613	0.77781				2
2026.05.12	00:23:03.199		0.77830			4
2026.05.12	00:23:29.079	0.77782				2
2026.05.12	00:23:29.380		0.77831			4
2026.05.12	00:23:29.679		0.77832			4
2026.05.12	00:23:30.647		0.77831			4
2026.05.12	00:23:33.684		0.77832			4
2026.05.12	00:23:34.852		0.77831			4
2026.05.12	00:23:35.982		0.77832			4
2026.05.12	00:23:36.945		0.77831			4
2026.05.12	00:23:39.985		0.77832			4
2026.05.12	00:23:40.285	0.77785				2
2026.05.12	00:23:41.350		0.77833			4
2026.05.12	00:23:41.650		0.77832			4
2026.05.12	00:23:41.950		0.77833			4
2026.05.12	00:23:42.551		0.77832			4
2026.05.12	00:23:42.854		0.77833			4
2026.05.12	00:23:43.846		0.77832			4
2026.05.12	00:23:44.147		0.77833			4
2026.05.12	00:23:44.448		0.77832			4
2026.05.12	00:23:49.297		0.77833			4
2026.05.12	00:23:49.599		0.77832			4
2026.05.12	00:23:51.302	0.77783				2
2026.05.12	00:23:52.498		0.77833			4
2026.05.12	00:23:56.444		0.77832			4
2026.05.12	00:24:00.129	0.77783				2
2026.05.12	00:24:03.483		0.77833			4
2026.05.12	00:24:16.589		0.77834			4
2026.05.12	00:24:26.351		0.77833			4
2026.05.12	00:24:46.428		0.77834			4
2026.05.12	00:25:01.523	0.77784				2
2026.05.12	00:25:46.865		0.77834			4
2026.05.12	00:25:47.165		0.77836			4
2026.05.12	00:26:00.299	0.77785				2
2026.05.12	00:26:05.845		0.77835			4
2026.05.12	00:26:15.243		0.77821			4
2026.05.12	00:26:15.562		0.77835			4
2026.05.12	00:26:15.918		0.77821			4
2026.05.12	00:26:16.218		0.77835			4
2026.05.12	00:26:16.523		0.77821			4
2026.05.12	00:26:16.843		0.77835			4
2026.05.12	00:26:17.169		0.77821			4
2026.05.12	00:26:17.490		0.77835			4
2026.05.12	00:26:17.809		0.77821			4
2026.05.12	00:26:18.150		0.77835			4
2026.05.12	00:26:18.490		0.77821			4
2026.05.12	00:26:18.790		0.77835			4
2026.05.12	00:26:20.556	0.77778				2
2026.05.12	00:26:23.388	0.77707	0.77832			6
2026.05.12	00:26:26.281		0.77833			4
2026.05.12	00:26:27.184		0.77829			4
2026.05.12	00:26:31.547		0.77830			4
2026.05.12	00:26:33.624		0.77828			4
2026.05.12	00:26:33.925		0.77827			4
2026.05.12	00:26:36.956		0.77825			4
2026.05.12	00:26:38.759		0.77828			4
2026.05.12	00:26:42.902		0.77825			4
2026.05.12	00:26:43.805		0.77828			4
2026.05.12	00:26:46.737		0.77825			4
2026.05.12	00:26:49.746		0.77828			4
2026.05.12	00:26:54.824		0.77838			4
2026.05.12	00:27:00.181	0.77707				2
2026.05.12	00:27:03.783		0.77837			4
2026.05.12	00:27:04.084		0.77836			4
2026.05.12	00:27:04.981		0.77835			4
2026.05.12	00:27:05.282		0.77834			4
2026.05.12	00:27:05.883		0.77833			4
2026.05.12	00:27:06.183		0.77832			4
2026.05.12	00:27:07.080		0.77831			4
2026.05.12	00:27:07.550		0.77835			4
2026.05.12	00:27:07.850		0.77828			4
2026.05.12	00:27:08.151		0.77827			4
2026.05.12	00:27:08.451		0.77825			4
2026.05.12	00:27:08.752		0.77830			4
2026.05.12	00:27:11.580		0.77829			4
2026.05.12	00:27:12.948		0.77824			4
2026.05.12	00:27:13.294		0.77829			4
2026.05.12	00:27:13.597		0.77825			4
2026.05.12	00:27:13.897		0.77829			4
2026.05.12	00:27:16.620		0.77838			4
2026.05.12	00:27:18.088	0.77699	0.77831			6
2026.05.12	00:27:44.280		0.77830			4
2026.05.12	00:27:48.812		0.77831			4
2026.05.12	00:27:49.713		0.77821			4
2026.05.12	00:27:56.284		0.77819			4
2026.05.12	00:28:02.741	0.77699				2
2026.05.12	00:28:14.513		0.77808			4
2026.05.12	00:28:15.119		0.77813			4
2026.05.12	00:28:32.577	0.77705	0.77823			6
2026.05.12	00:28:36.762		0.77825			4
2026.05.12	00:28:38.059		0.77826			4
2026.05.12	00:29:00.112	0.77705				2
2026.05.12	00:29:12.590		0.77827			4
2026.05.12	00:29:12.895		0.77826			4
2026.05.12	00:29:13.199		0.77824			4
2026.05.12	00:29:15.303		0.77825			4
2026.05.12	00:29:15.905		0.77824			4
2026.05.12	00:29:16.213		0.77825			4
2026.05.12	00:29:17.119		0.77826			4
2026.05.12	00:29:27.278	0.77707				2
2026.05.12	00:29:49.356		0.77827			4
2026.05.12	00:29:59.355		0.77826			4
2026.05.12	00:30:00.071	0.77707				2
2026.05.12	00:30:04.316		0.77827			4
2026.05.12	00:30:13.792		0.77824			4
2026.05.12	00:30:16.080		0.77825			4
2026.05.12	00:30:22.280	0.77709				2
2026.05.12	00:30:23.317		0.77827			4
2026.05.12	00:30:24.487		0.77828			4
2026.05.12	00:30:38.276	0.77719				2
2026.05.12	00:31:02.280	0.77719	0.77829			6
2026.05.12	00:31:04.380		0.77828			4
2026.05.12	00:31:05.880		0.77829			4
2026.05.12	00:31:10.080		0.77828			4
2026.05.12	00:31:11.991		0.77835			4
2026.05.12	00:31:12.292		0.77829			4
2026.05.12	00:31:16.883		0.77833			4
2026.05.12	00:31:17.183		0.77835			4
2026.05.12	00:31:19.172		0.77829			4
2026.05.12	00:31:21.551		0.77833			4
2026.05.12	00:31:21.852		0.77835			4
2026.05.12	00:31:23.596		0.77829			4
2026.05.12	00:31:26.427		0.77834			4
2026.05.12	00:31:26.729		0.77829			4
2026.05.12	00:32:01.524	0.77719				2
2026.05.12	00:32:28.080		0.77829			4
2026.05.12	00:32:34.081		0.77830			4
2026.05.12	00:32:46.368		0.77829			4
2026.05.12	00:33:02.725	0.77719				2
2026.05.12	00:33:23.280	0.77711				2
2026.05.12	00:33:46.699		0.77829			4
2026.05.12	00:34:01.523	0.77711				2
2026.05.12	00:34:18.280	0.77712				2
2026.05.12	00:34:39.693		0.77836			4
2026.05.12	00:34:42.296		0.77830			4
2026.05.12	00:34:43.679		0.77829			4
2026.05.12	00:35:02.445	0.77719				2
2026.05.12	00:35:02.745		0.77835			4
2026.05.12	00:35:09.545		0.77836			4
2026.05.12	00:35:48.923		0.77831			4
2026.05.12	00:35:49.980		0.77830			4
2026.05.12	00:35:57.448	0.77721				2
2026.05.12	00:36:04.275	0.77721	0.77831			6
2026.05.12	00:36:30.122		0.77835			4
2026.05.12	00:36:35.773		0.77829			4
2026.05.12	00:36:36.073		0.77834			4
2026.05.12	00:36:36.373		0.77830			4
2026.05.12	00:36:39.419		0.77829			4
2026.05.12	00:36:40.233		0.77831			4
2026.05.12	00:36:40.535		0.77830			4
2026.05.12	00:36:48.245		0.77832			4
2026.05.12	00:36:51.550		0.77828			4
2026.05.12	00:36:56.444		0.77832			4
2026.05.12	00:36:58.553		0.77828			4
2026.05.12	00:36:59.878		0.77829			4
2026.05.12	00:37:00.202	0.77721				2
2026.05.12	00:37:03.182		0.77828			4
2026.05.12	00:37:09.249		0.77829			4
2026.05.12	00:37:16.496		0.77831			4
2026.05.12	00:37:19.374		0.77828			4
2026.05.12	00:37:20.292		0.77829			4
2026.05.12	00:37:40.681		0.77828			4
2026.05.12	00:37:45.986		0.77829			4
2026.05.12	00:37:48.180		0.77828			4
2026.05.12	00:37:49.679		0.77829			4
2026.05.12	00:37:51.441		0.77830			4
2026.05.12	00:37:52.979		0.77831			4
2026.05.12	00:37:53.833		0.77829			4
2026.05.12	00:37:54.133		0.77828			4
2026.05.12	00:38:00.298	0.77721				2
2026.05.12	00:38:04.980		0.77829			4
2026.05.12	00:38:06.613		0.77828			4
2026.05.12	00:38:07.221		0.77829			4
2026.05.12	00:38:08.326		0.77828			4
2026.05.12	00:38:08.625		0.77829			4
2026.05.12	00:38:21.492		0.77828			4
2026.05.12	00:38:28.501		0.77829			4
2026.05.12	00:38:35.105		0.77830			4
2026.05.12	00:38:38.644		0.77828			4
2026.05.12	00:38:43.621		0.77829			4
2026.05.12	00:38:43.923		0.77828			4
2026.05.12	00:38:45.480		0.77829			4
2026.05.12	00:38:53.859		0.77828			4
2026.05.12	00:39:02.580	0.77721	0.77827			6
2026.05.12	00:39:12.780		0.77828			4
2026.05.12	00:39:19.957		0.77831			4
2026.05.12	00:39:23.412		0.77828			4
2026.05.12	00:39:23.714		0.77830			4
2026.05.12	00:39:24.615		0.77828			4
2026.05.12	00:39:28.488		0.77830			4
2026.05.12	00:39:44.207		0.77828			4
2026.05.12	00:39:44.509		0.77829			4
2026.05.12	00:39:48.181		0.77828			4
2026.05.12	00:39:49.145		0.77830			4
2026.05.12	00:39:55.367		0.77828			4
2026.05.12	00:40:03.180	0.77721				2
2026.05.12	00:40:05.367		0.77827			4
2026.05.12	00:40:10.368		0.77828			4
2026.05.12	00:40:20.581		0.77827			4
2026.05.12	00:40:20.882		0.77828			4
2026.05.12	00:40:23.528		0.77829			4
2026.05.12	00:40:31.082		0.77827			4
2026.05.12	00:40:35.998		0.77828			4
2026.05.12	00:40:41.580		0.77827			4
2026.05.12	00:40:43.380		0.77828			4
2026.05.12	00:40:46.363		0.77827			4
2026.05.12	00:40:51.086		0.77828			4
2026.05.12	00:41:00.179	0.77721				2
2026.05.12	00:41:01.174		0.77827			4
2026.05.12	00:41:04.680		0.77828			4
2026.05.12	00:41:07.379		0.77829			4
2026.05.12	00:41:11.488		0.77828			4
2026.05.12	00:41:11.787		0.77829			4
2026.05.12	00:41:21.824		0.77827			4
2026.05.12	00:41:26.714		0.77828			4
2026.05.12	00:41:27.019		0.77827			4
2026.05.12	00:41:31.380		0.77828			4
2026.05.12	00:41:31.680		0.77829			4
2026.05.12	00:41:58.026		0.77827			4
2026.05.12	00:42:00.180	0.77721	0.77828			6
2026.05.12	00:42:00.480		0.77829			4
2026.05.12	00:42:10.837		0.77827			4
2026.05.12	00:42:15.730		0.77828			4
2026.05.12	00:42:26.050		0.77830			4
2026.05.12	00:42:28.466		0.77829			4
2026.05.12	00:42:31.381		0.77830			4
2026.05.12	00:42:38.765		0.77827			4
2026.05.12	00:42:39.067		0.77828			4
2026.05.12	00:42:44.481		0.77829			4
2026.05.12	00:42:47.281		0.77830			4
2026.05.12	00:42:48.317		0.77828			4
2026.05.12	00:42:54.780	0.77710	0.77827			6
2026.05.12	00:42:59.645		0.77828			4
2026.05.12	00:43:01.523	0.77710				2
2026.05.12	00:43:10.093		0.77827			4
2026.05.12	00:43:14.837		0.77828			4
2026.05.12	00:43:25.305		0.77827			4
2026.05.12	00:43:28.309		0.77826			4
2026.05.12	00:43:30.075		0.77828			4
2026.05.12	00:43:30.376	0.77721				2
2026.05.12	00:43:39.477		0.77829			4
2026.05.12	00:43:40.119		0.77827			4
2026.05.12	00:43:41.027		0.77828			4
2026.05.12	00:43:50.280		0.77827			4
2026.05.12	00:43:52.044		0.77829			4
2026.05.12	00:43:54.129		0.77827			4
2026.05.12	00:43:54.435		0.77829			4
2026.05.12	00:44:01.002	0.77721	0.77827			6
2026.05.12	00:44:01.303		0.77829			4
2026.05.12	00:44:04.871		0.77826			4
2026.05.12	00:44:09.869		0.77827			4
2026.05.12	00:44:11.283		0.77828			4
2026.05.12	00:44:13.981		0.77827			4
2026.05.12	00:44:16.431		0.77829			4
2026.05.12	00:44:20.154		0.77827			4
2026.05.12	00:44:40.574		0.77829			4
2026.05.12	00:44:47.016		0.77827			4
2026.05.12	00:44:52.425		0.77829			4
2026.05.12	00:44:57.268		0.77826			4
2026.05.12	00:45:00.216	0.77721				2
2026.05.12	00:45:02.254		0.77829			4
2026.05.12	00:45:02.555		0.77828			4
2026.05.12	00:45:02.857	0.77736	0.77834			6
2026.05.12	00:45:03.459		0.77827			4
2026.05.12	00:45:05.869	0.77721	0.77828			6
2026.05.12	00:45:11.752		0.77829			4
2026.05.12	00:45:12.601		0.77825			4
2026.05.12	00:45:41.956		0.77824			4
2026.05.12	00:45:57.801		0.77825			4
2026.05.12	00:45:58.102		0.77828			4
2026.05.12	00:45:58.403		0.77827			4
2026.05.12	00:46:00.298	0.77721				2
2026.05.12	00:46:01.380		0.77826			4
2026.05.12	00:46:08.249		0.77828			4
2026.05.12	00:46:11.173		0.77825			4
2026.05.12	00:46:13.103		0.77826			4
2026.05.12	00:46:23.465		0.77828			4
2026.05.12	00:46:26.582		0.77826			4
2026.05.12	00:46:27.638	0.77729	0.77820			6
2026.05.12	00:46:28.538	0.77721	0.77826			6
2026.05.12	00:46:35.281		0.77825			4
2026.05.12	00:46:36.663		0.77828			4
2026.05.12	00:46:43.101		0.77826			4
2026.05.12	00:46:53.494		0.77828			4
2026.05.12	00:46:58.103		0.77826			4
2026.05.12	00:47:02.600	0.77669	0.77834			6
2026.05.12	00:47:02.902	0.77729	0.77818			6
2026.05.12	00:47:04.408	0.77746	0.77827			6
2026.05.12	00:47:04.709		0.77819			4
2026.05.12	00:47:05.011	0.77748				2
2026.05.12	00:47:05.312	0.77669	0.77834			6
2026.05.12	00:47:05.615	0.77721	0.77822			6
2026.05.12	00:47:07.040		0.77821			4
2026.05.12	00:47:17.514		0.77818			4
2026.05.12	00:47:17.815		0.77822			4
2026.05.12	00:47:28.322		0.77823			4
2026.05.12	00:47:28.940		0.77821			4
2026.05.12	00:47:35.231		0.77827			4
2026.05.12	00:47:52.871		0.77820			4
2026.05.12	00:47:53.172		0.77819			4
2026.05.12	00:47:54.480		0.77820			4
2026.05.12	00:47:55.872		0.77825			4
2026.05.12	00:48:01.080	0.77721				2
2026.05.12	00:48:05.881		0.77826			4
2026.05.12	00:48:06.181		0.77820			4
2026.05.12	00:48:06.481		0.77821			4
2026.05.12	00:48:16.368		0.77818			4
2026.05.12	00:48:26.580		0.77821			4
2026.05.12	00:48:26.885		0.77822			4
2026.05.12	00:48:27.182		0.77813			4
2026.05.12	00:48:27.482		0.77818			4
2026.05.12	00:48:27.781		0.77822			4
2026.05.12	00:48:28.914	0.77726				2
2026.05.12	00:48:37.686		0.77825			4
2026.05.12	00:48:37.986		0.77824			4
2026.05.12	00:48:38.286		0.77825			4
2026.05.12	00:48:38.587		0.77824			4
2026.05.12	00:48:39.481		0.77825			4
2026.05.12	00:48:41.880		0.77824			4
2026.05.12	00:48:42.868		0.77821			4
2026.05.12	00:48:43.469		0.77823			4
2026.05.12	00:48:49.523		0.77822			4
2026.05.12	00:48:54.181		0.77824			4
2026.05.12	00:48:58.622		0.77823			4
2026.05.12	00:48:58.922		0.77825			4
2026.05.12	00:48:59.223		0.77822			4
2026.05.12	00:49:00.304	0.77726				2
2026.05.12	00:49:04.381		0.77823			4
2026.05.12	00:49:08.237		0.77827			4
2026.05.12	00:49:21.786		0.77826			4
2026.05.12	00:49:22.087		0.77827			4
2026.05.12	00:49:22.688		0.77826			4
2026.05.12	00:49:22.989		0.77827			4
2026.05.12	00:49:25.138		0.77826			4
2026.05.12	00:49:30.699		0.77823			4
2026.05.12	00:49:31.300		0.77825			4
2026.05.12	00:49:37.680		0.77826			4
2026.05.12	00:49:39.529		0.77824			4
2026.05.12	00:49:40.130		0.77823			4
2026.05.12	00:49:50.049		0.77824			4
2026.05.12	00:49:50.352		0.77820			4
2026.05.12	00:49:50.652		0.77822			4
2026.05.12	00:49:50.954		0.77825			4
2026.05.12	00:49:57.676		0.77826			4
2026.05.12	00:49:57.976		0.77824			4
2026.05.12	00:50:00.076	0.77726	0.77823			6
2026.05.12	00:50:00.677		0.77825			4
2026.05.12	00:50:00.982		0.77826			4
2026.05.12	00:50:10.872		0.77823			4
2026.05.12	00:50:11.172		0.77824			4
2026.05.12	00:50:21.281		0.77825			4
2026.05.12	00:50:21.582		0.77824			4
2026.05.12	00:50:32.093		0.77825			4
2026.05.12	00:50:32.393		0.77823			4
2026.05.12	00:50:32.697		0.77825			4
2026.05.12	00:50:33.597		0.77826			4
2026.05.12	00:50:43.609		0.77827			4
2026.05.12	00:50:51.781		0.77828			4
2026.05.12	00:50:54.183		0.77826			4
2026.05.12	00:50:55.082		0.77827			4
2026.05.12	00:51:00.857	0.77726				2
2026.05.12	00:51:04.952		0.77826			4
2026.05.12	00:51:13.918	0.77727				2
2026.05.12	00:51:14.492		0.77825			4
2026.05.12	00:51:15.399		0.77826			4
2026.05.12	00:51:19.682		0.77825			4
2026.05.12	00:51:21.947		0.77824			4
2026.05.12	00:51:22.248		0.77825			4
2026.05.12	00:51:30.921		0.77824			4
2026.05.12	00:51:32.848		0.77823			4
2026.05.12	00:51:34.081		0.77824			4
2026.05.12	00:51:39.249		0.77823			4
2026.05.12	00:51:40.980		0.77824			4
2026.05.12	00:51:45.358		0.77823			4
2026.05.12	00:51:45.659		0.77822			4
2026.05.12	00:51:46.260		0.77820			4
2026.05.12	00:51:46.560		0.77823			4
2026.05.12	00:51:48.180		0.77822			4
2026.05.12	00:51:51.657		0.77824			4
2026.05.12	00:52:01.079	0.77727				2
2026.05.12	00:52:01.983		0.77823			4
2026.05.12	00:52:05.400		0.77821			4
2026.05.12	00:52:05.703		0.77822			4
2026.05.12	00:52:06.003		0.77821			4
2026.05.12	00:52:06.603		0.77823			4
2026.05.12	00:52:06.904		0.77822			4
2026.05.12	00:52:07.204		0.77823			4
2026.05.12	00:52:07.507		0.77821			4
2026.05.12	00:52:07.808		0.77822			4
2026.05.12	00:52:08.110		0.77821			4
2026.05.12	00:52:08.410		0.77822			4
2026.05.12	00:52:09.012		0.77821			4
2026.05.12	00:52:09.313		0.77822			4
2026.05.12	00:52:09.613		0.77821			4
2026.05.12	00:52:11.224		0.77820			4
2026.05.12	00:52:16.849		0.77822			4
2026.05.12	00:52:18.481		0.77823			4
2026.05.12	00:52:20.700		0.77824			4
2026.05.12	00:52:20.999		0.77823			4
2026.05.12	00:52:21.601		0.77824			4
2026.05.12	00:52:31.559		0.77823			4
2026.05.12	00:52:31.864		0.77822			4
2026.05.12	00:52:32.166		0.77823			4
2026.05.12	00:52:42.512		0.77822			4
2026.05.12	00:52:54.917		0.77823			4
2026.05.12	00:52:56.140		0.77822			4
2026.05.12	00:52:58.380		0.77823			4
2026.05.12	00:53:00.636	0.77727	0.77822			6
2026.05.12	00:53:01.237		0.77821			4
2026.05.12	00:53:01.536	0.77721	0.77817			6
2026.05.12	00:53:01.837		0.77816			4
2026.05.12	00:53:04.084		0.77815			4
2026.05.12	00:53:10.901	0.77724				2
2026.05.12	00:53:12.152	0.77725	0.77814			6
2026.05.12	00:53:12.455	0.77723	0.77812			6
2026.05.12	00:53:12.754	0.77722	0.77813			6
2026.05.12	00:53:19.557	0.77728	0.77811			6
2026.05.12	00:53:22.647	0.77721				2
2026.05.12	00:53:22.946		0.77810			4
2026.05.12	00:53:27.606	0.77722				2
2026.05.12	00:53:33.057	0.77721	0.77808			6
2026.05.12	00:53:33.358	0.77723				2
2026.05.12	00:53:41.708	0.77721	0.77812			6
2026.05.12	00:53:42.010	0.77717				2
2026.05.12	00:53:43.380		0.77813			4
2026.05.12	00:53:46.940	0.77727				2
2026.05.12	00:53:47.245	0.77726				2
2026.05.12	00:53:47.870	0.77725	0.77814			6
2026.05.12	00:53:52.679	0.77726				2
2026.05.12	00:53:57.421	0.77716				2
2026.05.12	00:54:00.075	0.77716				2
2026.05.12	00:54:02.419	0.77722				2
2026.05.12	00:54:12.695	0.77717				2
2026.05.12	00:54:12.996		0.77813			4
2026.05.12	00:54:13.599	0.77714	0.77814			6
2026.05.12	00:54:15.480		0.77813			4
2026.05.12	00:54:17.481		0.77812			4
2026.05.12	00:54:17.782		0.77813			4
2026.05.12	00:54:22.658		0.77814			4
2026.05.12	00:54:23.321	0.77717				2
2026.05.12	00:54:29.459	0.77722				2
2026.05.12	00:54:33.114	0.77714				2
2026.05.12	00:55:01.081	0.77714				2
2026.05.12	00:55:03.126		0.77813			4
2026.05.12	00:55:03.427		0.77811			4
2026.05.12	00:55:03.728	0.77716	0.77810			6
2026.05.12	00:55:04.629	0.77714	0.77811			6
2026.05.12	00:55:05.618	0.77724	0.77812			6
2026.05.12	00:55:06.588	0.77721	0.77811			6
2026.05.12	00:55:06.890	0.77723	0.77810			6
2026.05.12	00:55:07.190	0.77728	0.77809			6
2026.05.12	00:55:08.280	0.77729	0.77808			6
2026.05.12	00:55:08.933	0.77730				2
2026.05.12	00:55:09.537	0.77732	0.77810			6
2026.05.12	00:55:09.836	0.77731	0.77811			6
2026.05.12	00:55:10.180		0.77812			4
2026.05.12	00:55:14.732	0.77728	0.77810			6
2026.05.12	00:55:15.320	0.77733				2
2026.05.12	00:55:15.928	0.77732				2
2026.05.12	00:55:20.143	0.77729				2
2026.05.12	00:55:20.442	0.77724				2
2026.05.12	00:55:21.045	0.77725	0.77808			6
2026.05.12	00:55:21.648	0.77726				2
2026.05.12	00:55:23.152		0.77807			4
2026.05.12	00:55:24.057	0.77727				2
2026.05.12	00:55:24.960	0.77724	0.77812			6
2026.05.12	00:55:25.259	0.77733	0.77808			6
2026.05.12	00:55:30.975	0.77731	0.77809			6
2026.05.12	00:55:31.273	0.77727	0.77812			6
2026.05.12	00:55:31.577	0.77725	0.77815			6
2026.05.12	00:55:32.478	0.77726	0.77813			6
2026.05.12	00:55:32.775	0.77728	0.77811			6
2026.05.12	00:55:33.077	0.77730	0.77810			6
2026.05.12	00:55:33.674		0.77809			4
2026.05.12	00:55:33.977	0.77729	0.77810			6
2026.05.12	00:55:34.277	0.77727	0.77812			6
2026.05.12	00:55:34.578	0.77729	0.77810			6
2026.05.12	00:55:35.180	0.77730	0.77809			6
2026.05.12	00:55:35.782	0.77729				2
2026.05.12	00:55:36.082	0.77730				2
2026.05.12	00:55:38.786	0.77721	0.77813			6
2026.05.12	00:55:39.086	0.77722	0.77811			6
2026.05.12	00:55:39.388	0.77725	0.77810			6
2026.05.12	00:55:40.588	0.77724	0.77809			6
2026.05.12	00:55:40.889	0.77725				2
2026.05.12	00:55:51.442	0.77724				2
2026.05.12	00:55:51.741	0.77731				2
2026.05.12	00:55:52.042	0.77733	0.77806			6
2026.05.12	00:55:53.850	0.77734	0.77805			6
2026.05.12	00:55:54.150	0.77727	0.77813			6
2026.05.12	00:55:54.454	0.77735	0.77805			6
2026.05.12	00:55:55.960	0.77731	0.77808			6
2026.05.12	00:55:56.262	0.77726	0.77814			6
2026.05.12	00:55:56.562		0.77813			4
2026.05.12	00:55:56.862	0.77728	0.77811			6
2026.05.12	00:55:57.165	0.77730	0.77809			6
2026.05.12	00:55:59.870	0.77732	0.77808			6
2026.05.12	00:56:00.172	0.77732				2
2026.05.12	00:56:05.576	0.77725				2
2026.05.12	00:56:06.476	0.77719	0.77814			6
2026.05.12	00:56:06.775	0.77732	0.77809			6
2026.05.12	00:56:07.075	0.77727	0.77813			6
2026.05.12	00:56:07.376	0.77726	0.77806			6
2026.05.12	00:56:07.677		0.77814			4
2026.05.12	00:56:07.978	0.77727				2
2026.05.12	00:56:08.582	0.77726	0.77815			6
2026.05.12	00:56:08.884	0.77728	0.77811			6
2026.05.12	00:56:09.486	0.77730	0.77809			6
2026.05.12	00:56:09.786	0.77724	0.77816			6
2026.05.12	00:56:16.994	0.77717	0.77815			6
2026.05.12	00:56:20.900		0.77816			4
2026.05.12	00:56:32.048	0.77724				2
2026.05.12	00:56:42.279	0.77717				2
2026.05.12	00:56:45.880	0.77718	0.77815			6
2026.05.12	00:56:47.086	0.77724	0.77816			6
2026.05.12	00:56:56.104	0.77717				2
2026.05.12	00:56:58.205	0.77770	0.77822			6
2026.05.12	00:57:00.014	0.77770				2
2026.05.12	00:57:01.519	0.77771				2
2026.05.12	00:57:06.341	0.77770				2
2026.05.12	00:57:09.650		0.77827			4
2026.05.12	00:57:13.269		0.77833			4
2026.05.12	00:57:23.488		0.77821			4
2026.05.12	00:57:28.304		0.77828			4
2026.05.12	00:57:38.537		0.77829			4
2026.05.12	00:57:58.087		0.77832			4
2026.05.12	00:57:58.388		0.77837			4
2026.05.12	00:58:00.192	0.77770				2
2026.05.12	00:58:03.207		0.77838			4
2026.05.12	00:58:08.331		0.77830			4
2026.05.12	00:58:38.425	0.77769				2
2026.05.12	00:58:41.739		0.77831			4
2026.05.12	00:58:58.281		0.77827			4
2026.05.12	00:59:00.086	0.77769				2
2026.05.12	00:59:20.863	0.77768				2
2026.05.12	00:59:25.973	0.77769	0.77829			6
2026.05.12	00:59:26.272		0.77838			4
2026.05.12	00:59:26.572	0.77765	0.77816			6
2026.05.12	00:59:26.873	0.77768	0.77839			6
2026.05.12	00:59:27.176		0.77843			4
2026.05.12	00:59:28.376		0.77842			4
2026.05.12	00:59:31.081	0.77767				2
2026.05.12	00:59:33.187	0.77766				2
2026.05.12	00:59:36.190	0.77767				2
2026.05.12	00:59:37.699	0.77766				2
2026.05.12	00:59:40.409	0.77765				2
2026.05.12	00:59:41.013		0.77819			4
2026.05.12	00:59:41.318	0.77764	0.77842			6
2026.05.12	00:59:47.346	0.77763				2
2026.05.12	00:59:47.946	0.77762				2
2026.05.12	00:59:48.548		0.77833			4
2026.05.12	00:59:49.450		0.77842			4
2026.05.12	00:59:49.752		0.77833			4
2026.05.12	00:59:50.053		0.77825			4
2026.05.12	00:59:51.258		0.77821			4
2026.05.12	00:59:51.556		0.77823			4
2026.05.12	00:59:51.857		0.77821			4
2026.05.12	00:59:52.157		0.77836			4
2026.05.12	00:59:52.457		0.77821			4
2026.05.12	00:59:54.869		0.77829			4
2026.05.12	00:59:56.072	0.77761	0.77830			6
2026.05.12	00:59:59.681		0.77834			4
2026.05.12	01:00:00.287	0.77736	0.77841			6
2026.05.12	01:00:00.582	0.77745	0.77836			6
2026.05.12	01:00:00.889	0.77746	0.77842			6
2026.05.12	01:00:01.186	0.77741				2
2026.05.12	01:00:01.790	0.77740				2
2026.05.12	01:00:02.088		0.77851			4
2026.05.12	01:00:02.381		0.77839			4
2026.05.12	01:00:02.693	0.77739	0.77840			6
2026.05.12	01:00:02.992	0.77719	0.77818			6
2026.05.12	01:00:03.291	0.77723	0.77820			6
2026.05.12	01:00:03.591	0.77731	0.77826			6
2026.05.12	01:00:03.884	0.77732				2
2026.05.12	01:00:04.191	0.77731				2
2026.05.12	01:00:04.490	0.77736	0.77825			6
2026.05.12	01:00:04.791	0.77738	0.77824			6
2026.05.12	01:00:05.091	0.77737				2
2026.05.12	01:00:05.394	0.77738				2
2026.05.12	01:00:05.988	0.77751	0.77816			6
2026.05.12	01:00:06.594	0.77753	0.77818			6
2026.05.12	01:00:08.093		0.77815			4
2026.05.12	01:00:08.394	0.77751				2
2026.05.12	01:00:10.793	0.77758	0.77809			6
2026.05.12	01:00:11.395	0.77745	0.77819			6
2026.05.12	01:00:11.996	0.77744				2
2026.05.12	01:00:13.193	0.77758	0.77822			6
2026.05.12	01:00:13.790	0.77744	0.77813			6
2026.05.12	01:00:14.691	0.77743				2
2026.05.12	01:00:18.306	0.77744	0.77811			6
2026.05.12	01:00:20.714	0.77741	0.77810			6
2026.05.12	01:00:22.216	0.77740	0.77808			6
2026.05.12	01:00:22.515	0.77739	0.77803			6
2026.05.12	01:00:23.118		0.77804			4
2026.05.12	01:00:27.323	0.77740				2
2026.05.12	01:00:28.228		0.77802			4
2026.05.12	01:00:28.523	0.77736	0.77800			6
2026.05.12	01:00:30.328		0.77798			4
2026.05.12	01:00:30.632	0.77735	0.77796			6
2026.05.12	01:00:32.725	0.77732				2
2026.05.12	01:00:33.330		0.77795			4
2026.05.12	01:00:33.623	0.77733				2
2026.05.12	01:00:34.825	0.77732				2
2026.05.12	01:00:36.328		0.77796			4
2026.05.12	01:00:45.040		0.77799			4
2026.05.12	01:00:47.456	0.77733				2
2026.05.12	01:00:48.356		0.77798			4
2026.05.12	01:00:48.660	0.77732	0.77789			6
2026.05.12	01:00:48.959	0.77731				2
2026.05.12	01:00:53.156		0.77787			4
2026.05.12	01:00:57.365		0.77786			4
2026.05.12	01:00:57.662	0.77729				2
2026.05.12	01:00:58.269		0.77782			4
2026.05.12	01:01:00.073	0.77729	0.77779			6
2026.05.12	01:01:00.375	0.77735	0.77782			6
2026.05.12	01:01:00.667		0.77785			4
2026.05.12	01:01:01.267	0.77730	0.77781			6
2026.05.12	01:01:01.569		0.77780			4
2026.05.12	01:01:03.371		0.77779			4
2026.05.12	01:01:06.673	0.77749	0.77785			6
2026.05.12	01:01:08.174		0.77774			4
2026.05.12	01:01:08.771	0.77753	0.77776			6
2026.05.12	01:01:09.073	0.77756	0.77779			6
2026.05.12	01:01:09.382	0.77755	0.77777			6
2026.05.12	01:01:10.573	0.77756				2
2026.05.12	01:01:14.477	0.77755	0.77776			6
2026.05.12	01:01:18.382	0.77759	0.77777			6
2026.05.12	01:01:27.095	0.77758	0.77776			6
2026.05.12	01:01:46.025	0.77757	0.77775			6
2026.05.12	01:01:55.644	0.77761	0.77783			6
2026.05.12	01:01:58.050		0.77781			4
2026.05.12	01:02:00.153	0.77764	0.77782			6
2026.05.12	01:02:00.455		0.77781			4
2026.05.12	01:02:04.057	0.77763	0.77780			6
2026.05.12	01:02:04.959	0.77764	0.77781			6
2026.05.12	01:02:06.463	0.77765				2
2026.05.12	01:02:13.074	0.77766	0.77782			6
2026.05.12	01:02:15.176	0.77765	0.77781			6
2026.05.12	01:02:17.276	0.77764	0.77780			6
2026.05.12	01:02:33.494	0.77765				2
2026.05.12	01:03:00.246	0.77765				2
2026.05.12	01:03:00.544		0.77779			4
2026.05.12	01:03:08.358	0.77762	0.77781			6
2026.05.12	01:03:20.679	0.77763	0.77780			6
2026.05.12	01:03:27.278		0.77781			4
2026.05.12	01:04:00.035	0.77763				2
2026.05.12	01:04:02.431	0.77762				2
2026.05.12	01:04:07.239	0.77763				2
2026.05.12	01:04:08.144	0.77764	0.77780			6
2026.05.12	01:04:09.345	0.77763				2
2026.05.12	01:04:16.558	0.77761				2
2026.05.12	01:04:34.282	0.77763				2
2026.05.12	01:04:40.291	0.77761				2
2026.05.12	01:04:42.691	0.77762	0.77778			6
2026.05.12	01:04:50.206	0.77763				2
2026.05.12	01:04:55.318	0.77762				2
2026.05.12	01:04:55.615	0.77763				2
2026.05.12	01:04:56.818	0.77762				2
2026.05.12	01:04:58.624	0.77763				2
2026.05.12	01:04:59.227	0.77762				2
2026.05.12	01:04:59.831	0.77763				2
2026.05.12	01:05:00.131	0.77763				2
2026.05.12	01:05:00.429	0.77762				2
2026.05.12	01:05:10.355		0.77777			4
2026.05.12	01:05:16.967	0.77763	0.77779			6
2026.05.12	01:05:18.473	0.77764	0.77780			6
2026.05.12	01:05:29.275	0.77768	0.77784			6
2026.05.12	01:05:40.084	0.77769				2
2026.05.12	01:05:59.630		0.77783			4
2026.05.12	01:06:00.234	0.77769				2
2026.05.12	01:06:59.770		0.77783			4
2026.05.12	01:07:00.071	0.77769				2
2026.05.12	01:07:15.696	0.77773	0.77787			6
2026.05.12	01:08:00.178	0.77773				2
2026.05.12	01:08:15.793		0.77787			4
2026.05.12	01:08:44.674	0.77771	0.77785			6
2026.05.12	01:09:00.001	0.77771				2
2026.05.12	01:09:42.675	0.77773	0.77786			6
2026.05.12	01:09:42.982	0.77772	0.77785			6
2026.05.12	01:09:48.986	0.77773	0.77786			6
2026.05.12	01:09:53.188		0.77787			4
2026.05.12	01:10:00.107	0.77773				2
2026.05.12	01:10:53.313		0.77787			4
2026.05.12	01:10:53.914	0.77772	0.77785			6
2026.05.12	01:11:00.230	0.77772				2
2026.05.12	01:11:03.235		0.77786			4
2026.05.12	01:11:05.340	0.77771	0.77785			6
2026.05.12	01:11:32.388	0.77772	0.77787			6
2026.05.12	01:11:53.746	0.77771	0.77786			6
2026.05.12	01:12:00.057	0.77771				2
2026.05.12	01:12:37.631	0.77773	0.77787			6
2026.05.12	01:12:47.552		0.77788			4
2026.05.12	01:13:00.176	0.77773				2
2026.05.12	01:13:09.181	0.77774	0.77787			6
2026.05.12	01:13:19.087		0.77789			4
2026.05.12	01:13:30.529		0.77788			4
2026.05.12	01:13:56.994		0.77789			4
2026.05.12	01:14:00.003	0.77774				2
2026.05.12	01:14:10.851	0.77775	0.77790			6
2026.05.12	01:14:19.270	0.77774	0.77789			6
2026.05.12	01:14:37.896		0.77790			4
2026.05.12	01:14:45.121		0.77791			4
2026.05.12	01:14:46.326		0.77790			4
2026.05.12	01:14:48.734		0.77791			4
2026.05.12	01:14:49.035		0.77790			4
2026.05.12	01:14:52.346		0.77791			4
2026.05.12	01:14:52.646		0.77790			4
2026.05.12	01:14:54.148		0.77791			4
2026.05.12	01:14:54.752		0.77790			4
2026.05.12	01:14:55.051		0.77791			4
2026.05.12	01:14:55.652		0.77792			4
2026.05.12	01:14:56.254		0.77791			4
2026.05.12	01:14:56.856		0.77792			4
2026.05.12	01:15:00.166	0.77774	0.77791			6
2026.05.12	01:15:01.669		0.77792			4
2026.05.12	01:15:02.270		0.77791			4
2026.05.12	01:15:02.873		0.77792			4
2026.05.12	01:15:03.171		0.77790			4
2026.05.12	01:15:07.073		0.77791			4
2026.05.12	01:15:18.188		0.77790			4
2026.05.12	01:15:25.705	0.77775	0.77791			6
2026.05.12	01:15:27.210	0.77774	0.77790			6
2026.05.12	01:15:27.513		0.77789			4
2026.05.12	01:15:35.029		0.77788			4
2026.05.12	01:15:42.243	0.77771	0.77785			6
2026.05.12	01:16:00.285	0.77771				2
2026.05.12	01:16:33.972	0.77769	0.77783			6
2026.05.12	01:16:42.981	0.77768	0.77782			6
2026.05.12	01:16:57.103		0.77783			4
2026.05.12	01:17:00.110	0.77768				2
2026.05.12	01:17:10.336		0.77782			4
2026.05.12	01:17:11.241	0.77772	0.77786			6
2026.05.12	01:17:54.549		0.77787			4
2026.05.12	01:18:00.272	0.77772				2
2026.05.12	01:18:21.599	0.77771	0.77785			6
2026.05.12	01:19:00.084	0.77771				2
2026.05.12	01:19:21.722		0.77785			4
2026.05.12	01:20:00.197	0.77771				2
2026.05.12	01:20:00.501	0.77770	0.77784			6
2026.05.12	01:20:24.869	0.77768	0.77782			6
2026.05.12	01:21:00.041	0.77768				2
2026.05.12	01:21:00.647	0.77767	0.77781			6
2026.05.12	01:21:48.746	0.77768	0.77782			6
2026.05.12	01:21:52.051		0.77783			4
2026.05.12	01:21:53.258		0.77782			4
2026.05.12	01:22:00.175	0.77768				2
2026.05.12	01:22:14.287	0.77770	0.77783			6
2026.05.12	01:22:16.692		0.77784			4
2026.05.12	01:22:20.301		0.77783			4
2026.05.12	01:22:23.309	0.77769				2
2026.05.12	01:22:40.462		0.77782			4
2026.05.12	01:23:00.292	0.77769				2
2026.05.12	01:23:35.188	0.77771				2
2026.05.12	01:23:38.489	0.77769	0.77781			6
2026.05.12	01:23:40.893		0.77780			4
2026.05.12	01:24:00.144	0.77769				2
2026.05.12	01:24:08.261	0.77767	0.77779			6
2026.05.12	01:24:19.381		0.77780			4
2026.05.12	01:24:58.479	0.77770				2
2026.05.12	01:25:00.287	0.77770				2
2026.05.12	01:25:02.087	0.77769				2
2026.05.12	01:25:19.536		0.77780			4
2026.05.12	01:25:24.653	0.77770				2
2026.05.12	01:25:26.457	0.77769				2
2026.05.12	01:25:32.477	0.77770				2
2026.05.12	01:25:36.681	0.77766	0.77777			6
2026.05.12	01:25:39.091	0.77765				2
2026.05.12	01:25:39.387	0.77766				2
2026.05.12	01:25:44.488	0.77765				2
2026.05.12	01:25:52.011		0.77775			4
2026.05.12	01:25:52.310		0.77777			4
2026.05.12	01:26:00.148	0.77765				2
2026.05.12	01:26:01.354	0.77763	0.77775			6
2026.05.12	01:26:10.071		0.77776			4
2026.05.12	01:26:11.267	0.77765				2
2026.05.12	01:26:13.667		0.77777			4
2026.05.12	01:26:27.491	0.77766	0.77776			6
2026.05.12	01:26:27.783	0.77765				2
2026.05.12	01:26:28.983		0.77777			4
2026.05.12	01:26:43.726	0.77766				2
2026.05.12	01:26:44.329	0.77765				2
2026.05.12	01:27:00.271	0.77765				2
2026.05.12	01:27:01.775	0.77766				2
2026.05.12	01:27:02.679	0.77765				2
2026.05.12	01:27:20.422	0.77768				2
2026.05.12	01:27:21.324	0.77765				2
2026.05.12	01:27:22.831	0.77768				2
2026.05.12	01:27:23.132	0.77765				2
2026.05.12	01:27:23.432	0.77768				2
2026.05.12	01:27:24.034	0.77765				2
2026.05.12	01:27:24.633	0.77768				2
2026.05.12	01:27:25.538		0.77778			4
2026.05.12	01:27:25.839		0.77777			4
2026.05.12	01:27:35.457	0.77765				2
2026.05.12	01:27:36.659	0.77767				2
2026.05.12	01:27:44.473	0.77764	0.77776			6
2026.05.12	01:27:50.778	0.77765	0.77777			6
2026.05.12	01:28:00.090	0.77765				2
2026.05.12	01:28:00.689	0.77764				2
2026.05.12	01:28:00.990	0.77765				2
2026.05.12	01:28:02.196	0.77764				2
2026.05.12	01:28:02.496	0.77765				2
2026.05.12	01:28:03.092	0.77764				2
2026.05.12	01:28:03.391	0.77765				2
2026.05.12	01:28:07.906	0.77764				2
2026.05.12	01:28:09.107	0.77765				2
2026.05.12	01:28:09.409	0.77764				2
2026.05.12	01:28:10.007	0.77765				2
2026.05.12	01:28:12.419	0.77764				2
2026.05.12	01:28:14.521	0.77765				2
2026.05.12	01:28:19.947	0.77764				2
2026.05.12	01:28:20.548	0.77765				2
2026.05.12	01:28:21.150	0.77764				2
2026.05.12	01:28:21.754	0.77765				2
2026.05.12	01:28:22.353	0.77764				2
2026.05.12	01:28:22.658	0.77765				2
2026.05.12	01:28:24.453	0.77764				2
2026.05.12	01:28:25.656	0.77765				2
2026.05.12	01:28:27.458	0.77764				2
2026.05.12	01:28:28.961	0.77765				2
2026.05.12	01:28:29.262	0.77764				2
2026.05.12	01:28:29.562	0.77765				2
2026.05.12	01:28:29.865	0.77764				2
2026.05.12	01:28:30.469	0.77765				2
2026.05.12	01:28:32.879	0.77766	0.77778			6
2026.05.12	01:28:43.078	0.77769				2
2026.05.12	01:28:43.981	0.77767				2
2026.05.12	01:28:45.190	0.77769				2
2026.05.12	01:28:47.904	0.77767				2
2026.05.12	01:28:51.216	0.77768	0.77780			6
2026.05.12	01:28:51.817	0.77769				2
2026.05.12	01:28:53.924	0.77771				2
2026.05.12	01:28:55.433	0.77772				2
2026.05.12	01:28:56.035		0.77781			4
2026.05.12	01:29:00.249	0.77772				2
2026.05.12	01:29:06.266		0.77780			4
2026.05.12	01:30:00.090	0.77772				2
2026.05.12	01:30:02.191		0.77781			4
2026.05.12	01:30:02.804	0.77773	0.77774			6
2026.05.12	01:30:05.812	0.77772	0.77780			6
2026.05.12	01:30:08.523		0.77781			4
2026.05.12	01:30:15.150	0.77771	0.77780			6
2026.05.12	01:30:15.454	0.77768				2
2026.05.12	01:30:17.859		0.77781			4
2026.05.12	01:30:21.764		0.77780			4
2026.05.12	01:30:30.174	0.77769				2
2026.05.12	01:30:32.578	0.77771	0.77781			6
2026.05.12	01:30:33.176	0.77769	0.77780			6
2026.05.12	01:30:33.477		0.77781			4
2026.05.12	01:30:35.278		0.77780			4
2026.05.12	01:30:36.179	0.77768				2
2026.05.12	01:30:43.994	0.77769				2
2026.05.12	01:30:44.294	0.77768				2
2026.05.12	01:30:44.595	0.77769				2
2026.05.12	01:30:47.302		0.77779			4
2026.05.12	01:30:47.605	0.77768				2
2026.05.12	01:30:47.905	0.77769	0.77780			6
2026.05.12	01:30:48.205	0.77768				2
2026.05.12	01:30:48.805	0.77769				2
2026.05.12	01:30:49.406	0.77768				2
2026.05.12	01:30:49.706	0.77769				2
2026.05.12	01:30:50.010	0.77768	0.77779			6
2026.05.12	01:30:50.311		0.77780			4
2026.05.12	01:30:50.613	0.77769				2
2026.05.12	01:30:51.217	0.77768	0.77779			6
2026.05.12	01:30:51.517	0.77769				2
2026.05.12	01:30:51.821		0.77780			4
2026.05.12	01:30:52.120	0.77768				2
2026.05.12	01:30:52.421	0.77769				2
2026.05.12	01:30:52.723		0.77779			4
2026.05.12	01:30:53.324	0.77768	0.77780			6
2026.05.12	01:30:53.625	0.77769				2
2026.05.12	01:30:54.526	0.77768				2
2026.05.12	01:30:54.827	0.77769				2
2026.05.12	01:30:55.427		0.77779			4
2026.05.12	01:30:55.726		0.77780			4
2026.05.12	01:30:56.031		0.77779			4
2026.05.12	01:30:56.329		0.77780			4
2026.05.12	01:30:56.931		0.77779			4
2026.05.12	01:30:58.433		0.77780			4
2026.05.12	01:30:58.732		0.77779			4
2026.05.12	01:30:59.333	0.77770				2
2026.05.12	01:30:59.634	0.77771				2
2026.05.12	01:30:59.934	0.77769	0.77780			6
2026.05.12	01:31:00.234	0.77769				2
2026.05.12	01:31:00.536		0.77779			4
2026.05.12	01:31:01.738		0.77780			4
2026.05.12	01:31:02.039		0.77779			4
2026.05.12	01:31:02.342		0.77780			4
2026.05.12	01:31:02.643		0.77779			4
2026.05.12	01:31:02.947		0.77780			4
2026.05.12	01:31:03.243	0.77768	0.77779			6
2026.05.12	01:31:05.345	0.77767				2
2026.05.12	01:31:19.473	0.77768				2
2026.05.12	01:31:19.779	0.77769				2
2026.05.12	01:31:20.373	0.77767				2
2026.05.12	01:31:34.191		0.77780			4
2026.05.12	01:31:36.891	0.77768	0.77779			6
2026.05.12	01:31:37.190	0.77767				2
2026.05.12	01:31:48.326	0.77769	0.77780			6
2026.05.12	01:32:00.060	0.77769				2
2026.05.12	01:32:03.369	0.77770				2
2026.05.12	01:32:03.969	0.77767	0.77779			6
2026.05.12	01:33:00.175	0.77767				2
2026.05.12	01:33:04.079		0.77779			4
2026.05.12	01:33:07.986	0.77769				2
2026.05.12	01:33:08.287		0.77780			4
2026.05.12	01:33:09.188	0.77768				2
2026.05.12	01:33:09.489	0.77770	0.77782			6
2026.05.12	01:33:42.890	0.77771	0.77781			6
2026.05.12	01:33:43.185	0.77772				2
2026.05.12	01:33:50.692	0.77776				2
2026.05.12	01:33:50.991	0.77772				2
2026.05.12	01:33:51.291	0.77776				2
2026.05.12	01:33:51.591	0.77772				2
2026.05.12	01:33:51.895	0.77776				2
2026.05.12	01:33:53.107	0.77772				2
2026.05.12	01:33:54.011	0.77776				2
2026.05.12	01:33:54.304	0.77772				2
2026.05.12	01:34:00.029	0.77772				2
2026.05.12	01:34:43.001		0.77781			4
2026.05.12	01:34:56.855	0.77771				2
2026.05.12	01:35:00.167	0.77771				2
2026.05.12	01:35:02.562	0.77772				2
2026.05.12	01:35:15.492	0.77773	0.77782			6
2026.05.12	01:35:16.989	0.77771				2
2026.05.12	01:35:19.390		0.77781			4
2026.05.12	01:35:40.467	0.77773	0.77783			6
2026.05.12	01:35:41.663	0.77774				2
2026.05.12	01:35:47.076	0.77773				2
2026.05.12	01:35:57.298	0.77774				2
2026.05.12	01:36:00.010	0.77774				2
2026.05.12	01:36:02.414	0.77777	0.77786			6
2026.05.12	01:36:05.425	0.77775				2
2026.05.12	01:36:07.832	0.77776				2
2026.05.12	01:36:09.335	0.77775	0.77785			6
2026.05.12	01:36:10.841	0.77776	0.77786			6
2026.05.12	01:36:11.748	0.77775				2
2026.05.12	01:36:18.971		0.77785			4
2026.05.12	01:36:19.572	0.77776	0.77786			6
2026.05.12	01:36:19.873	0.77775	0.77785			6
2026.05.12	01:37:00.178	0.77775				2
2026.05.12	01:37:02.582	0.77774	0.77783			6
2026.05.12	01:37:02.884		0.77784			4
2026.05.12	01:37:06.185		0.77785			4
2026.05.12	01:37:35.373		0.77786			4
2026.05.12	01:38:00.012	0.77774				2
2026.05.12	01:38:01.215		0.77784			4
2026.05.12	01:38:06.935	0.77771	0.77781			6
2026.05.12	01:38:10.545	0.77768	0.77780			6
2026.05.12	01:38:14.456		0.77779			4
2026.05.12	01:38:15.053		0.77780			4
2026.05.12	01:38:19.565	0.77771	0.77781			6
2026.05.12	01:38:22.871		0.77782			4
2026.05.12	01:38:25.871		0.77781			4
2026.05.12	01:38:28.574		0.77782			4
2026.05.12	01:38:31.876		0.77781			4
2026.05.12	01:39:00.159	0.77771				2
2026.05.12	01:39:04.974	0.77772	0.77782			6
2026.05.12	01:39:05.273	0.77771	0.77781			6
2026.05.12	01:39:10.680	0.77773	0.77783			6
2026.05.12	01:39:10.980		0.77784			4
2026.05.12	01:39:13.686	0.77774	0.77785			6
2026.05.12	01:39:21.500	0.77775				2
2026.05.12	01:39:29.014	0.77774				2
2026.05.12	01:39:46.171		0.77787			4
2026.05.12	01:39:46.474	0.77773				2
2026.05.12	01:39:46.772	0.77774				2
2026.05.12	01:39:47.070	0.77775				2
2026.05.12	01:40:00.292	0.77775				2
2026.05.12	01:40:18.030	0.77774				2
2026.05.12	01:40:19.539	0.77778				2
2026.05.12	01:40:21.340		0.77788			4
2026.05.12	01:40:24.653	0.77777				2
2026.05.12	01:41:00.120	0.77777				2
2026.05.12	01:41:11.541		0.77789			4
2026.05.12	01:41:14.550		0.77788			4
2026.05.12	01:41:38.586		0.77789			4
2026.05.12	01:41:50.902	0.77776	0.77787			6
2026.05.12	01:41:52.403		0.77788			4
2026.05.12	01:41:53.305	0.77775				2
2026.05.12	01:41:54.211	0.77776				2
2026.05.12	01:42:00.238	0.77776				2
2026.05.12	01:42:15.258	0.77775				2
2026.05.12	01:42:23.375	0.77776				2
2026.05.12	01:42:26.978	0.77775				2
2026.05.12	01:42:40.519	0.77777	0.77789			6
2026.05.12	01:42:42.321	0.77776				2
2026.05.12	01:42:44.427	0.77777				2
2026.05.12	01:43:00.065	0.77777				2
2026.05.12	01:43:40.666		0.77789			4
2026.05.12	01:44:00.206	0.77777				2
2026.05.12	01:44:08.943	0.77776				2
2026.05.12	01:44:12.252	0.77777				2
2026.05.12	01:44:35.103	0.77776				2
2026.05.12	01:44:39.316	0.77777				2
2026.05.12	01:44:39.617		0.77788			4
2026.05.12	01:44:42.026	0.77776				2
2026.05.12	01:44:52.553	0.77777	0.77787			6
2026.05.12	01:44:57.060	0.77776				2
2026.05.12	01:45:00.068	0.77776				2
2026.05.12	01:45:15.441	0.77777				2
2026.05.12	01:45:16.029	0.77776				2
2026.05.12	01:45:20.492	0.77779	0.77790			6
2026.05.12	01:45:22.222	0.77780				2
2026.05.12	01:45:31.960	0.77781				2
2026.05.12	01:45:32.880		0.77789			4
2026.05.12	01:45:36.329	0.77780				2
2026.05.12	01:45:36.638	0.77781				2
2026.05.12	01:45:37.058	0.77780				2
2026.05.12	01:45:40.082	0.77779				2
2026.05.12	01:45:40.382	0.77778				2
2026.05.12	01:45:40.690	0.77779				2
2026.05.12	01:45:40.993	0.77778				2
2026.05.12	01:45:41.349	0.77779				2
2026.05.12	01:45:43.939	0.77778				2
2026.05.12	01:45:44.238	0.77779				2
2026.05.12	01:45:48.396	0.77780	0.77790			6
2026.05.12	01:45:52.254	0.77779	0.77789			6
2026.05.12	01:45:55.715	0.77780	0.77790			6
2026.05.12	01:45:58.834	0.77779				2
2026.05.12	01:46:00.421	0.77779				2
2026.05.12	01:46:02.174		0.77789			4
2026.05.12	01:46:06.045	0.77778				2
2026.05.12	01:46:08.879	0.77779				2
2026.05.12	01:46:20.357	0.77778	0.77788			6
2026.05.12	01:46:24.131	0.77779				2
2026.05.12	01:46:25.989	0.77776	0.77786			6
2026.05.12	01:46:48.349	0.77775				2
2026.05.12	01:46:48.650	0.77776				2
2026.05.12	01:46:48.950	0.77775				2
2026.05.12	01:46:49.553	0.77776				2
2026.05.12	01:46:51.880	0.77775				2
2026.05.12	01:46:52.181	0.77776				2
2026.05.12	01:46:54.460	0.77775				2
2026.05.12	01:46:54.760	0.77776				2
2026.05.12	01:46:55.060	0.77775				2
2026.05.12	01:46:55.539	0.77776				2
2026.05.12	01:46:55.840	0.77775				2
2026.05.12	01:47:01.099	0.77775				2
2026.05.12	01:47:01.401	0.77776				2
2026.05.12	01:47:06.580	0.77780	0.77789			6
2026.05.12	01:47:08.023	0.77781				2
2026.05.12	01:47:12.564	0.77780				2
2026.05.12	01:47:16.680		0.77790			4
2026.05.12	01:47:21.181		0.77789			4
2026.05.12	01:47:38.238		0.77790			4
2026.05.12	01:47:47.280		0.77791			4
2026.05.12	01:47:58.154		0.77790			4
2026.05.12	01:48:00.298	0.77780				2
2026.05.12	01:48:29.423	0.77781				2
2026.05.12	01:48:31.725	0.77780				2
2026.05.12	01:48:32.429	0.77781				2
2026.05.12	01:48:33.404		0.77791			4
2026.05.12	01:49:00.780	0.77781				2
2026.05.12	01:49:17.628	0.77783	0.77792			6
2026.05.12	01:49:22.667	0.77781	0.77791			6
2026.05.12	01:50:02.989	0.77781				2
2026.05.12	01:50:18.721	0.77783	0.77793			6
2026.05.12	01:50:25.980		0.77792			4
2026.05.12	01:50:49.980	0.77782				2
2026.05.12	01:50:56.582		0.77791			4
2026.05.12	01:51:00.181	0.77782				2
2026.05.12	01:51:05.904	0.77781				2
2026.05.12	01:51:06.205		0.77790			4
2026.05.12	01:51:13.808	0.77780				2
2026.05.12	01:51:14.990	0.77779				2
2026.05.12	01:51:15.290		0.77788			4
2026.05.12	01:51:15.590	0.77778	0.77790			6
2026.05.12	01:51:19.746	0.77777				2
2026.05.12	01:51:20.046	0.77778				2
2026.05.12	01:51:23.131	0.77777				2
2026.05.12	01:51:30.342	0.77778				2
2026.05.12	01:51:30.646	0.77777				2
2026.05.12	01:51:30.946	0.77778				2
2026.05.12	01:51:31.246	0.77777				2
2026.05.12	01:51:34.577	0.77778				2
2026.05.12	01:51:34.879	0.77777				2
2026.05.12	01:51:39.073	0.77778				2
2026.05.12	01:51:47.570	0.77777				2
2026.05.12	01:51:47.870	0.77778				2
2026.05.12	01:51:50.672	0.77777				2
2026.05.12	01:51:50.972	0.77778				2
2026.05.12	01:51:54.873	0.77777				2
2026.05.12	01:51:55.684	0.77778				2
2026.05.12	01:52:00.164	0.77777				2
2026.05.12	01:52:01.291	0.77778				2
2026.05.12	01:52:02.997	0.77777				2
2026.05.12	01:52:05.674	0.77778				2
2026.05.12	01:52:05.974		0.77791			4
2026.05.12	01:52:07.762	0.77777				2
2026.05.12	01:52:12.945	0.77778				2
2026.05.12	01:52:13.246	0.77777				2
2026.05.12	01:52:13.847	0.77779				2
2026.05.12	01:52:15.613	0.77780				2
2026.05.12	01:52:15.913	0.77779				2
2026.05.12	01:52:17.131	0.77780				2
2026.05.12	01:52:18.487		0.77792			4
2026.05.12	01:52:32.100	0.77781				2
2026.05.12	01:52:32.400	0.77780				2
2026.05.12	01:52:36.040	0.77781				2
2026.05.12	01:52:46.705	0.77782	0.77791			6
2026.05.12	01:52:48.780		0.77792			4
2026.05.12	01:52:57.179		0.77793			4
2026.05.12	01:53:09.479	0.77782				2
2026.05.12	01:53:57.780		0.77793			4
2026.05.12	01:54:11.879	0.77782				2
2026.05.12	01:54:15.359	0.77783	0.77795			6
2026.05.12	01:54:20.381	0.77782	0.77793			6
2026.05.12	01:54:34.981		0.77794			4
2026.05.12	01:54:51.180		0.77793			4
2026.05.12	01:55:07.559	0.77782				2
2026.05.12	01:55:18.468	0.77783				2
2026.05.12	01:55:19.069	0.77784				2
2026.05.12	01:55:24.380		0.77794			4
2026.05.12	01:56:00.298	0.77783				2
2026.05.12	01:56:27.233		0.77794			4
2026.05.12	01:56:38.716	0.77788	0.77796			6
2026.05.12	01:56:39.317		0.77795			4
2026.05.12	01:56:41.581		0.77796			4
2026.05.12	01:56:43.440	0.77787				2
2026.05.12	01:56:43.741	0.77786	0.77795			6
2026.05.12	01:56:44.044		0.77796			4
2026.05.12	01:56:55.370	0.77785	0.77794			6
2026.05.12	01:57:01.178	0.77785				2
2026.05.12	01:57:04.398	0.77787	0.77795			6
2026.05.12	01:57:18.780	0.77786				2
2026.05.12	01:57:21.236	0.77785				2
2026.05.12	01:57:29.341	0.77786				2
2026.05.12	01:57:38.055	0.77783	0.77794			6
2026.05.12	01:57:39.120		0.77793			4
2026.05.12	01:57:39.421	0.77782				2
2026.05.12	01:57:45.080	0.77783	0.77794			6
2026.05.12	01:58:00.154	0.77783				2
2026.05.12	01:58:00.454	0.77782	0.77793			6
2026.05.12	01:58:13.354		0.77795			4
2026.05.12	01:58:31.240	0.77783				2
2026.05.12	01:59:00.781	0.77783				2
2026.05.12	01:59:13.666		0.77795			4
2026.05.12	01:59:13.968		0.77794			4
2026.05.12	01:59:19.681		0.77795			4
2026.05.12	01:59:20.281	0.77784				2
2026.05.12	01:59:24.394	0.77783				2
2026.05.12	01:59:30.463		0.77794			4
2026.05.12	01:59:30.760		0.77795			4
2026.05.12	01:59:45.407		0.77794			4
2026.05.12	01:59:45.707		0.77795			4
2026.05.12	01:59:50.880		0.77796			4
2026.05.12	02:00:00.040	0.77783	0.77794			6
2026.05.12	02:00:00.984	0.77780	0.77793			6
2026.05.12	02:00:01.285	0.77779				2
2026.05.12	02:00:02.923	0.77780				2
2026.05.12	02:00:03.873	0.77783				2
2026.05.12	02:00:06.350	0.77782				2
2026.05.12	02:00:06.780		0.77794			4
2026.05.12	02:00:12.586	0.77783	0.77795			6
2026.05.12	02:00:16.830	0.77785	0.77796			6
2026.05.12	02:00:35.954		0.77795			4
2026.05.12	02:00:39.428	0.77784				2
2026.05.12	02:00:47.466	0.77783				2
2026.05.12	02:01:00.071	0.77783				2
2026.05.12	02:01:16.690	0.77784	0.77796			6
2026.05.12	02:01:23.523	0.77785				2
2026.05.12	02:01:29.916	0.77784				2
2026.05.12	02:01:31.518		0.77795			4
2026.05.12	02:01:32.026		0.77796			4
2026.05.12	02:01:45.105		0.77795			4
2026.05.12	02:01:47.158		0.77796			4
2026.05.12	02:01:47.460	0.77785				2
2026.05.12	02:02:00.013	0.77785				2
2026.05.12	02:02:06.703	0.77787	0.77797			6
2026.05.12	02:02:07.006	0.77786	0.77798			6
2026.05.12	02:02:11.418		0.77797			4
2026.05.12	02:02:15.888		0.77799			4
2026.05.12	02:02:16.188	0.77791	0.77794			6
2026.05.12	02:02:19.195	0.77786	0.77797			6
2026.05.12	02:02:19.795	0.77787				2
2026.05.12	02:02:57.480		0.77798			4
2026.05.12	02:03:01.484	0.77787				2
2026.05.12	02:03:03.535		0.77799			4
2026.05.12	02:03:03.835	0.77788	0.77798			6
2026.05.12	02:03:10.380	0.77789	0.77799			6
2026.05.12	02:03:15.831	0.77790	0.77798			6
2026.05.12	02:03:18.483	0.77789				2
2026.05.12	02:03:27.783		0.77797			4
2026.05.12	02:03:45.076	0.77788				2
2026.05.12	02:03:46.565	0.77787				2
2026.05.12	02:03:49.372	0.77788				2
2026.05.12	02:03:57.779	0.77787				2
2026.05.12	02:04:00.299	0.77787				2
2026.05.12	02:04:29.373		0.77797			4
2026.05.12	02:04:51.957	0.77786				2
2026.05.12	02:05:00.295	0.77786				2
2026.05.12	02:05:11.383	0.77787	0.77798			6
2026.05.12	02:05:11.684	0.77788				2
2026.05.12	02:05:15.138	0.77785	0.77797			6
2026.05.12	02:05:15.438		0.77796			4
2026.05.12	02:05:19.582	0.77784				2
2026.05.12	02:05:19.882	0.77786	0.77797			6
2026.05.12	02:05:21.524	0.77795				2
2026.05.12	02:05:22.124	0.77786				2
2026.05.12	02:05:22.426	0.77795				2
2026.05.12	02:05:22.726	0.77786				2
2026.05.12	02:05:23.028	0.77795				2
2026.05.12	02:05:23.330	0.77786				2
2026.05.12	02:05:23.630	0.77795				2
2026.05.12	02:05:23.930	0.77786				2
2026.05.12	02:05:24.234	0.77795				2
2026.05.12	02:05:24.536	0.77786				2
2026.05.12	02:05:24.837	0.77795				2
2026.05.12	02:05:25.137	0.77786				2
2026.05.12	02:05:29.798	0.77787	0.77798			6
2026.05.12	02:05:35.403	0.77788	0.77799			6
2026.05.12	02:05:42.333	0.77787	0.77798			6
2026.05.12	02:06:03.828	0.77787				2
2026.05.12	02:06:07.003	0.77788				2
2026.05.12	02:06:43.036		0.77798			4
2026.05.12	02:06:43.336		0.77799			4
2026.05.12	02:06:44.327	0.77789	0.77800			6
2026.05.12	02:06:46.207		0.77799			4
2026.05.12	02:07:00.982	0.77789				2
2026.05.12	02:07:25.372	0.77788				2
2026.05.12	02:07:39.284	0.77787	0.77798			6
2026.05.12	02:07:45.783	0.77789	0.77800			6
2026.05.12	02:07:51.179		0.77799			4
2026.05.12	02:07:54.096	0.77788	0.77798			6
2026.05.12	02:07:57.586	0.77787				2
2026.05.12	02:07:59.975		0.77797			4
2026.05.12	02:08:00.276	0.77785	0.77796			6
2026.05.12	02:08:00.576	0.77786	0.77797			6
2026.05.12	02:08:03.780		0.77796			4
2026.05.12	02:08:04.964		0.77797			4
2026.05.12	02:08:11.445	0.77784	0.77796			6
2026.05.12	02:08:35.166	0.77786	0.77797			6
2026.05.12	02:09:01.524	0.77786				2
2026.05.12	02:09:03.401	0.77789	0.77799			6
2026.05.12	02:09:29.471		0.77798			4
2026.05.12	02:10:02.580	0.77789				2
2026.05.12	02:10:13.490	0.77788				2
2026.05.12	02:10:17.789	0.77789				2
2026.05.12	02:10:23.446	0.77788	0.77797			6
2026.05.12	02:11:02.302	0.77788				2
2026.05.12	02:11:10.598	0.77789				2
2026.05.12	02:11:19.257	0.77788				2
2026.05.12	02:11:19.557	0.77791	0.77798			6
2026.05.12	02:11:20.419		0.77799			4
2026.05.12	02:11:24.198	0.77792				2
2026.05.12	02:11:24.498	0.77791	0.77798			6
2026.05.12	02:11:31.381	0.77790				2
2026.05.12	02:11:52.659	0.77791	0.77799			6
2026.05.12	02:11:57.781	0.77792				2
2026.05.12	02:12:02.886	0.77792				2
2026.05.12	02:12:14.253	0.77790	0.77798			6
2026.05.12	02:12:38.880	0.77791	0.77797			6
2026.05.12	02:12:54.649	0.77790				2
2026.05.12	02:12:54.950		0.77798			4
2026.05.12	02:13:00.304	0.77790				2
2026.05.12	02:13:16.048		0.77795			4
2026.05.12	02:13:16.650	0.77792	0.77798			6
2026.05.12	02:13:17.552	0.77790	0.77795			6
2026.05.12	02:13:17.853		0.77798			4
2026.05.12	02:14:03.138	0.77790				2
2026.05.12	02:14:03.443	0.77791	0.77797			6
2026.05.12	02:14:09.235	0.77789				2
2026.05.12	02:14:09.536		0.77798			4
2026.05.12	02:14:10.245	0.77791				2
2026.05.12	02:14:14.813	0.77790				2
2026.05.12	02:14:15.117	0.77791				2
2026.05.12	02:14:22.863	0.77792				2
2026.05.12	02:14:44.881	0.77791				2
2026.05.12	02:14:52.980	0.77792				2
2026.05.12	02:15:00.005	0.77792				2
2026.05.12	02:15:09.676		0.77798			4
2026.05.12	02:15:57.917		0.77797			4
2026.05.12	02:16:00.298	0.77792				2
2026.05.12	02:16:02.841		0.77796			4
2026.05.12	02:16:07.374		0.77797			4
2026.05.12	02:16:10.354	0.77790	0.77796			6
2026.05.12	02:16:15.779		0.77795			4
2026.05.12	02:16:16.474		0.77793			4
2026.05.12	02:16:16.775		0.77795			4
2026.05.12	02:16:17.376		0.77793			4
2026.05.12	02:16:17.676		0.77795			4
2026.05.12	02:16:21.932		0.77796			4
2026.05.12	02:17:01.139	0.77790				2
2026.05.12	02:17:09.480		0.77797			4
2026.05.12	02:17:30.519	0.77793	0.77798			6
2026.05.12	02:17:42.450		0.77799			4
2026.05.12	02:17:57.192	0.77794				2
2026.05.12	02:18:00.780	0.77793				2
2026.05.12	02:18:26.279	0.77794				2
2026.05.12	02:18:26.580		0.77798			4
2026.05.12	02:18:36.480	0.77793				2
2026.05.12	02:18:47.881	0.77794				2
2026.05.12	02:19:02.030	0.77794				2
2026.05.12	02:19:02.330		0.77799			4
2026.05.12	02:19:13.067		0.77798			4
2026.05.12	02:19:20.998	0.77792				2
2026.05.12	02:19:22.207		0.77799			4
2026.05.12	02:19:27.780	0.77793				2
2026.05.12	02:19:34.885	0.77794	0.77800			6
2026.05.12	02:19:55.736		0.77799			4
2026.05.12	02:19:58.054		0.77800			4
2026.05.12	02:19:58.355		0.77799			4
2026.05.12	02:20:00.172	0.77794				2
2026.05.12	02:20:00.471	0.77793	0.77798			6
2026.05.12	02:20:10.393		0.77799			4
2026.05.12	02:21:05.111	0.77793				2
2026.05.12	02:21:09.590	0.77792				2
2026.05.12	02:21:15.599		0.77799			4
2026.05.12	02:21:15.900		0.77798			4
2026.05.12	02:21:16.204		0.77799			4
2026.05.12	02:21:20.299	0.77791				2
2026.05.12	02:22:00.297	0.77791				2
2026.05.12	02:22:19.319		0.77799			4
2026.05.12	02:22:39.281		0.77800			4
2026.05.12	02:22:40.317		0.77799			4
2026.05.12	02:23:00.334	0.77791				2
2026.05.12	02:23:20.390	0.77792				2
2026.05.12	02:23:20.698	0.77791				2
2026.05.12	02:23:23.819	0.77792				2
2026.05.12	02:23:25.992	0.77793	0.77800			6
2026.05.12	02:23:31.051	0.77794				2
2026.05.12	02:23:35.904	0.77793				2
2026.05.12	02:24:01.421	0.77793				2
2026.05.12	02:24:02.870	0.77794				2
2026.05.12	02:24:20.981	0.77793				2
2026.05.12	02:24:21.282	0.77794				2
2026.05.12	02:24:41.524		0.77800			4
2026.05.12	02:24:53.476		0.77801			4
2026.05.12	02:25:02.380	0.77794				2
2026.05.12	02:25:03.132	0.77793				2
2026.05.12	02:25:19.966	0.77796	0.77802			6
2026.05.12	02:25:20.843	0.77795				2
2026.05.12	02:25:21.143	0.77796				2
2026.05.12	02:25:26.403	0.77794	0.77801			6
2026.05.12	02:25:28.792	0.77797	0.77804			6
2026.05.12	02:26:00.345	0.77797				2
2026.05.12	02:26:00.647	0.77795				2
2026.05.12	02:26:10.589	0.77796				2
2026.05.12	02:26:32.099		0.77804			4
2026.05.12	02:26:47.581	0.77797				2
2026.05.12	02:26:49.117	0.77796				2
2026.05.12	02:27:01.007	0.77796				2
2026.05.12	02:27:31.501	0.77798	0.77806			6
2026.05.12	02:27:55.980	0.77799				2
2026.05.12	02:28:01.090	0.77799				2
2026.05.12	02:28:01.391	0.77800				2
2026.05.12	02:28:01.691	0.77799				2
2026.05.12	02:28:06.197	0.77800	0.77807			6
2026.05.12	02:28:15.911	0.77801				2
2026.05.12	02:28:38.386		0.77808			4
2026.05.12	02:28:38.687	0.77802	0.77809			6
2026.05.12	02:29:00.332	0.77802				2
2026.05.12	02:29:17.757		0.77810			4
2026.05.12	02:29:34.437	0.77806	0.77813			6
2026.05.12	02:29:35.467	0.77805				2
2026.05.12	02:29:42.981	0.77807	0.77815			6
2026.05.12	02:29:57.070	0.77812	0.77818			6
2026.05.12	02:29:59.128	0.77811				2
2026.05.12	02:30:00.060	0.77811				2
2026.05.12	02:30:00.360	0.77807	0.77816			6
2026.05.12	02:30:04.083	0.77806	0.77815			6
2026.05.12	02:30:11.005	0.77807				2
2026.05.12	02:30:17.674		0.77813			4
2026.05.12	02:30:18.274	0.77810	0.77815			6
2026.05.12	02:30:18.874	0.77807	0.77813			6
2026.05.12	02:30:19.478		0.77815			4
2026.05.12	02:30:41.402	0.77808				2
2026.05.12	02:30:41.703		0.77814			4
2026.05.12	02:30:57.708	0.77811	0.77817			6
2026.05.12	02:31:02.778	0.77811				2
2026.05.12	02:31:09.588	0.77810				2
2026.05.12	02:31:14.746		0.77815			4
2026.05.12	02:31:15.048	0.77812	0.77817			6
2026.05.12	02:31:15.348	0.77810	0.77815			6
2026.05.12	02:31:15.648	0.77812	0.77817			6
2026.05.12	02:31:15.948	0.77810	0.77815			6
2026.05.12	02:31:16.249	0.77812	0.77817			6
2026.05.12	02:31:16.550	0.77810				2
2026.05.12	02:31:38.280		0.77818			4
2026.05.12	02:31:44.072	0.77808	0.77817			6
2026.05.12	02:31:48.351	0.77807	0.77816			6
2026.05.12	02:31:56.659		0.77815			4
2026.05.12	02:31:56.958	0.77805	0.77812			6
2026.05.12	02:32:01.668	0.77805				2
2026.05.12	02:32:18.781		0.77813			4
2026.05.12	02:32:36.598	0.77802	0.77810			6
2026.05.12	02:32:39.782		0.77811			4
2026.05.12	02:33:01.301	0.77802				2
2026.05.12	02:33:08.317		0.77810			4
2026.05.12	02:33:08.617	0.77801	0.77809			6
2026.05.12	02:33:10.610		0.77810			4
2026.05.12	02:33:29.379	0.77800				2
2026.05.12	02:34:00.821	0.77800				2
2026.05.12	02:34:01.123	0.77804	0.77813			6
2026.05.12	02:34:01.425	0.77806	0.77815			6
2026.05.12	02:34:03.784	0.77807				2
2026.05.12	02:34:05.390		0.77816			4
2026.05.12	02:34:09.176		0.77815			4
2026.05.12	02:34:09.971		0.77816			4
2026.05.12	02:34:10.274		0.77815			4
2026.05.12	02:34:12.455	0.77808	0.77816			6
2026.05.12	02:34:15.780		0.77817			4
2026.05.12	02:34:20.679		0.77816			4
2026.05.12	02:34:38.532	0.77809	0.77817			6
2026.05.12	02:35:00.054	0.77810				2
2026.05.12	02:35:01.514		0.77818			4
2026.05.12	02:35:26.880		0.77817			4
2026.05.12	02:35:53.702	0.77811	0.77818			6
2026.05.12	02:35:56.460	0.77812	0.77819			6
2026.05.12	02:36:00.298	0.77812				2
2026.05.12	02:36:42.717	0.77813	0.77821			6
2026.05.12	02:36:51.780	0.77817				2
2026.05.12	02:36:52.080	0.77813				2
2026.05.12	02:36:52.379	0.77817				2
2026.05.12	02:36:52.679	0.77813				2
2026.05.12	02:36:53.280	0.77817				2
2026.05.12	02:36:53.580	0.77813				2
2026.05.12	02:36:53.880	0.77817				2
2026.05.12	02:36:54.180	0.77813				2
2026.05.12	02:36:54.482	0.77817				2
2026.05.12	02:36:54.782	0.77813				2
2026.05.12	02:36:55.082	0.77817				2
2026.05.12	02:36:55.383	0.77813				2
2026.05.12	02:37:00.115	0.77813				2
2026.05.12	02:37:28.448	0.77811	0.77819			6
2026.05.12	02:37:39.345	0.77809	0.77818			6
2026.05.12	02:37:40.212		0.77817			4
2026.05.12	02:37:59.223	0.77808				2
2026.05.12	02:37:59.523	0.77809				2
2026.05.12	02:38:00.429	0.77809				2
2026.05.12	02:38:09.187	0.77810	0.77818			6
2026.05.12	02:38:24.563		0.77817			4
2026.05.12	02:38:42.170		0.77818			4
2026.05.12	02:38:51.069	0.77811	0.77819			6
2026.05.12	02:39:00.334	0.77811				2
2026.05.12	02:39:00.634	0.77813				2
2026.05.12	02:39:12.405		0.77820			4
2026.05.12	02:40:00.338	0.77813				2
2026.05.12	02:40:02.978	0.77814	0.77821			6
2026.05.12	02:40:05.748		0.77822			4
2026.05.12	02:40:09.622	0.77812				2
2026.05.12	02:40:11.092		0.77821			4
2026.05.12	02:40:25.925	0.77814				2
2026.05.12	02:40:27.074	0.77815				2
2026.05.12	02:40:37.325		0.77822			4
2026.05.12	02:40:54.242	0.77818	0.77825			6
2026.05.12	02:40:55.390	0.77821	0.77828			6
2026.05.12	02:40:55.690	0.77823	0.77830			6
2026.05.12	02:41:00.068	0.77823				2
2026.05.12	02:41:00.368	0.77821	0.77828			6
2026.05.12	02:41:01.404	0.77823	0.77830			6
2026.05.12	02:41:13.429		0.77829			4
2026.05.12	02:41:28.055		0.77830			4
2026.05.12	02:41:28.671		0.77831			4
2026.05.12	02:41:32.808		0.77830			4
2026.05.12	02:41:33.709		0.77831			4
2026.05.12	02:41:41.044	0.77824				2
2026.05.12	02:41:41.344	0.77825	0.77832			6
2026.05.12	02:41:41.948		0.77831			4
2026.05.12	02:41:42.248		0.77833			4
2026.05.12	02:41:43.353		0.77832			4
2026.05.12	02:41:43.654		0.77833			4
2026.05.12	02:42:00.528	0.77825				2
2026.05.12	02:42:19.459	0.77826	0.77831			6
2026.05.12	02:42:19.759	0.77825	0.77830			6
2026.05.12	02:42:20.060		0.77831			4
2026.05.12	02:42:20.360	0.77824	0.77829			6
2026.05.12	02:42:23.673		0.77830			4
2026.05.12	02:42:23.973	0.77819	0.77824			6
2026.05.12	02:42:25.019	0.77820	0.77825			6
2026.05.12	02:42:25.622		0.77824			4
2026.05.12	02:43:01.683	0.77820				2
2026.05.12	02:43:11.151	0.77819	0.77823			6
2026.05.12	02:43:13.531	0.77817	0.77821			6
2026.05.12	02:43:15.157	0.77815	0.77820			6
2026.05.12	02:43:22.947		0.77818			4
2026.05.12	02:43:23.550		0.77820			4
2026.05.12	02:43:23.850		0.77818			4
2026.05.12	02:43:24.151		0.77820			4
2026.05.12	02:43:28.475		0.77819			4
2026.05.12	02:43:30.077		0.77820			4
2026.05.12	02:43:34.672		0.77819			4
2026.05.12	02:43:48.880	0.77814	0.77818			6
2026.05.12	02:43:55.471		0.77819			4
2026.05.12	02:43:56.868		0.77818			4
2026.05.12	02:43:59.017		0.77819			4
2026.05.12	02:44:00.298	0.77814				2
2026.05.12	02:44:10.496		0.77818			4
2026.05.12	02:44:23.669		0.77820			4
2026.05.12	02:44:23.970	0.77819	0.77823			6
2026.05.12	02:44:25.171		0.77822			4
2026.05.12	02:44:42.571		0.77823			4
2026.05.12	02:44:45.510	0.77820	0.77825			6
2026.05.12	02:45:00.284	0.77820				2
2026.05.12	02:45:00.580	0.77821	0.77827			6
2026.05.12	02:45:01.568	0.77822				2
2026.05.12	02:45:19.721		0.77828			4
2026.05.12	02:46:00.212	0.77822				2
2026.05.12	02:46:00.511	0.77825	0.77830			6
2026.05.12	02:46:04.080		0.77831			4
2026.05.12	02:46:25.527	0.77828	0.77834			6
2026.05.12	02:46:47.602		0.77835			4
2026.05.12	02:46:48.271		0.77834			4
2026.05.12	02:46:56.933	0.77829				2
2026.05.12	02:47:01.296	0.77829				2
2026.05.12	02:47:01.596	0.77832	0.77836			6
2026.05.12	02:47:25.101	0.77829	0.77834			6
2026.05.12	02:47:26.758		0.77835			4
2026.05.12	02:47:47.548	0.77831				2
2026.05.12	02:48:00.121	0.77831				2
2026.05.12	02:48:00.422		0.77834			4
2026.05.12	02:48:01.025		0.77835			4
2026.05.12	02:48:06.470	0.77828	0.77833			6
2026.05.12	02:48:07.835		0.77832			4
2026.05.12	02:48:29.727		0.77831			4
2026.05.12	02:48:35.346	0.77827	0.77830			6
2026.05.12	02:48:40.185	0.77826				2
2026.05.12	02:49:00.887	0.77826				2
2026.05.12	02:49:01.187	0.77828	0.77832			6
2026.05.12	02:49:04.245		0.77833			4
2026.05.12	02:49:24.183		0.77832			4
2026.05.12	02:49:33.707		0.77833			4
2026.05.12	02:50:00.274	0.77828				2
2026.05.12	02:50:13.871		0.77832			4
2026.05.12	02:50:36.785		0.77833			4
2026.05.12	02:50:37.955		0.77832			4
2026.05.12	02:50:48.911		0.77833			4
2026.05.12	02:50:52.166		0.77832			4
2026.05.12	02:50:55.339	0.77822	0.77827			6
2026.05.12	02:50:56.891	0.77824	0.77829			6
2026.05.12	02:51:00.255	0.77824	0.77828			6
2026.05.12	02:51:01.718	0.77825	0.77829			6
2026.05.12	02:51:20.503	0.77824	0.77828			6
2026.05.12	02:51:31.810		0.77829			4
2026.05.12	02:51:46.108		0.77830			4
2026.05.12	02:51:51.464	0.77825	0.77829			6
2026.05.12	02:52:01.179	0.77825				2
2026.05.12	02:52:05.594		0.77830			4
2026.05.12	02:52:19.431		0.77829			4
2026.05.12	02:52:19.732	0.77824	0.77828			6
2026.05.12	02:52:21.694		0.77827			4
2026.05.12	02:52:23.759	0.77823	0.77826			6
2026.05.12	02:52:32.337		0.77827			4
2026.05.12	02:52:35.726		0.77826			4
2026.05.12	02:52:39.815		0.77827			4
2026.05.12	02:52:41.409		0.77826			4
2026.05.12	02:52:44.965	0.77819	0.77823			6
2026.05.12	02:52:45.865		0.77820			4
2026.05.12	02:52:46.466	0.77816	0.77818			6
2026.05.12	02:52:48.977	0.77815				2
2026.05.12	02:52:54.307	0.77818	0.77823			6
2026.05.12	02:52:55.687		0.77822			4
2026.05.12	02:52:56.055		0.77823			4
2026.05.12	02:52:57.136		0.77820			4
2026.05.12	02:52:57.437		0.77822			4
2026.05.12	02:52:57.737		0.77823			4
2026.05.12	02:52:58.449		0.77822			4
2026.05.12	02:52:58.749		0.77823			4
2026.05.12	02:52:59.650		0.77822			4
2026.05.12	02:53:00.333	0.77818				2
2026.05.12	02:53:01.589		0.77823			4
2026.05.12	02:53:04.731		0.77820			4
2026.05.12	02:53:07.476		0.77822			4
2026.05.12	02:53:08.890		0.77823			4
2026.05.12	02:53:11.115		0.77822			4
2026.05.12	02:53:13.031		0.77823			4
2026.05.12	02:53:16.773		0.77820			4
2026.05.12	02:53:24.330		0.77819			4
2026.05.12	02:53:28.975		0.77820			4
2026.05.12	02:53:33.833	0.77817				2
2026.05.12	02:53:36.404		0.77821			4
2026.05.12	02:53:36.704	0.77818	0.77823			6
2026.05.12	02:53:40.001		0.77824			4
2026.05.12	02:53:42.283		0.77823			4
2026.05.12	02:53:58.889	0.77819				2
2026.05.12	02:53:59.197	0.77818	0.77822			6
2026.05.12	02:54:00.097	0.77819	0.77824			6
2026.05.12	02:54:00.397		0.77823			4
2026.05.12	02:54:02.432		0.77822			4
2026.05.12	02:54:05.060		0.77824			4
2026.05.12	02:54:05.788		0.77822			4
2026.05.12	02:54:08.659	0.77818				2
2026.05.12	02:54:13.871		0.77821			4
2026.05.12	02:54:17.880		0.77822			4
2026.05.12	02:54:18.180		0.77821			4
2026.05.12	02:54:30.492		0.77823			4
2026.05.12	02:55:00.323	0.77818				2
2026.05.12	02:55:04.102	0.77819	0.77824			6
2026.05.12	02:55:04.985	0.77818				2
2026.05.12	02:55:05.286		0.77823			4
2026.05.12	02:55:58.002	0.77819				2
2026.05.12	02:55:58.304		0.77824			4
2026.05.12	02:56:00.011	0.77819				2
2026.05.12	02:56:00.313	0.77820				2
2026.05.12	02:56:03.663		0.77825			4
2026.05.12	02:56:05.070		0.77826			4
2026.05.12	02:56:06.647	0.77819	0.77823			6
2026.05.12	02:56:10.473	0.77818				2
2026.05.12	02:56:16.212		0.77822			4
2026.05.12	02:56:20.240	0.77817				2
2026.05.12	02:56:36.530	0.77816				2
2026.05.12	02:56:49.527	0.77818	0.77823			6
2026.05.12	02:56:54.162		0.77824			4
2026.05.12	02:56:54.463	0.77819				2
2026.05.12	02:57:00.037	0.77819				2
2026.05.12	02:57:14.367	0.77818				2
2026.05.12	02:57:16.437	0.77819	0.77823			6
2026.05.12	02:57:18.123	0.77818				2
2026.05.12	02:57:18.422		0.77824			4
2026.05.12	02:57:21.170		0.77823			4
2026.05.12	02:57:22.183	0.77819	0.77824			6
2026.05.12	02:57:27.231		0.77825			4
2026.05.12	02:57:41.941	0.77817	0.77823			6
2026.05.12	02:57:47.539	0.77814	0.77819			6
2026.05.12	02:57:56.104	0.77816	0.77823			6
2026.05.12	02:57:56.403		0.77821			4
2026.05.12	02:58:01.139	0.77816				2
2026.05.12	02:58:01.439		0.77820			4
2026.05.12	02:58:01.741	0.77817	0.77821			6
2026.05.12	02:58:02.344	0.77815	0.77819			6
2026.05.12	02:58:02.942	0.77816				2
2026.05.12	02:58:03.243	0.77815				2
2026.05.12	02:58:03.547	0.77814				2
2026.05.12	02:58:07.078	0.77815				2
2026.05.12	02:58:08.804	0.77814				2
2026.05.12	02:58:19.276		0.77818			4
2026.05.12	02:58:36.779	0.77815				2
2026.05.12	02:58:37.080		0.77819			4
2026.05.12	02:58:37.382	0.77816	0.77821			6
2026.05.12	02:58:38.588		0.77819			4
2026.05.12	02:59:00.608	0.77816				2
2026.05.12	02:59:00.909	0.77818	0.77822			6
2026.05.12	02:59:05.112	0.77817				2
2026.05.12	02:59:12.716		0.77823			4
2026.05.12	02:59:15.989	0.77818				2
2026.05.12	02:59:16.288	0.77817	0.77821			6
2026.05.12	02:59:16.889	0.77818	0.77823			6
2026.05.12	02:59:17.492		0.77822			4
2026.05.12	02:59:17.793	0.77817				2
2026.05.12	02:59:18.095	0.77820	0.77825			6
2026.05.12	02:59:20.163	0.77818				2
2026.05.12	02:59:20.762	0.77820				2
2026.05.12	02:59:22.688	0.77818				2
2026.05.12	02:59:25.553	0.77819				2
2026.05.12	02:59:25.854	0.77818				2
2026.05.12	02:59:27.622	0.77819				2
2026.05.12	02:59:27.929	0.77820				2
2026.05.12	02:59:30.307	0.77819	0.77826			6
2026.05.12	02:59:30.607	0.77821				2
2026.05.12	02:59:31.597		0.77825			4
2026.05.12	02:59:32.807	0.77820				2
2026.05.12	02:59:33.108		0.77824			4
2026.05.12	02:59:36.726	0.77819				2
2026.05.12	02:59:41.661	0.77820				2
2026.05.12	02:59:42.263		0.77825			4
2026.05.12	02:59:43.870	0.77821	0.77826			6
2026.05.12	02:59:45.211	0.77820	0.77825			6
2026.05.12	02:59:56.094	0.77821				2
2026.05.12	02:59:56.394	0.77820				2
2026.05.12	03:00:00.008	0.77820				2
2026.05.12	03:00:00.606	0.77823	0.77827			6
2026.05.12	03:00:01.507	0.77825	0.77830			6
2026.05.12	03:00:02.412	0.77826	0.77831			6
2026.05.12	03:00:02.709	0.77827	0.77833			6
2026.05.12	03:00:03.009	0.77829	0.77834			6
2026.05.12	03:00:03.612	0.77832	0.77837			6
2026.05.12	03:00:04.811	0.77831				2
2026.05.12	03:00:05.720		0.77836			4
2026.05.12	03:00:06.020		0.77837			4
2026.05.12	03:00:06.321	0.77832				2
2026.05.12	03:00:06.925		0.77839			4
2026.05.12	03:00:07.222		0.77837			4
2026.05.12	03:00:07.521	0.77831	0.77836			6
2026.05.12	03:00:07.821		0.77837			4
2026.05.12	03:00:08.125		0.77838			4
2026.05.12	03:00:08.423	0.77832	0.77837			6
2026.05.12	03:00:12.326		0.77838			4
2026.05.12	03:00:12.950	0.77833	0.77837			6
2026.05.12	03:00:13.556	0.77834	0.77838			6
2026.05.12	03:00:13.857		0.77839			4
2026.05.12	03:00:14.157	0.77833				2
2026.05.12	03:00:14.456		0.77838			4
2026.05.12	03:00:15.358		0.77837			4
2026.05.12	03:00:16.260		0.77839			4
2026.05.12	03:00:16.861		0.77838			4
2026.05.12	03:00:20.351	0.77835	0.77841			6
2026.05.12	03:00:20.651		0.77842			4
2026.05.12	03:00:22.235	0.77838	0.77845			6
2026.05.12	03:00:22.536		0.77844			4
2026.05.12	03:00:22.835	0.77839				2
2026.05.12	03:00:27.490	0.77838	0.77843			6
2026.05.12	03:00:30.933	0.77839				2
2026.05.12	03:00:31.907	0.77838				2
2026.05.12	03:00:32.207	0.77837				2
2026.05.12	03:00:33.110		0.77844			4
2026.05.12	03:00:33.411		0.77843			4
2026.05.12	03:00:34.012	0.77836	0.77841			6
2026.05.12	03:00:34.312	0.77837	0.77842			6
2026.05.12	03:00:34.612		0.77843			4
2026.05.12	03:00:34.913		0.77842			4
2026.05.12	03:00:35.214		0.77843			4
2026.05.12	03:00:36.129	0.77838				2
2026.05.12	03:00:36.429	0.77839				2
2026.05.12	03:00:37.480		0.77844			4
2026.05.12	03:00:39.000	0.77837	0.77843			6
2026.05.12	03:00:40.701		0.77844			4
2026.05.12	03:00:41.003		0.77843			4
2026.05.12	03:00:41.604		0.77842			4
2026.05.12	03:00:44.978		0.77843			4
2026.05.12	03:00:45.578	0.77840	0.77844			6
2026.05.12	03:00:46.478	0.77839				2
2026.05.12	03:00:47.078	0.77840				2
2026.05.12	03:00:49.482	0.77844	0.77848			6
2026.05.12	03:00:49.779	0.77842	0.77847			6
2026.05.12	03:00:50.081	0.77845	0.77849			6
2026.05.12	03:00:50.679	0.77846	0.77850			6
2026.05.12	03:00:50.980	0.77845				2
2026.05.12	03:00:51.882	0.77846	0.77853			6
2026.05.12	03:00:52.482		0.77852			4
2026.05.12	03:00:52.787	0.77845	0.77851			6
2026.05.12	03:00:53.083		0.77852			4
2026.05.12	03:00:54.283	0.77846				2
2026.05.12	03:00:54.584		0.77853			4
2026.05.12	03:00:54.885		0.77852			4
2026.05.12	03:00:55.189		0.77853			4
2026.05.12	03:00:57.369	0.77844	0.77850			6
2026.05.12	03:00:57.670	0.77843	0.77849			6
2026.05.12	03:00:57.970		0.77850			4
2026.05.12	03:00:58.939		0.77849			4
2026.05.12	03:00:59.239	0.77842	0.77848			6
2026.05.12	03:01:00.263	0.77843	0.77850			6
2026.05.12	03:01:00.565		0.77849			4
2026.05.12	03:01:01.465		0.77850			4
2026.05.12	03:01:02.478	0.77844				2
2026.05.12	03:01:03.992	0.77843	0.77849			6
2026.05.12	03:01:06.508	0.77846	0.77852			6
2026.05.12	03:01:06.808	0.77845				2
2026.05.12	03:01:08.009		0.77851			4
2026.05.12	03:01:08.612	0.77846	0.77852			6
2026.05.12	03:01:08.912	0.77845				2
2026.05.12	03:01:09.659		0.77851			4
2026.05.12	03:01:09.959		0.77852			4
2026.05.12	03:01:14.283		0.77849			4
2026.05.12	03:01:14.881		0.77851			4
2026.05.12	03:01:15.182	0.77846	0.77853			6
2026.05.12	03:01:15.483	0.77847				2
2026.05.12	03:01:15.783	0.77848	0.77854			6
2026.05.12	03:01:16.714	0.77847				2
2026.05.12	03:01:17.315		0.77853			4
2026.05.12	03:01:18.217	0.77846				2
2026.05.12	03:01:18.517		0.77852			4
2026.05.12	03:01:21.001		0.77853			4
2026.05.12	03:01:21.301		0.77852			4
2026.05.12	03:01:21.601		0.77853			4
2026.05.12	03:01:21.943		0.77852			4
2026.05.12	03:01:24.392	0.77847	0.77854			6
2026.05.12	03:01:24.692	0.77848				2
2026.05.12	03:01:25.292	0.77847				2
2026.05.12	03:01:26.794	0.77848				2
2026.05.12	03:01:28.203	0.77847				2
2026.05.12	03:01:32.011		0.77853			4
2026.05.12	03:01:32.613	0.77848	0.77854			6
2026.05.12	03:01:32.912	0.77847	0.77852			6
2026.05.12	03:01:35.410	0.77848				2
2026.05.12	03:01:35.711	0.77846	0.77851			6
2026.05.12	03:01:36.011		0.77852			4
2026.05.12	03:01:37.581		0.77851			4
2026.05.12	03:01:37.884	0.77845	0.77850			6
2026.05.12	03:01:38.484	0.77846	0.77852			6
2026.05.12	03:01:40.820	0.77847				2
2026.05.12	03:01:45.676		0.77851			4
2026.05.12	03:01:45.977	0.77849	0.77853			6
2026.05.12	03:01:46.277		0.77854			4
2026.05.12	03:01:46.995	0.77848	0.77853			6
2026.05.12	03:01:47.596		0.77854			4
2026.05.12	03:01:48.991		0.77853			4
2026.05.12	03:01:50.899	0.77847	0.77851			6
2026.05.12	03:01:52.445	0.77846				2
2026.05.12	03:01:54.228	0.77847				2
2026.05.12	03:01:54.527	0.77846				2
2026.05.12	03:01:55.926	0.77847				2
2026.05.12	03:01:56.901	0.77846				2
2026.05.12	03:01:57.502		0.77852			4
2026.05.12	03:02:00.054	0.77846				2
2026.05.12	03:02:00.888	0.77844	0.77849			6
2026.05.12	03:02:01.489	0.77843				2
2026.05.12	03:02:01.788	0.77845				2
2026.05.12	03:02:02.090	0.77846	0.77851			6
2026.05.12	03:02:02.391	0.77847	0.77852			6
2026.05.12	03:02:02.691	0.77846				2
2026.05.12	03:02:04.556	0.77847				2
2026.05.12	03:02:04.857		0.77851			4
2026.05.12	03:02:05.157		0.77852			4
2026.05.12	03:02:05.457	0.77846				2
2026.05.12	03:02:09.242	0.77844	0.77849			6
2026.05.12	03:02:10.145	0.77845				2
2026.05.12	03:02:10.444		0.77850			4
2026.05.12	03:02:11.045	0.77846	0.77851			6
2026.05.12	03:02:13.617	0.77847				2
2026.05.12	03:02:14.218	0.77846				2
2026.05.12	03:02:16.915	0.77847	0.77852			6
2026.05.12	03:02:18.238	0.77848	0.77853			6
2026.05.12	03:02:19.462	0.77850	0.77854			6
2026.05.12	03:02:20.063	0.77849				2
2026.05.12	03:02:26.348		0.77853			4
2026.05.12	03:02:26.648	0.77848	0.77852			6
2026.05.12	03:02:32.016		0.77853			4
2026.05.12	03:02:33.216	0.77847	0.77852			6
2026.05.12	03:02:33.516	0.77848	0.77853			6
2026.05.12	03:02:35.576	0.77847	0.77851			6
2026.05.12	03:02:38.750		0.77852			4
2026.05.12	03:02:39.736		0.77851			4
2026.05.12	03:02:40.040		0.77852			4
2026.05.12	03:02:41.241		0.77851			4
2026.05.12	03:02:41.541		0.77852			4
2026.05.12	03:02:47.313	0.77846				2
2026.05.12	03:02:47.613	0.77844	0.77850			6
2026.05.12	03:02:54.847	0.77846	0.77851			6
2026.05.12	03:02:55.189		0.77852			4
2026.05.12	03:02:55.994		0.77851			4
2026.05.12	03:02:56.292	0.77844	0.77850			6
2026.05.12	03:02:58.370	0.77843	0.77849			6
2026.05.12	03:02:58.671	0.77844	0.77848			6
2026.05.12	03:02:59.442	0.77843				2
2026.05.12	03:03:00.042	0.77843				2
2026.05.12	03:03:01.455	0.77839	0.77843			6
2026.05.12	03:03:01.755		0.77845			4
2026.05.12	03:03:02.685		0.77844			4
2026.05.12	03:03:11.832	0.77842	0.77847			6
2026.05.12	03:03:12.734		0.77846			4
2026.05.12	03:03:13.634	0.77841				2
2026.05.12	03:03:15.087		0.77847			4
2026.05.12	03:03:15.388	0.77842				2
2026.05.12	03:03:16.288	0.77841				2
2026.05.12	03:03:17.623	0.77842				2
2026.05.12	03:03:17.923	0.77844	0.77849			6
2026.05.12	03:03:19.522	0.77843	0.77848			6
2026.05.12	03:03:19.823		0.77847			4
2026.05.12	03:03:20.818	0.77842				2
2026.05.12	03:03:22.977		0.77848			4
2026.05.12	03:03:23.581		0.77847			4
2026.05.12	03:03:25.382	0.77841	0.77846			6
2026.05.12	03:03:26.283	0.77842				2
2026.05.12	03:03:26.583		0.77847			4
2026.05.12	03:03:31.833	0.77843				2
2026.05.12	03:03:32.734		0.77848			4
2026.05.12	03:03:33.278		0.77847			4
2026.05.12	03:03:33.578	0.77844	0.77848			6
2026.05.12	03:03:34.179	0.77843				2
2026.05.12	03:03:35.579	0.77842				2
2026.05.12	03:03:37.288	0.77843				2
2026.05.12	03:03:38.489	0.77842				2
2026.05.12	03:03:38.789		0.77847			4
2026.05.12	03:03:39.090	0.77843				2
2026.05.12	03:03:42.564	0.77845	0.77849			6
2026.05.12	03:03:43.782	0.77848	0.77853			6
2026.05.12	03:03:44.382		0.77852			4
2026.05.12	03:03:45.976		0.77853			4
2026.05.12	03:03:48.148		0.77854			4
2026.05.12	03:03:50.260	0.77849	0.77853			6
2026.05.12	03:03:50.562		0.77854			4
2026.05.12	03:03:54.348	0.77846	0.77850			6
2026.05.12	03:03:54.645		0.77851			4
2026.05.12	03:03:55.578	0.77845	0.77850			6
2026.05.12	03:03:57.118	0.77844	0.77849			6
2026.05.12	03:03:59.479		0.77850			4
2026.05.12	03:04:00.083	0.77844				2
2026.05.12	03:04:02.186		0.77849			4
2026.05.12	03:04:02.786	0.77843				2
2026.05.12	03:04:04.415		0.77847			4
2026.05.12	03:04:05.018		0.77848			4
2026.05.12	03:04:05.619	0.77844	0.77850			6
2026.05.12	03:04:05.919	0.77845	0.77851			6
2026.05.12	03:04:06.819	0.77846				2
2026.05.12	03:04:07.773	0.77848	0.77854			6
2026.05.12	03:04:10.439	0.77847	0.77853			6
2026.05.12	03:04:11.472		0.77854			4
2026.05.12	03:04:11.773	0.77848				2
2026.05.12	03:04:12.372	0.77849				2
2026.05.12	03:04:12.673	0.77850	0.77855			6
2026.05.12	03:04:12.973		0.77856			4
2026.05.12	03:04:13.273	0.77849	0.77855			6
2026.05.12	03:04:13.573	0.77850				2
2026.05.12	03:04:16.511	0.77849	0.77854			6
2026.05.12	03:04:19.058	0.77850	0.77855			6
2026.05.12	03:04:19.357		0.77856			4
2026.05.12	03:04:19.658		0.77855			4
2026.05.12	03:04:22.526	0.77849	0.77853			6
2026.05.12	03:04:24.035	0.77850	0.77854			6
2026.05.12	03:04:27.563	0.77849				2
2026.05.12	03:04:29.786	0.77851				2
2026.05.12	03:04:32.788	0.77850	0.77855			6
2026.05.12	03:04:35.105		0.77854			4
2026.05.12	03:04:35.705	0.77849				2
2026.05.12	03:04:36.005		0.77855			4
2026.05.12	03:04:36.308	0.77850	0.77854			6
2026.05.12	03:04:37.510	0.77849				2
2026.05.12	03:04:38.749		0.77853			4
2026.05.12	03:04:39.349		0.77854			4
2026.05.12	03:04:44.520		0.77855			4
2026.05.12	03:04:47.142		0.77854			4
2026.05.12	03:04:52.165		0.77855			4
2026.05.12	03:04:53.207		0.77854			4
2026.05.12	03:04:55.960		0.77853			4
2026.05.12	03:04:56.260		0.77854			4
2026.05.12	03:04:56.560		0.77853			4
2026.05.12	03:04:57.161	0.77848				2
2026.05.12	03:04:57.826		0.77852			4
2026.05.12	03:04:58.126		0.77853			4
2026.05.12	03:04:58.426		0.77854			4
2026.05.12	03:04:58.726		0.77853			4
2026.05.12	03:04:59.026		0.77854			4
2026.05.12	03:05:00.017	0.77848				2
2026.05.12	03:05:01.636		0.77853			4
2026.05.12	03:05:04.954	0.77846	0.77851			6
2026.05.12	03:05:05.555		0.77852			4
2026.05.12	03:05:07.607	0.77847				2
2026.05.12	03:05:08.984	0.77846				2
2026.05.12	03:05:15.463		0.77853			4
2026.05.12	03:05:16.800		0.77852			4
2026.05.12	03:05:17.701		0.77853			4
2026.05.12	03:05:18.001		0.77852			4
2026.05.12	03:05:20.813	0.77847	0.77853			6
2026.05.12	03:05:22.128	0.77848	0.77855			6
2026.05.12	03:05:22.426	0.77849				2
2026.05.12	03:05:25.224		0.77854			4
2026.05.12	03:05:28.846	0.77848				2
2026.05.12	03:05:29.769	0.77849				2
2026.05.12	03:05:32.770		0.77855			4
2026.05.12	03:05:35.897		0.77854			4
2026.05.12	03:05:36.198		0.77855			4
2026.05.12	03:05:41.383		0.77854			4
2026.05.12	03:05:41.876		0.77855			4
2026.05.12	03:05:43.904		0.77854			4
2026.05.12	03:05:59.306		0.77855			4
2026.05.12	03:05:59.608		0.77854			4
2026.05.12	03:05:59.908	0.77848				2
2026.05.12	03:06:00.209	0.77848				2
2026.05.12	03:06:03.431	0.77849				2
2026.05.12	03:06:05.055	0.77848				2
2026.05.12	03:06:06.101	0.77849				2
2026.05.12	03:06:08.802	0.77850	0.77856			6
2026.05.12	03:06:10.044		0.77855			4
2026.05.12	03:06:10.980	0.77849				2
2026.05.12	03:06:16.794	0.77851	0.77856			6
2026.05.12	03:06:17.096	0.77850	0.77855			6
2026.05.12	03:06:17.396		0.77856			4
2026.05.12	03:06:17.697	0.77851				2
2026.05.12	03:06:17.996		0.77857			4
2026.05.12	03:06:18.297	0.77850	0.77856			6
2026.05.12	03:06:18.597		0.77855			4
2026.05.12	03:06:20.834		0.77856			4
2026.05.12	03:06:21.740	0.77851				2
2026.05.12	03:06:22.040	0.77850				2
2026.05.12	03:06:33.463		0.77855			4
2026.05.12	03:06:33.764		0.77856			4
2026.05.12	03:06:34.366	0.77849	0.77855			6
2026.05.12	03:06:34.664		0.77854			4
2026.05.12	03:06:36.114	0.77848	0.77853			6
2026.05.12	03:06:38.450	0.77849	0.77854			6
2026.05.12	03:06:39.153	0.77848				2
2026.05.12	03:06:39.455		0.77853			4
2026.05.12	03:06:42.301	0.77847				2
2026.05.12	03:06:42.601		0.77852			4
2026.05.12	03:06:42.902	0.77848	0.77853			6
2026.05.12	03:06:44.512	0.77840	0.77846			6
2026.05.12	03:06:45.113	0.77841	0.77847			6
2026.05.12	03:06:46.616	0.77842				2
2026.05.12	03:06:47.217	0.77838	0.77844			6
2026.05.12	03:06:47.817	0.77839				2
2026.05.12	03:06:48.117	0.77838				2
2026.05.12	03:06:48.418		0.77843			4
2026.05.12	03:06:48.718	0.77837				2
2026.05.12	03:06:49.018		0.77842			4
2026.05.12	03:06:49.920	0.77834	0.77839			6
2026.05.12	03:06:50.221	0.77833	0.77838			6
2026.05.12	03:06:51.121	0.77836	0.77841			6
2026.05.12	03:06:52.024	0.77838	0.77843			6
2026.05.12	03:07:00.299	0.77838				2
2026.05.12	03:07:00.899	0.77840	0.77845			6
2026.05.12	03:07:01.199	0.77841	0.77846			6
2026.05.12	03:07:02.151	0.77842	0.77847			6
2026.05.12	03:07:02.456	0.77847	0.77852			6
2026.05.12	03:07:02.754	0.77848	0.77853			6
2026.05.12	03:07:03.354	0.77847	0.77852			6
2026.05.12	03:07:07.635	0.77848	0.77853			6
2026.05.12	03:07:10.121	0.77845	0.77850			6
2026.05.12	03:07:11.023	0.77844				2
2026.05.12	03:07:11.325		0.77849			4
2026.05.12	03:07:11.626		0.77850			4
2026.05.12	03:07:12.226	0.77845				2
2026.05.12	03:07:14.707	0.77844				2
2026.05.12	03:07:17.099	0.77845				2
2026.05.12	03:07:20.012	0.77846				2
2026.05.12	03:07:22.567	0.77845				2
2026.05.12	03:07:28.829		0.77851			4
2026.05.12	03:07:30.216	0.77846	0.77852			6
2026.05.12	03:07:32.924	0.77845				2
2026.05.12	03:07:33.225	0.77846				2
2026.05.12	03:07:33.910		0.77851			4
2026.05.12	03:07:36.198		0.77852			4
2026.05.12	03:07:39.291	0.77847				2
2026.05.12	03:07:39.592	0.77846	0.77851			6
2026.05.12	03:07:41.279	0.77845				2
2026.05.12	03:07:41.581	0.77846				2
2026.05.12	03:07:43.435	0.77845				2
2026.05.12	03:07:44.034	0.77846				2
2026.05.12	03:07:49.065		0.77852			4
2026.05.12	03:07:49.365		0.77851			4
2026.05.12	03:07:49.665	0.77843	0.77849			6
2026.05.12	03:07:54.050	0.77844				2
2026.05.12	03:07:55.311	0.77843				2
2026.05.12	03:07:58.025		0.77848			4
2026.05.12	03:07:58.326	0.77842				2
2026.05.12	03:08:00.034	0.77842				2
2026.05.12	03:08:00.988	0.77843				2
2026.05.12	03:08:04.619	0.77840	0.77845			6
2026.05.12	03:08:08.754	0.77842	0.77848			6
2026.05.12	03:08:09.354	0.77841	0.77847			6
2026.05.12	03:08:11.163		0.77846			4
2026.05.12	03:08:24.644		0.77845			4
2026.05.12	03:08:27.780	0.77840				2
2026.05.12	03:08:29.399		0.77846			4
2026.05.12	03:08:29.700	0.77841				2
2026.05.12	03:08:29.999	0.77843	0.77848			6
2026.05.12	03:08:30.301	0.77842				2
2026.05.12	03:08:31.931		0.77847			4
2026.05.12	03:08:32.235		0.77848			4
2026.05.12	03:08:32.658		0.77847			4
2026.05.12	03:08:33.836		0.77848			4
2026.05.12	03:08:34.929	0.77841	0.77846			6
2026.05.12	03:08:35.531	0.77842	0.77848			6
2026.05.12	03:08:36.432	0.77843				2
2026.05.12	03:08:45.606	0.77842				2
2026.05.12	03:08:48.385	0.77841	0.77846			6
2026.05.12	03:08:49.323	0.77842	0.77847			6
2026.05.12	03:08:50.826		0.77846			4
2026.05.12	03:08:52.721	0.77843	0.77848			6
2026.05.12	03:09:00.295	0.77843				2
2026.05.12	03:09:04.406	0.77842				2
2026.05.12	03:09:04.708	0.77843				2
2026.05.12	03:09:10.117	0.77842	0.77847			6
2026.05.12	03:09:10.647	0.77843	0.77848			6
2026.05.12	03:09:17.251	0.77841	0.77845			6
2026.05.12	03:09:19.322	0.77839	0.77844			6
2026.05.12	03:09:19.623		0.77845			4
2026.05.12	03:09:23.062	0.77840	0.77846			6
2026.05.12	03:09:25.655		0.77845			4
2026.05.12	03:09:44.047		0.77844			4
2026.05.12	03:09:44.346	0.77839	0.77845			6
2026.05.12	03:09:44.647	0.77840				2
2026.05.12	03:09:44.947	0.77838	0.77844			6
2026.05.12	03:09:45.669	0.77839				2
2026.05.12	03:09:45.968	0.77840	0.77845			6
2026.05.12	03:09:47.302	0.77842	0.77847			6
2026.05.12	03:09:47.601	0.77843	0.77848			6
2026.05.12	03:09:47.902	0.77842				2
2026.05.12	03:09:50.045	0.77843				2
2026.05.12	03:09:51.246	0.77842				2
2026.05.12	03:09:53.386	0.77843				2
2026.05.12	03:09:54.006	0.77842				2
2026.05.12	03:09:54.606		0.77847			4
2026.05.12	03:09:54.907		0.77848			4
2026.05.12	03:09:56.495	0.77843				2
2026.05.12	03:10:00.149	0.77843				2
2026.05.12	03:10:00.449	0.77842				2
2026.05.12	03:10:00.795		0.77847			4
2026.05.12	03:10:01.094	0.77841				2
2026.05.12	03:10:04.917	0.77840	0.77846			6
2026.05.12	03:10:06.095	0.77841	0.77847			6
2026.05.12	03:10:08.287	0.77840	0.77846			6
2026.05.12	03:10:10.948	0.77841				2
2026.05.12	03:10:14.935		0.77845			4
2026.05.12	03:10:15.236	0.77840	0.77846			6
2026.05.12	03:10:18.574	0.77841				2
2026.05.12	03:10:18.874	0.77842	0.77847			6
2026.05.12	03:10:19.666	0.77841				2
2026.05.12	03:10:19.966		0.77845			4
2026.05.12	03:10:20.266	0.77840	0.77846			6
2026.05.12	03:10:28.752	0.77843	0.77848			6
2026.05.12	03:10:32.961	0.77842	0.77847			6
2026.05.12	03:10:35.022	0.77843	0.77848			6
2026.05.12	03:10:35.622	0.77842	0.77847			6
2026.05.12	03:10:40.449	0.77843	0.77848			6
2026.05.12	03:10:40.749	0.77842	0.77847			6
2026.05.12	03:10:42.364	0.77843	0.77848			6
2026.05.12	03:10:44.971		0.77847			4
2026.05.12	03:10:46.217		0.77848			4
2026.05.12	03:10:46.821	0.77844				2
2026.05.12	03:10:47.119		0.77849			4
2026.05.12	03:10:47.722	0.77843	0.77848			6
2026.05.12	03:10:50.186	0.77842	0.77847			6
2026.05.12	03:10:51.089	0.77841	0.77846			6
2026.05.12	03:10:51.389		0.77847			4
2026.05.12	03:10:54.254	0.77840	0.77846			6
2026.05.12	03:10:54.555	0.77841	0.77847			6
2026.05.12	03:10:59.894	0.77842				2
2026.05.12	03:11:00.195	0.77842	0.77848			6
2026.05.12	03:11:00.496		0.77847			4
2026.05.12	03:11:01.098	0.77841				2
2026.05.12	03:11:01.401	0.77842	0.77848			6
2026.05.12	03:11:02.580	0.77841	0.77847			6
2026.05.12	03:11:03.447	0.77840	0.77846			6
2026.05.12	03:11:05.421	0.77841				2
2026.05.12	03:11:05.723	0.77840				2
2026.05.12	03:11:06.024	0.77843	0.77848			6
2026.05.12	03:11:07.282	0.77842	0.77847			6
2026.05.12	03:11:08.577	0.77841				2
2026.05.12	03:11:09.478	0.77843				2
2026.05.12	03:11:10.080	0.77842				2
2026.05.12	03:11:11.436		0.77848			4
2026.05.12	03:11:12.035	0.77841	0.77847			6
2026.05.12	03:11:12.339		0.77846			4
2026.05.12	03:11:12.639	0.77842	0.77847			6
2026.05.12	03:11:14.170	0.77843	0.77848			6
2026.05.12	03:11:14.471	0.77842				2
2026.05.12	03:11:18.972	0.77841	0.77847			6
2026.05.12	03:11:22.525		0.77846			4
2026.05.12	03:11:22.825	0.77840				2
2026.05.12	03:11:25.725	0.77841	0.77847			6
2026.05.12	03:11:26.569	0.77840	0.77846			6
2026.05.12	03:11:27.470	0.77841				2
2026.05.12	03:11:29.328		0.77847			4
2026.05.12	03:11:31.403	0.77840	0.77846			6
2026.05.12	03:11:36.436	0.77841	0.77847			6
2026.05.12	03:11:36.737	0.77842				2
2026.05.12	03:11:37.039	0.77841	0.77846			6
2026.05.12	03:11:37.339	0.77842	0.77847			6
2026.05.12	03:11:37.640	0.77841	0.77846			6
2026.05.12	03:11:37.939	0.77842	0.77847			6
2026.05.12	03:11:38.240	0.77841				2
2026.05.12	03:11:38.540	0.77843				2
2026.05.12	03:11:38.842	0.77841				2
2026.05.12	03:11:39.143	0.77843				2
2026.05.12	03:11:39.458	0.77841				2
2026.05.12	03:11:39.760		0.77846			4
2026.05.12	03:11:40.059	0.77842	0.77847			6
2026.05.12	03:11:40.360	0.77841	0.77846			6
2026.05.12	03:11:40.659		0.77847			4
2026.05.12	03:11:47.907	0.77840	0.77846			6
2026.05.12	03:11:48.209	0.77841	0.77847			6
2026.05.12	03:11:54.602		0.77846			4
2026.05.12	03:11:57.935	0.77840				2
2026.05.12	03:11:58.235	0.77841				2
2026.05.12	03:12:00.112	0.77841				2
2026.05.12	03:12:00.867	0.77840				2
2026.05.12	03:12:06.704		0.77845			4
2026.05.12	03:12:09.936		0.77846			4
2026.05.12	03:12:13.969	0.77841				2
2026.05.12	03:12:14.268	0.77840				2
2026.05.12	03:12:20.287	0.77838	0.77844			6
2026.05.12	03:12:22.772	0.77840	0.77845			6
2026.05.12	03:12:23.369	0.77839				2
2026.05.12	03:12:24.700		0.77844			4
2026.05.12	03:12:24.999	0.77838				2
2026.05.12	03:12:29.107	0.77837	0.77842			6
2026.05.12	03:12:29.407		0.77843			4
2026.05.12	03:12:30.309		0.77842			4
2026.05.12	03:12:30.609		0.77843			4
2026.05.12	03:12:34.128		0.77842			4
2026.05.12	03:12:35.032		0.77843			4
2026.05.12	03:12:37.046		0.77842			4
2026.05.12	03:12:37.345	0.77838	0.77843			6
2026.05.12	03:12:37.646	0.77837				2
2026.05.12	03:12:41.480		0.77842			4
2026.05.12	03:12:44.148	0.77836				2
2026.05.12	03:12:44.449	0.77837				2
2026.05.12	03:12:46.570	0.77835	0.77840			6
2026.05.12	03:12:47.171		0.77841			4
2026.05.12	03:12:47.964		0.77840			4
2026.05.12	03:12:49.378		0.77841			4
2026.05.12	03:12:49.679		0.77840			4
2026.05.12	03:12:51.568		0.77841			4
2026.05.12	03:12:51.876		0.77840			4
2026.05.12	03:12:52.991	0.77837	0.77843			6
2026.05.12	03:13:00.487	0.77837				2
2026.05.12	03:13:05.165		0.77842			4
2026.05.12	03:13:05.465		0.77843			4
2026.05.12	03:13:12.062		0.77842			4
2026.05.12	03:13:12.662	0.77836				2
2026.05.12	03:13:13.994		0.77841			4
2026.05.12	03:13:14.295	0.77837	0.77842			6
2026.05.12	03:13:15.707	0.77836				2
2026.05.12	03:13:16.008	0.77837				2
2026.05.12	03:13:30.393		0.77843			4
2026.05.12	03:13:31.737	0.77836	0.77842			6
2026.05.12	03:13:32.404	0.77837	0.77843			6
2026.05.12	03:13:34.873	0.77838				2
2026.05.12	03:13:35.173	0.77837				2
2026.05.12	03:13:35.773	0.77838				2
2026.05.12	03:13:36.374	0.77837				2
2026.05.12	03:13:40.892	0.77838				2
2026.05.12	03:13:41.192	0.77837				2
2026.05.12	03:13:41.595	0.77838				2
2026.05.12	03:13:41.896	0.77837	0.77842			6
2026.05.12	03:13:43.464		0.77843			4
2026.05.12	03:13:44.426		0.77842			4
2026.05.12	03:13:50.140		0.77843			4
2026.05.12	03:13:52.718	0.77836	0.77842			6
2026.05.12	03:13:53.018	0.77837				2
2026.05.12	03:13:53.319	0.77836				2
2026.05.12	03:13:55.917	0.77837				2
2026.05.12	03:13:56.521	0.77839	0.77844			6
2026.05.12	03:13:56.818	0.77837	0.77842			6
2026.05.12	03:13:57.119	0.77836				2
2026.05.12	03:13:57.419	0.77837				2
2026.05.12	03:13:59.384		0.77843			4
2026.05.12	03:14:00.307	0.77837				2
2026.05.12	03:14:03.405	0.77836	0.77842			6
2026.05.12	03:14:03.706	0.77837	0.77843			6
2026.05.12	03:14:06.198		0.77842			4
2026.05.12	03:14:07.008		0.77843			4
2026.05.12	03:14:08.688		0.77842			4
2026.05.12	03:14:12.280		0.77843			4
2026.05.12	03:14:13.150		0.77842			4
2026.05.12	03:14:17.818		0.77843			4
2026.05.12	03:14:19.495	0.77838				2
2026.05.12	03:14:20.097	0.77837				2
2026.05.12	03:14:22.194	0.77838				2
2026.05.12	03:14:22.495	0.77837				2
2026.05.12	03:14:28.550	0.77836	0.77842			6
2026.05.12	03:14:30.312	0.77837				2
2026.05.12	03:14:42.459	0.77838				2
2026.05.12	03:14:45.614		0.77843			4
2026.05.12	03:14:50.557	0.77836	0.77842			6
2026.05.12	03:14:50.857		0.77841			4
2026.05.12	03:14:51.759		0.77842			4
2026.05.12	03:14:53.225	0.77837				2
2026.05.12	03:14:57.471	0.77836				2
2026.05.12	03:14:58.599	0.77837				2
2026.05.12	03:14:59.600		0.77843			4
2026.05.12	03:15:00.004	0.77837				2
2026.05.12	03:15:01.428	0.77840	0.77845			6
2026.05.12	03:15:01.729	0.77841	0.77847			6
2026.05.12	03:15:02.030		0.77846			4
2026.05.12	03:15:02.631	0.77839	0.77845			6
2026.05.12	03:15:04.629	0.77835	0.77840			6
2026.05.12	03:15:05.297	0.77834				2
2026.05.12	03:15:05.901	0.77828	0.77832			6
2026.05.12	03:15:06.198		0.77833			4
2026.05.12	03:15:06.498	0.77831	0.77836			6
2026.05.12	03:15:11.750	0.77830				2
2026.05.12	03:15:13.253	0.77831	0.77837			6
2026.05.12	03:15:13.825	0.77830				2
2026.05.12	03:15:14.127	0.77831				2
2026.05.12	03:15:22.615	0.77832				2
2026.05.12	03:15:22.914	0.77833	0.77838			6
2026.05.12	03:15:23.215	0.77832				2
2026.05.12	03:15:23.517	0.77833				2
2026.05.12	03:15:23.890	0.77832				2
2026.05.12	03:15:25.303	0.77833				2
2026.05.12	03:15:25.603	0.77834	0.77839			6
2026.05.12	03:15:26.205	0.77833				2
2026.05.12	03:15:37.139	0.77832	0.77838			6
2026.05.12	03:15:37.440	0.77833	0.77839			6
2026.05.12	03:15:38.042	0.77832	0.77838			6
2026.05.12	03:15:39.308	0.77833				2
2026.05.12	03:15:39.609		0.77839			4
2026.05.12	03:15:40.511		0.77838			4
2026.05.12	03:15:40.810	0.77832	0.77837			6
2026.05.12	03:15:41.111		0.77838			4
2026.05.12	03:15:41.413		0.77837			4
2026.05.12	03:15:41.713		0.77838			4
2026.05.12	03:15:44.373	0.77833				2
2026.05.12	03:15:44.673	0.77832				2
2026.05.12	03:15:47.748	0.77831	0.77837			6
2026.05.12	03:15:48.176	0.77832	0.77838			6
2026.05.12	03:15:56.641	0.77831	0.77837			6
2026.05.12	03:15:57.924	0.77832	0.77838			6
2026.05.12	03:15:58.224	0.77831	0.77837			6
2026.05.12	03:16:00.390	0.77831				2
2026.05.12	03:16:03.085	0.77832	0.77838			6
2026.05.12	03:16:03.386	0.77833	0.77839			6
2026.05.12	03:16:05.476	0.77834	0.77840			6
2026.05.12	03:16:07.551		0.77839			4
2026.05.12	03:16:12.320		0.77840			4
2026.05.12	03:16:12.617	0.77833	0.77839			6
2026.05.12	03:16:12.918	0.77834	0.77840			6
2026.05.12	03:16:19.678	0.77833	0.77839			6
2026.05.12	03:16:20.280	0.77834				2
2026.05.12	03:16:24.547	0.77833				2
2026.05.12	03:16:25.294	0.77834	0.77840			6
2026.05.12	03:16:26.379		0.77839			4
2026.05.12	03:16:28.417		0.77840			4
2026.05.12	03:16:31.143		0.77839			4
2026.05.12	03:16:33.440		0.77840			4
2026.05.12	03:16:34.407		0.77839			4
2026.05.12	03:16:35.560		0.77840			4
2026.05.12	03:16:37.897		0.77839			4
2026.05.12	03:16:41.069	0.77833	0.77838			6
2026.05.12	03:16:43.234		0.77839			4
2026.05.12	03:16:47.075	0.77832	0.77838			6
2026.05.12	03:16:50.843	0.77831	0.77837			6
2026.05.12	03:17:00.209	0.77831				2
2026.05.12	03:17:02.222	0.77832				2
2026.05.12	03:17:06.644	0.77831				2
2026.05.12	03:17:08.144	0.77830	0.77836			6
2026.05.12	03:17:08.744	0.77831				2
2026.05.12	03:17:10.394	0.77830				2
2026.05.12	03:17:10.692	0.77831				2
2026.05.12	03:17:10.991		0.77837			4
2026.05.12	03:17:11.497		0.77836			4
2026.05.12	03:17:24.857		0.77837			4
2026.05.12	03:17:27.754	0.77830	0.77836			6
2026.05.12	03:17:28.054	0.77829	0.77834			6
2026.05.12	03:17:28.354	0.77828				2
2026.05.12	03:17:28.656	0.77829				2
2026.05.12	03:17:37.460		0.77835			4
2026.05.12	03:17:38.063		0.77834			4
2026.05.12	03:17:47.457	0.77828				2
2026.05.12	03:17:48.057	0.77827				2
2026.05.12	03:17:50.034		0.77832			4
2026.05.12	03:17:50.334		0.77833			4
2026.05.12	03:17:50.634		0.77832			4
2026.05.12	03:17:52.440		0.77833			4
2026.05.12	03:17:54.846	0.77828				2
2026.05.12	03:17:55.791	0.77829	0.77835			6
2026.05.12	03:17:56.091	0.77828	0.77834			6
2026.05.12	03:17:57.291	0.77829				2
2026.05.12	03:17:57.592	0.77828				2
2026.05.12	03:17:57.892	0.77829				2
2026.05.12	03:18:00.212	0.77829				2
2026.05.12	03:18:00.812	0.77828				2
2026.05.12	03:18:02.017	0.77827	0.77832			6
2026.05.12	03:18:02.314	0.77828	0.77833			6
2026.05.12	03:18:03.816	0.77827				2
2026.05.12	03:18:07.616		0.77834			4
2026.05.12	03:18:10.406		0.77833			4
2026.05.12	03:18:13.793		0.77834			4
2026.05.12	03:18:14.093	0.77828				2
2026.05.12	03:18:16.058	0.77830	0.77836			6
2026.05.12	03:18:16.959	0.77829	0.77835			6
2026.05.12	03:18:17.258	0.77828				2
2026.05.12	03:18:19.941		0.77834			4
2026.05.12	03:18:27.704	0.77827	0.77833			6
2026.05.12	03:18:30.329		0.77834			4
2026.05.12	03:18:30.629		0.77833			4
2026.05.12	03:18:34.111		0.77834			4
2026.05.12	03:18:36.522		0.77833			4
2026.05.12	03:18:38.382		0.77834			4
2026.05.12	03:18:39.260	0.77828				2
2026.05.12	03:18:44.880	0.77830	0.77835			6
2026.05.12	03:18:49.893	0.77829				2
2026.05.12	03:18:50.195	0.77828	0.77833			6
2026.05.12	03:18:54.401	0.77827				2
2026.05.12	03:18:55.326		0.77832			4
