<DATE>	<TIME>	<BID>	<ASK>	<LAST>	<VOLUME>	<FLAGS>
2026.01.27	00:03:30.574	0.77638	0.77697			6
2026.01.27	00:03:36.843	0.77641	0.77695			6
2026.01.27	00:03:39.273	0.77642	0.77700			6
2026.01.27	00:03:44.205	0.77656				2
2026.01.27	00:04:00.866	0.77656				2
2026.01.27	00:04:13.326		0.77695			4
2026.01.27	00:04:21.047		0.77697			4
2026.01.27	00:04:40.146	0.77673	0.77724			6
2026.01.27	00:04:46.081	0.77657	0.77701			6
2026.01.27	00:04:47.080		0.77700			4
2026.01.27	00:04:53.342	0.77654	0.77708			6
2026.01.27	00:05:00.623	0.77654				2
2026.01.27	00:05:50.823	0.77679	0.77728			6
2026.01.27	00:05:56.989	0.77654	0.77708			6
2026.01.27	00:06:10.865	0.77654				2
2026.01.27	00:06:52.502		0.77707			4
2026.01.27	00:07:00.349	0.77654				2
2026.01.27	00:07:58.352		0.77707			4
2026.01.27	00:08:00.862	0.77654				2
2026.01.27	00:08:26.544	0.77656	0.77700			6
2026.01.27	00:08:27.546	0.77657	0.77698			6
2026.01.27	00:08:37.778	0.77656	0.77697			6
2026.01.27	00:08:38.780		0.77694			4
2026.01.27	00:08:40.379		0.77696			4
2026.01.27	00:09:00.865	0.77656				2
2026.01.27	00:09:45.937		0.77699			4
2026.01.27	00:09:50.020	0.77657				2
2026.01.27	00:09:50.593	0.77666				2
2026.01.27	00:09:51.614	0.77657				2
2026.01.27	00:09:52.641	0.77666				2
2026.01.27	00:09:53.652	0.77657				2
2026.01.27	00:10:00.374	0.77657				2
2026.01.27	00:10:04.257	0.77654	0.77709			6
2026.01.27	00:10:11.828	0.77559	0.77663			6
2026.01.27	00:10:48.165	0.77560	0.77655			6
2026.01.27	00:10:48.469	0.77559				2
2026.01.27	00:11:00.056	0.77559				2
2026.01.27	00:11:06.629	0.77654	0.77699			6
2026.01.27	00:11:08.773	0.77656	0.77698			6
2026.01.27	00:11:09.099		0.77696			4
2026.01.27	00:11:10.203		0.77694			4
2026.01.27	00:11:11.473	0.77654	0.77693			6
2026.01.27	00:11:11.902		0.77717			4
2026.01.27	00:11:13.442	0.77559	0.77645			6
2026.01.27	00:11:14.340	0.77654	0.77717			6
2026.01.27	00:11:21.121		0.77716			4
2026.01.27	00:11:26.182	0.77560	0.77645			6
2026.01.27	00:11:27.118	0.77654	0.77716			6
2026.01.27	00:11:32.432	0.77560	0.77645			6
2026.01.27	00:11:33.368	0.77654	0.77716			6
2026.01.27	00:11:38.794	0.77560	0.77645			6
2026.01.27	00:11:39.719	0.77654	0.77716			6
2026.01.27	00:11:41.192		0.77725			4
2026.01.27	00:11:49.143	0.77652	0.77734			6
2026.01.27	00:12:01.567	0.77652				2
2026.01.27	00:12:16.100	0.77641	0.77737			6
2026.01.27	00:12:16.602	0.77651	0.77735			6
2026.01.27	00:12:26.105		0.77734			4
2026.01.27	00:13:00.821	0.77651				2
2026.01.27	00:13:31.419		0.77734			4
2026.01.27	00:13:50.982	0.77659				2
2026.01.27	00:13:59.989	0.77651				2
2026.01.27	00:14:00.316	0.77651				2
2026.01.27	00:14:01.720	0.77665				2
2026.01.27	00:14:02.176	0.77668				2
2026.01.27	00:14:16.109		0.77735			4
2026.01.27	00:14:36.897	0.77655				2
2026.01.27	00:14:43.017	0.77652				2
2026.01.27	00:14:45.645	0.77665				2
2026.01.27	00:14:45.984	0.77652				2
2026.01.27	00:14:46.901	0.77667				2
2026.01.27	00:14:47.564	0.77652				2
2026.01.27	00:14:57.569	0.77667				2
2026.01.27	00:15:00.308	0.77667				2
2026.01.27	00:15:16.350		0.77735			4
2026.01.27	00:15:35.465		0.77734			4
2026.01.27	00:15:53.427	0.77651				2
2026.01.27	00:16:02.343	0.77651				2
2026.01.27	00:16:08.945		0.77726			4
2026.01.27	00:16:32.651		0.77717			4
2026.01.27	00:16:33.822	0.77656				2
2026.01.27	00:17:00.862	0.77656	0.77716			6
2026.01.27	00:17:06.116	0.77657				2
2026.01.27	00:17:32.807		0.77718			4
2026.01.27	00:17:40.862		0.77717			4
2026.01.27	00:18:00.865	0.77657				2
2026.01.27	00:18:50.865		0.77717			4
2026.01.27	00:19:00.865	0.77657				2
2026.01.27	00:19:30.867		0.77716			4
2026.01.27	00:20:00.338	0.77657				2
2026.01.27	00:20:31.308		0.77716			4
2026.01.27	00:20:50.049		0.77715			4
2026.01.27	00:21:00.864	0.77657				2
2026.01.27	00:21:26.687	0.77654	0.77713			6
2026.01.27	00:21:27.687	0.77657				2
2026.01.27	00:22:00.425	0.77657				2
2026.01.27	00:22:00.863		0.77712			4
2026.01.27	00:22:13.063	0.77654				2
2026.01.27	00:22:14.070	0.77657				2
2026.01.27	00:22:27.188	0.77654				2
2026.01.27	00:22:31.680	0.77657				2
2026.01.27	00:23:00.088	0.77657				2
2026.01.27	00:23:02.021		0.77712			4
2026.01.27	00:23:23.650	0.77654				2
2026.01.27	00:23:32.822		0.77714			4
2026.01.27	00:24:00.865	0.77654				2
2026.01.27	00:24:38.619		0.77714			4
2026.01.27	00:25:04.298	0.77654				2
2026.01.27	00:25:41.736		0.77714			4
2026.01.27	00:25:58.472		0.77712			4
2026.01.27	00:26:03.796	0.77654				2
2026.01.27	00:27:10.864	0.77654	0.77712			6
2026.01.27	00:28:03.520	0.77654				2
2026.01.27	00:28:15.310		0.77712			4
2026.01.27	00:28:24.054		0.77714			4
2026.01.27	00:29:11.620	0.77654				2
2026.01.27	00:29:17.651	0.77659	0.77715			6
2026.01.27	00:29:27.795		0.77724			4
2026.01.27	00:29:28.108		0.77726			4
2026.01.27	00:29:35.038		0.77724			4
2026.01.27	00:29:36.768	0.77660	0.77734			6
2026.01.27	00:30:00.817	0.77656	0.77744			6
2026.01.27	00:30:01.117	0.77648	0.77734			6
2026.01.27	00:30:01.440	0.77652	0.77729			6
2026.01.27	00:30:02.672	0.77646				2
2026.01.27	00:30:03.001	0.77641	0.77731			6
2026.01.27	00:30:04.253	0.77654	0.77725			6
2026.01.27	00:30:08.735	0.77651	0.77716			6
2026.01.27	00:30:09.891	0.77654				2
2026.01.27	00:30:14.035		0.77714			4
2026.01.27	00:30:15.689	0.77634	0.77723			6
2026.01.27	00:30:16.003		0.77719			4
2026.01.27	00:30:16.753		0.77715			4
2026.01.27	00:30:17.108	0.77649				2
2026.01.27	00:30:19.165	0.77636	0.77732			6
2026.01.27	00:30:35.536		0.77734			4
2026.01.27	00:30:51.521		0.77735			4
2026.01.27	00:31:02.620	0.77636				2
2026.01.27	00:31:32.676		0.77734			4
2026.01.27	00:31:49.420	0.77640	0.77736			6
2026.01.27	00:31:49.765		0.77734			4
2026.01.27	00:32:03.624	0.77640				2
2026.01.27	00:32:09.742	0.77651	0.77736			6
2026.01.27	00:32:19.162	0.77648	0.77735			6
2026.01.27	00:32:23.978		0.77736			4
2026.01.27	00:32:27.991	0.77651				2
2026.01.27	00:33:05.319	0.77651				2
2026.01.27	00:33:10.400	0.77635	0.77731			6
2026.01.27	00:33:11.399	0.77636	0.77734			6
2026.01.27	00:33:14.520		0.77730			4
2026.01.27	00:34:00.969	0.77636				2
2026.01.27	00:34:13.505	0.77640				2
2026.01.27	00:34:17.618		0.77730			4
2026.01.27	00:35:01.506	0.77640				2
2026.01.27	00:35:19.813		0.77730			4
2026.01.27	00:35:58.145	0.77647				2
2026.01.27	00:35:59.140	0.77667	0.77732			6
2026.01.27	00:36:00.362	0.77647				2
2026.01.27	00:37:05.320	0.77647	0.77732			6
2026.01.27	00:37:35.893		0.77738			4
2026.01.27	00:37:41.824		0.77735			4
2026.01.27	00:38:02.780	0.77647				2
2026.01.27	00:38:48.329		0.77735			4
2026.01.27	00:38:57.440		0.77732			4
2026.01.27	00:39:01.365	0.77647	0.77735			6
2026.01.27	00:39:06.366		0.77738			4
2026.01.27	00:39:09.369		0.77735			4
2026.01.27	00:39:10.364		0.77738			4
2026.01.27	00:39:10.825		0.77735			4
2026.01.27	00:39:14.052		0.77738			4
2026.01.27	00:39:15.568		0.77735			4
2026.01.27	00:40:00.969	0.77647				2
2026.01.27	00:40:17.320		0.77735			4
2026.01.27	00:40:30.863		0.77734			4
2026.01.27	00:40:52.331	0.77590	0.77726			6
2026.01.27	00:41:00.315	0.77590				2
2026.01.27	00:41:27.234		0.77727			4
2026.01.27	00:41:29.672	0.77669	0.77735			6
2026.01.27	00:41:29.992	0.77590	0.77726			6
2026.01.27	00:41:30.394		0.77727			4
2026.01.27	00:41:31.483		0.77726			4
2026.01.27	00:41:32.537	0.77678	0.77739			6
2026.01.27	00:41:37.303	0.77681				2
2026.01.27	00:41:38.302	0.77683				2
2026.01.27	00:41:40.315	0.77590	0.77730			6
2026.01.27	00:41:40.618		0.77727			4
2026.01.27	00:41:51.273		0.77725			4
2026.01.27	00:41:58.835	0.77672	0.77736			6
2026.01.27	00:41:59.302	0.77674				2
2026.01.27	00:41:59.858		0.77737			4
2026.01.27	00:42:00.302	0.77677	0.77738			6
2026.01.27	00:42:01.303	0.77679				2
2026.01.27	00:42:02.301	0.77682				2
2026.01.27	00:42:02.832	0.77590	0.77721			6
2026.01.27	00:42:08.021		0.77720			4
2026.01.27	00:42:08.948	0.77677	0.77736			6
2026.01.27	00:42:10.050	0.77681				2
2026.01.27	00:42:11.205		0.77738			4
2026.01.27	00:42:13.981		0.77737			4
2026.01.27	00:42:14.424	0.77590	0.77726			6
2026.01.27	00:42:17.291		0.77724			4
2026.01.27	00:42:30.208		0.77723			4
2026.01.27	00:42:33.220		0.77724			4
2026.01.27	00:42:49.206		0.77723			4
2026.01.27	00:43:02.619	0.77590				2
2026.01.27	00:43:09.493		0.77722			4
2026.01.27	00:43:45.487		0.77721			4
2026.01.27	00:43:47.178	0.77671	0.77736			6
2026.01.27	00:43:47.488		0.77734			4
2026.01.27	00:43:48.199	0.77674	0.77735			6
2026.01.27	00:43:49.302	0.77677				2
2026.01.27	00:43:49.823	0.77590	0.77721			6
2026.01.27	00:43:52.061		0.77719			4
2026.01.27	00:44:00.308	0.77590	0.77718			6
2026.01.27	00:44:03.018		0.77719			4
2026.01.27	00:44:23.215		0.77717			4
2026.01.27	00:44:49.847		0.77716			4
2026.01.27	00:45:00.349	0.77590				2
2026.01.27	00:45:03.206	0.77549	0.77708			6
2026.01.27	00:45:06.656	0.77590	0.77716			6
2026.01.27	00:45:13.964	0.77597	0.77709			6
2026.01.27	00:45:14.783		0.77712			4
2026.01.27	00:45:15.242	0.77680	0.77727			6
2026.01.27	00:45:15.563		0.77729			4
2026.01.27	00:45:16.302	0.77683				2
2026.01.27	00:45:16.985		0.77730			4
2026.01.27	00:45:17.303	0.77686				2
2026.01.27	00:45:18.008	0.77595	0.77714			6
2026.01.27	00:45:19.147		0.77712			4
2026.01.27	00:45:29.217		0.77711			4
2026.01.27	00:45:48.501		0.77709			4
2026.01.27	00:45:50.808		0.77710			4
2026.01.27	00:46:00.488	0.77595				2
2026.01.27	00:46:06.749		0.77709			4
2026.01.27	00:46:15.691		0.77719			4
2026.01.27	00:46:32.504		0.77718			4
2026.01.27	00:47:00.220	0.77595				2
2026.01.27	00:47:03.204	0.77559	0.77730			6
2026.01.27	00:47:06.645	0.77595	0.77718			6
2026.01.27	00:47:15.737		0.77719			4
2026.01.27	00:47:17.343		0.77720			4
2026.01.27	00:47:29.226		0.77721			4
2026.01.27	00:47:37.152		0.77720			4
2026.01.27	00:47:55.892	0.77561	0.77729			6
2026.01.27	00:47:56.344	0.77531	0.77730			6
2026.01.27	00:47:57.229	0.77543	0.77729			6
2026.01.27	00:47:59.032		0.77726			4
2026.01.27	00:47:59.776		0.77729			4
2026.01.27	00:48:00.228	0.77543				2
2026.01.27	00:48:02.022	0.77530				2
2026.01.27	00:48:03.318		0.77732			4
2026.01.27	00:48:04.720		0.77729			4
2026.01.27	00:48:06.104		0.77730			4
2026.01.27	00:48:12.228		0.77729			4
2026.01.27	00:48:13.859	0.77682	0.77732			6
2026.01.27	00:48:14.321		0.77733			4
2026.01.27	00:48:14.638		0.77734			4
2026.01.27	00:48:15.900		0.77733			4
2026.01.27	00:48:16.720		0.77728			4
2026.01.27	00:48:17.981		0.77729			4
2026.01.27	00:48:20.109		0.77728			4
2026.01.27	00:48:20.920		0.77726			4
2026.01.27	00:48:22.164		0.77727			4
2026.01.27	00:48:23.206	0.77685	0.77725			6
2026.01.27	00:48:24.228	0.77688				2
2026.01.27	00:48:25.120	0.77691				2
2026.01.27	00:48:27.723		0.77729			4
2026.01.27	00:48:29.023		0.77730			4
2026.01.27	00:48:30.863		0.77729			4
2026.01.27	00:48:31.720		0.77730			4
2026.01.27	00:48:33.384		0.77727			4
2026.01.27	00:48:34.231		0.77726			4
2026.01.27	00:48:38.629		0.77729			4
2026.01.27	00:48:41.867		0.77728			4
2026.01.27	00:49:00.867	0.77691				2
2026.01.27	00:49:16.165	0.77697				2
2026.01.27	00:49:20.314	0.77691				2
2026.01.27	00:49:20.619	0.77697				2
2026.01.27	00:49:21.188	0.77696				2
2026.01.27	00:49:26.188	0.77694				2
2026.01.27	00:49:30.820	0.77695				2
2026.01.27	00:49:40.122		0.77729			4
2026.01.27	00:49:40.738	0.77696				2
2026.01.27	00:49:43.796		0.77728			4
2026.01.27	00:49:47.920	0.77697				2
2026.01.27	00:49:49.709	0.77694	0.77729			6
2026.01.27	00:49:50.865	0.77695				2
2026.01.27	00:49:53.216		0.77728			4
2026.01.27	00:50:00.862	0.77695				2
2026.01.27	00:50:05.921	0.77696				2
2026.01.27	00:50:08.320	0.77695				2
2026.01.27	00:50:10.120	0.77696				2
2026.01.27	00:50:14.322	0.77692				2
2026.01.27	00:50:19.421	0.77693				2
2026.01.27	00:50:30.866		0.77729			4
2026.01.27	00:50:42.520	0.77694	0.77730			6
2026.01.27	00:50:44.899		0.77729			4
2026.01.27	00:51:00.418	0.77695				2
2026.01.27	00:51:14.192	0.77693				2
2026.01.27	00:51:20.322	0.77694				2
2026.01.27	00:51:22.940		0.77730			4
2026.01.27	00:51:28.162	0.77695				2
2026.01.27	00:51:50.315		0.77731			4
2026.01.27	00:51:57.221	0.77696				2
2026.01.27	00:52:00.313	0.77696				2
2026.01.27	00:52:18.521	0.77697				2
2026.01.27	00:52:52.272		0.77731			4
2026.01.27	00:52:59.920	0.77698				2
2026.01.27	00:53:01.720	0.77698				2
2026.01.27	00:53:14.432	0.77699				2
2026.01.27	00:53:30.314		0.77732			4
2026.01.27	00:53:35.320	0.77700				2
2026.01.27	00:53:45.522	0.77702				2
2026.01.27	00:53:51.223	0.77703				2
2026.01.27	00:54:00.068	0.77703				2
2026.01.27	00:54:23.430	0.77704				2
2026.01.27	00:54:24.520	0.77703				2
2026.01.27	00:54:26.620	0.77704				2
2026.01.27	00:54:29.622	0.77703				2
2026.01.27	00:54:30.920	0.77704	0.77732			6
2026.01.27	00:54:35.908	0.77703				2
2026.01.27	00:55:00.313	0.77703				2
2026.01.27	00:55:33.222		0.77732			4
2026.01.27	00:55:42.369	0.77701				2
2026.01.27	00:56:03.374	0.77701				2
2026.01.27	00:56:12.391	0.77702				2
2026.01.27	00:56:33.520		0.77732			4
2026.01.27	00:57:00.897	0.77702				2
2026.01.27	00:57:05.623	0.77703				2
2026.01.27	00:57:33.663	0.77704	0.77732			6
2026.01.27	00:57:46.679		0.77733			4
2026.01.27	00:57:58.120	0.77705				2
2026.01.27	00:58:00.520	0.77705				2
2026.01.27	00:58:03.077	0.77707				2
2026.01.27	00:58:29.485	0.77708				2
2026.01.27	00:58:47.221		0.77733			4
2026.01.27	00:59:00.557	0.77708				2
2026.01.27	00:59:08.922	0.77709				2
2026.01.27	00:59:48.430	0.77710	0.77733			6
2026.01.27	01:00:00.308	0.77704	0.77730			6
2026.01.27	01:00:00.652	0.77699				2
2026.01.27	01:00:01.154	0.77701				2
2026.01.27	01:00:01.475	0.77703	0.77732			6
2026.01.27	01:00:02.178	0.77705				2
2026.01.27	01:00:02.513	0.77700				2
2026.01.27	01:00:03.328	0.77704				2
2026.01.27	01:00:03.813	0.77714	0.77721			6
2026.01.27	01:00:04.735	0.77715	0.77722			6
2026.01.27	01:00:05.357	0.77700	0.77736			6
2026.01.27	01:00:05.662	0.77699	0.77735			6
2026.01.27	01:00:06.587	0.77712	0.77719			6
2026.01.27	01:00:07.206	0.77704	0.77726			6
2026.01.27	01:00:10.025		0.77723			4
2026.01.27	01:00:16.409		0.77722			4
2026.01.27	01:00:23.920	0.77703				2
2026.01.27	01:00:25.891	0.77704				2
2026.01.27	01:00:27.772	0.77703				2
2026.01.27	01:00:28.721	0.77700	0.77713			6
2026.01.27	01:00:35.266	0.77697	0.77707			6
2026.01.27	01:00:36.303		0.77706			4
2026.01.27	01:00:38.304	0.77696	0.77705			6
2026.01.27	01:00:38.635	0.77697				2
2026.01.27	01:00:38.938	0.77696	0.77706			6
2026.01.27	01:00:40.681	0.77699	0.77709			6
2026.01.27	01:00:41.664	0.77697				2
2026.01.27	01:01:00.308	0.77697				2
2026.01.27	01:01:00.625		0.77707			4
2026.01.27	01:01:01.530		0.77710			4
2026.01.27	01:01:02.820	0.77698	0.77709			6
2026.01.27	01:01:07.819	0.77697	0.77710			6
2026.01.27	01:01:12.307		0.77709			4
2026.01.27	01:01:16.121	0.77696				2
2026.01.27	01:02:00.521	0.77696				2
2026.01.27	01:02:13.420		0.77709			4
2026.01.27	01:02:14.193	0.77698	0.77713			6
2026.01.27	01:02:15.119	0.77697				2
2026.01.27	01:02:16.722	0.77698				2
2026.01.27	01:02:18.749	0.77697	0.77710			6
2026.01.27	01:02:23.990		0.77711			4
2026.01.27	01:02:25.853		0.77710			4
2026.01.27	01:02:31.697	0.77696				2
2026.01.27	01:02:47.427	0.77698	0.77713			6
2026.01.27	01:02:47.923	0.77699				2
2026.01.27	01:02:50.964		0.77712			4
2026.01.27	01:02:52.156	0.77700	0.77713			6
2026.01.27	01:02:52.755		0.77714			4
2026.01.27	01:03:00.710	0.77700				2
2026.01.27	01:03:15.858	0.77701				2
2026.01.27	01:03:18.409	0.77702	0.77713			6
2026.01.27	01:03:18.892	0.77701				2
2026.01.27	01:03:25.120	0.77702				2
2026.01.27	01:03:37.121		0.77712			4
2026.01.27	01:03:38.922		0.77713			4
2026.01.27	01:03:43.122		0.77712			4
2026.01.27	01:03:48.520	0.77703				2
2026.01.27	01:03:55.941	0.77702				2
2026.01.27	01:04:01.121	0.77702				2
2026.01.27	01:04:10.570	0.77700				2
2026.01.27	01:04:19.203	0.77704	0.77706			6
2026.01.27	01:04:22.894	0.77700	0.77712			6
2026.01.27	01:04:31.428		0.77710			4
2026.01.27	01:04:43.421	0.77704	0.77706			6
2026.01.27	01:04:47.443	0.77700	0.77711			6
2026.01.27	01:04:55.949	0.77701				2
2026.01.27	01:05:00.221	0.77700	0.77708			6
2026.01.27	01:05:00.939	0.77697	0.77702			6
2026.01.27	01:05:02.700		0.77703			4
2026.01.27	01:05:03.045		0.77702			4
2026.01.27	01:05:03.359	0.77698	0.77705			6
2026.01.27	01:05:08.343	0.77699				2
2026.01.27	01:05:13.213		0.77706			4
2026.01.27	01:05:13.640	0.77698				2
2026.01.27	01:05:20.022		0.77705			4
2026.01.27	01:05:20.864		0.77706			4
2026.01.27	01:05:21.607	0.77699				2
2026.01.27	01:05:27.033	0.77700	0.77708			6
2026.01.27	01:05:28.035	0.77701				2
2026.01.27	01:05:29.428		0.77707			4
2026.01.27	01:05:31.120	0.77700				2
2026.01.27	01:05:32.620	0.77701				2
2026.01.27	01:05:34.420	0.77700				2
2026.01.27	01:05:35.861	0.77701				2
2026.01.27	01:05:37.990		0.77706			4
2026.01.27	01:05:42.976	0.77704	0.77711			6
2026.01.27	01:06:00.492	0.77704				2
2026.01.27	01:06:09.225	0.77703	0.77710			6
2026.01.27	01:06:14.020	0.77704				2
2026.01.27	01:06:16.606	0.77703				2
2026.01.27	01:06:17.620	0.77702				2
2026.01.27	01:06:32.320	0.77701				2
2026.01.27	01:06:33.821	0.77702				2
2026.01.27	01:06:38.185		0.77709			4
2026.01.27	01:06:38.861		0.77710			4
2026.01.27	01:06:39.520	0.77701				2
2026.01.27	01:06:44.018		0.77711			4
2026.01.27	01:06:46.721	0.77702	0.77710			6
2026.01.27	01:06:47.961	0.77701				2
2026.01.27	01:06:52.121		0.77711			4
2026.01.27	01:06:53.400	0.77702	0.77710			6
2026.01.27	01:06:54.520	0.77701				2
2026.01.27	01:06:55.722		0.77711			4
2026.01.27	01:06:56.897	0.77702	0.77710			6
2026.01.27	01:07:00.797	0.77702				2
2026.01.27	01:07:17.538	0.77701				2
2026.01.27	01:07:20.321	0.77702				2
2026.01.27	01:07:57.146		0.77710			4
2026.01.27	01:08:00.268	0.77702				2
2026.01.27	01:08:02.612		0.77711			4
2026.01.27	01:08:03.255		0.77710			4
2026.01.27	01:08:05.270	0.77701				2
2026.01.27	01:08:11.174	0.77707				2
2026.01.27	01:08:12.302		0.77709			4
2026.01.27	01:08:18.879	0.77706				2
2026.01.27	01:08:28.832	0.77705	0.77708			6
2026.01.27	01:08:30.074	0.77706	0.77707			6
2026.01.27	01:08:42.263	0.77702	0.77705			6
2026.01.27	01:08:42.655	0.77703				2
2026.01.27	01:08:43.702	0.77702				2
2026.01.27	01:08:44.070		0.77704			4
2026.01.27	01:08:45.162	0.77703				2
2026.01.27	01:08:47.767	0.77704	0.77710			6
2026.01.27	01:08:48.873	0.77708				2
2026.01.27	01:08:50.803	0.77706				2
2026.01.27	01:08:56.949	0.77707				2
2026.01.27	01:08:59.082	0.77708				2
2026.01.27	01:09:00.868	0.77708				2
2026.01.27	01:09:02.877		0.77709			4
2026.01.27	01:09:03.498		0.77712			4
2026.01.27	01:09:03.813		0.77711			4
2026.01.27	01:09:04.157	0.77707	0.77710			6
2026.01.27	01:09:05.843	0.77706	0.77709			6
2026.01.27	01:09:07.710	0.77705	0.77710			6
2026.01.27	01:09:08.757	0.77706				2
2026.01.27	01:09:13.367	0.77707	0.77711			6
2026.01.27	01:09:33.566	0.77706	0.77710			6
2026.01.27	01:09:37.114		0.77711			4
2026.01.27	01:09:38.425		0.77710			4
2026.01.27	01:09:50.237	0.77708	0.77712			6
2026.01.27	01:09:50.680	0.77709				2
2026.01.27	01:09:51.824	0.77710				2
2026.01.27	01:09:52.610	0.77706				2
2026.01.27	01:09:53.361	0.77711				2
2026.01.27	01:09:55.133	0.77709	0.77711			6
2026.01.27	01:09:58.719	0.77708				2
2026.01.27	01:10:00.439	0.77708				2
2026.01.27	01:10:03.176	0.77707				2
2026.01.27	01:10:04.121		0.77710			4
2026.01.27	01:10:05.202		0.77711			4
2026.01.27	01:10:06.811	0.77705				2
2026.01.27	01:10:26.920	0.77706				2
2026.01.27	01:10:27.800	0.77705				2
2026.01.27	01:10:28.208	0.77704				2
2026.01.27	01:11:00.483	0.77705	0.77713			6
2026.01.27	01:11:00.793	0.77706	0.77714			6
2026.01.27	01:11:01.263	0.77708				2
2026.01.27	01:11:02.322	0.77709	0.77713			6
2026.01.27	01:11:05.372	0.77708				2
2026.01.27	01:11:06.429		0.77714			4
2026.01.27	01:11:06.741		0.77713			4
2026.01.27	01:11:15.366	0.77705	0.77711			6
2026.01.27	01:11:16.200	0.77706				2
2026.01.27	01:11:20.545		0.77713			4
2026.01.27	01:11:21.044		0.77712			4
2026.01.27	01:11:22.162		0.77711			4
2026.01.27	01:11:23.208		0.77712			4
2026.01.27	01:11:24.012	0.77707				2
2026.01.27	01:11:31.929	0.77705				2
2026.01.27	01:11:32.680	0.77706				2
2026.01.27	01:11:34.864		0.77713			4
2026.01.27	01:11:40.661		0.77712			4
2026.01.27	01:11:44.447		0.77713			4
2026.01.27	01:11:45.824	0.77707				2
2026.01.27	01:11:49.205	0.77706	0.77712			6
2026.01.27	01:11:50.112	0.77707				2
2026.01.27	01:11:51.821		0.77713			4
2026.01.27	01:12:01.375	0.77707				2
2026.01.27	01:12:24.002	0.77706	0.77712			6
2026.01.27	01:12:24.934	0.77705				2
2026.01.27	01:12:34.121		0.77713			4
2026.01.27	01:12:41.926	0.77701	0.77708			6
2026.01.27	01:12:46.939	0.77700				2
2026.01.27	01:12:47.258	0.77701	0.77710			6
2026.01.27	01:12:48.369	0.77703				2
2026.01.27	01:12:49.120	0.77704				2
2026.01.27	01:12:51.426	0.77703				2
2026.01.27	01:13:01.269	0.77706	0.77712			6
2026.01.27	01:13:02.328	0.77707				2
2026.01.27	01:13:05.085	0.77706	0.77713			6
2026.01.27	01:13:12.521	0.77705				2
2026.01.27	01:13:13.013	0.77703	0.77711			6
2026.01.27	01:13:40.310	0.77702				2
2026.01.27	01:13:51.392		0.77710			4
2026.01.27	01:13:52.013	0.77701				2
2026.01.27	01:13:52.420	0.77699	0.77708			6
2026.01.27	01:13:53.766	0.77700				2
2026.01.27	01:13:58.854	0.77702	0.77710			6
2026.01.27	01:14:00.334	0.77703				2
2026.01.27	01:14:01.121		0.77711			4
2026.01.27	01:14:09.108	0.77704	0.77710			6
2026.01.27	01:14:11.344		0.77711			4
2026.01.27	01:14:12.387	0.77706				2
2026.01.27	01:14:13.387	0.77707				2
2026.01.27	01:14:34.345	0.77704	0.77710			6
2026.01.27	01:14:48.612	0.77705	0.77712			6
2026.01.27	01:14:49.471	0.77706				2
2026.01.27	01:14:50.321	0.77707	0.77713			6
2026.01.27	01:14:57.340		0.77712			4
2026.01.27	01:15:00.305	0.77707				2
2026.01.27	01:15:06.930	0.77706				2
2026.01.27	01:15:07.953	0.77707				2
2026.01.27	01:15:08.911	0.77706				2
2026.01.27	01:15:11.859	0.77707				2
2026.01.27	01:15:21.183	0.77708	0.77714			6
2026.01.27	01:15:21.636	0.77709	0.77715			6
2026.01.27	01:15:23.216	0.77710				2
2026.01.27	01:15:24.185		0.77714			4
2026.01.27	01:15:27.226	0.77709				2
2026.01.27	01:15:50.864	0.77710	0.77715			6
2026.01.27	01:16:00.865	0.77710				2
2026.01.27	01:16:02.227		0.77714			4
2026.01.27	01:16:04.423		0.77715			4
2026.01.27	01:16:05.377		0.77714			4
2026.01.27	01:16:07.546		0.77715			4
2026.01.27	01:16:08.060	0.77715	0.77721			6
2026.01.27	01:16:10.014	0.77716				2
2026.01.27	01:16:10.620	0.77715				2
2026.01.27	01:16:11.371	0.77716				2
2026.01.27	01:16:23.306	0.77715				2
2026.01.27	01:16:24.260	0.77716	0.77722			6
2026.01.27	01:16:24.596		0.77723			4
2026.01.27	01:16:25.629	0.77718				2
2026.01.27	01:16:26.620	0.77719				2
2026.01.27	01:16:34.586	0.77717				2
2026.01.27	01:16:40.123		0.77722			4
2026.01.27	01:16:54.821		0.77723			4
2026.01.27	01:16:56.679	0.77715	0.77720			6
2026.01.27	01:16:57.514	0.77717	0.77723			6
2026.01.27	01:16:58.295	0.77718				2
2026.01.27	01:16:59.694		0.77722			4
2026.01.27	01:17:00.563	0.77718				2
2026.01.27	01:17:01.720		0.77724			4
2026.01.27	01:17:05.807	0.77717				2
2026.01.27	01:17:14.921		0.77723			4
2026.01.27	01:17:21.733		0.77724			4
2026.01.27	01:17:22.996	0.77714	0.77719			6
2026.01.27	01:17:25.176		0.77720			4
2026.01.27	01:17:32.504		0.77721			4
2026.01.27	01:17:32.812		0.77720			4
2026.01.27	01:17:33.561		0.77721			4
2026.01.27	01:17:36.838		0.77720			4
2026.01.27	01:17:40.420		0.77721			4
2026.01.27	01:17:57.009	0.77715				2
2026.01.27	01:18:00.044	0.77715				2
2026.01.27	01:18:12.251		0.77720			4
2026.01.27	01:18:14.324		0.77721			4
2026.01.27	01:18:17.432		0.77720			4
2026.01.27	01:18:18.356	0.77712	0.77718			6
2026.01.27	01:18:19.404	0.77711	0.77717			6
2026.01.27	01:18:23.335		0.77718			4
2026.01.27	01:18:49.951	0.77712				2
2026.01.27	01:18:51.036		0.77717			4
2026.01.27	01:18:52.681		0.77718			4
2026.01.27	01:18:53.014		0.77717			4
2026.01.27	01:18:56.897		0.77718			4
2026.01.27	01:19:00.031	0.77712				2
2026.01.27	01:19:00.969		0.77717			4
2026.01.27	01:19:06.955	0.77713				2
2026.01.27	01:19:17.643	0.77712				2
2026.01.27	01:19:24.610	0.77713				2
2026.01.27	01:19:35.502	0.77712				2
2026.01.27	01:19:36.163		0.77716			4
2026.01.27	01:19:40.675		0.77717			4
2026.01.27	01:19:42.196		0.77716			4
2026.01.27	01:19:43.196		0.77714			4
2026.01.27	01:19:50.632	0.77713				2
2026.01.27	01:19:52.733	0.77712				2
2026.01.27	01:19:54.117	0.77708				2
2026.01.27	01:19:54.809	0.77712				2
2026.01.27	01:19:57.138	0.77709	0.77712			6
2026.01.27	01:20:00.643	0.77709				2
2026.01.27	01:20:02.363	0.77710				2
2026.01.27	01:20:03.582		0.77714			4
2026.01.27	01:20:08.015	0.77712	0.77717			6
2026.01.27	01:20:08.864	0.77713				2
2026.01.27	01:20:11.362	0.77712				2
2026.01.27	01:20:12.367	0.77713				2
2026.01.27	01:20:13.364	0.77712				2
2026.01.27	01:20:15.881	0.77713				2
2026.01.27	01:20:27.991	0.77710	0.77714			6
2026.01.27	01:20:31.897	0.77711	0.77715			6
2026.01.27	01:20:34.303		0.77714			4
2026.01.27	01:20:34.679	0.77710				2
2026.01.27	01:20:47.071	0.77709	0.77713			6
2026.01.27	01:20:57.121	0.77710				2
2026.01.27	01:20:58.114	0.77709	0.77712			6
2026.01.27	01:20:58.421	0.77710	0.77713			6
2026.01.27	01:21:00.080	0.77709	0.77712			6
2026.01.27	01:21:01.108		0.77713			4
2026.01.27	01:21:18.595		0.77712			4
2026.01.27	01:21:20.422		0.77713			4
2026.01.27	01:21:21.531	0.77710				2
2026.01.27	01:21:24.441		0.77712			4
2026.01.27	01:21:32.653	0.77709				2
2026.01.27	01:21:40.597		0.77713			4
2026.01.27	01:21:41.723		0.77712			4
2026.01.27	01:22:00.304	0.77709				2
2026.01.27	01:22:03.575		0.77714			4
2026.01.27	01:22:04.405		0.77713			4
2026.01.27	01:22:06.274		0.77712			4
2026.01.27	01:22:09.224		0.77713			4
2026.01.27	01:22:11.288		0.77712			4
2026.01.27	01:22:15.470		0.77713			4
2026.01.27	01:22:20.321		0.77712			4
2026.01.27	01:22:30.973	0.77712	0.77716			6
2026.01.27	01:22:32.306	0.77713	0.77715			6
2026.01.27	01:22:39.819	0.77714				2
2026.01.27	01:22:48.120		0.77717			4
2026.01.27	01:22:48.849	0.77715				2
2026.01.27	01:22:52.062	0.77711				2
2026.01.27	01:22:52.634	0.77715				2
2026.01.27	01:22:58.506		0.77718			4
2026.01.27	01:23:00.634	0.77715				2
2026.01.27	01:23:03.039	0.77713				2
2026.01.27	01:23:10.864		0.77719			4
2026.01.27	01:23:16.166	0.77712				2
2026.01.27	01:23:20.919		0.77718			4
2026.01.27	01:23:25.507		0.77719			4
2026.01.27	01:23:26.506		0.77718			4
2026.01.27	01:23:29.417	0.77710				2
2026.01.27	01:23:30.167	0.77712				2
2026.01.27	01:23:33.506		0.77719			4
2026.01.27	01:23:34.324	0.77710	0.77717			6
2026.01.27	01:23:35.493	0.77711				2
2026.01.27	01:23:37.223	0.77708	0.77715			6
2026.01.27	01:23:39.324	0.77709				2
2026.01.27	01:23:49.506		0.77714			4
2026.01.27	01:23:59.377		0.77715			4
2026.01.27	01:24:00.569	0.77708	0.77714			6
2026.01.27	01:24:04.919		0.77713			4
2026.01.27	01:24:09.381		0.77714			4
2026.01.27	01:24:16.390	0.77709				2
2026.01.27	01:24:16.745	0.77708				2
2026.01.27	01:24:17.757	0.77709				2
2026.01.27	01:24:20.621		0.77713			4
2026.01.27	01:24:23.417		0.77714			4
2026.01.27	01:24:30.568		0.77713			4
2026.01.27	01:24:34.936		0.77711			4
2026.01.27	01:24:44.215	0.77708				2
2026.01.27	01:25:00.567	0.77708				2
2026.01.27	01:25:03.546		0.77713			4
2026.01.27	01:25:03.909		0.77712			4
2026.01.27	01:25:07.694	0.77705	0.77710			6
2026.01.27	01:25:08.802	0.77706				2
2026.01.27	01:25:09.816	0.77704	0.77708			6
2026.01.27	01:25:25.470		0.77707			4
2026.01.27	01:25:40.425		0.77706			4
2026.01.27	01:25:48.606		0.77707			4
2026.01.27	01:25:58.038		0.77706			4
2026.01.27	01:25:58.514		0.77707			4
2026.01.27	01:26:00.109	0.77704				2
2026.01.27	01:26:13.074	0.77703				2
2026.01.27	01:26:14.075	0.77704				2
2026.01.27	01:26:26.589	0.77702				2
2026.01.27	01:26:47.501	0.77701				2
2026.01.27	01:26:49.793	0.77700				2
2026.01.27	01:26:54.731		0.77706			4
2026.01.27	01:26:57.751	0.77699				2
2026.01.27	01:26:58.779	0.77700				2
2026.01.27	01:27:02.620	0.77700				2
2026.01.27	01:27:15.516		0.77705			4
2026.01.27	01:27:21.864	0.77702	0.77708			6
2026.01.27	01:27:22.908	0.77703				2
2026.01.27	01:27:29.077	0.77702				2
2026.01.27	01:27:30.012	0.77703				2
2026.01.27	01:27:46.914	0.77702				2
2026.01.27	01:27:53.363	0.77704	0.77710			6
2026.01.27	01:27:54.028		0.77708			4
2026.01.27	01:27:54.404	0.77705	0.77709			6
2026.01.27	01:27:55.464	0.77702	0.77707			6
2026.01.27	01:27:55.773	0.77700				2
2026.01.27	01:27:56.611	0.77701				2
2026.01.27	01:28:01.020	0.77701				2
2026.01.27	01:28:05.836		0.77706			4
2026.01.27	01:28:09.282	0.77700				2
2026.01.27	01:28:10.510	0.77701				2
2026.01.27	01:28:15.028	0.77700				2
2026.01.27	01:28:16.603	0.77701				2
2026.01.27	01:28:19.488	0.77700				2
2026.01.27	01:28:20.305	0.77701				2
2026.01.27	01:28:20.713	0.77700				2
2026.01.27	01:28:22.124	0.77701				2
2026.01.27	01:28:23.933	0.77700				2
2026.01.27	01:28:25.842		0.77707			4
2026.01.27	01:28:40.864		0.77706			4
2026.01.27	01:28:56.472		0.77705			4
2026.01.27	01:29:04.362	0.77700				2
2026.01.27	01:29:04.679	0.77701	0.77706			6
2026.01.27	01:29:06.927	0.77702				2
2026.01.27	01:29:14.736		0.77707			4
2026.01.27	01:29:21.948	0.77701				2
2026.01.27	01:29:22.997	0.77702				2
2026.01.27	01:29:23.996	0.77701	0.77706			6
2026.01.27	01:29:28.851		0.77707			4
2026.01.27	01:29:31.102		0.77706			4
2026.01.27	01:30:00.182	0.77700				2
2026.01.27	01:30:01.763	0.77701				2
2026.01.27	01:30:03.264	0.77702	0.77704			6
2026.01.27	01:30:03.576	0.77701	0.77703			6
2026.01.27	01:30:05.460	0.77702	0.77704			6
2026.01.27	01:30:06.727	0.77701	0.77705			6
2026.01.27	01:30:40.292		0.77706			4
2026.01.27	01:30:42.485		0.77705			4
2026.01.27	01:30:47.898		0.77706			4
2026.01.27	01:30:48.441		0.77705			4
2026.01.27	01:31:00.563	0.77702	0.77706			6
2026.01.27	01:31:02.402	0.77703				2
2026.01.27	01:31:42.172		0.77707			4
2026.01.27	01:31:43.177	0.77704				2
2026.01.27	01:31:46.251		0.77706			4
2026.01.27	01:31:48.749	0.77705	0.77707			6
2026.01.27	01:31:49.669	0.77706	0.77708			6
2026.01.27	01:31:59.621		0.77707			4
2026.01.27	01:32:00.982	0.77706				2
2026.01.27	01:32:06.726	0.77705				2
2026.01.27	01:32:11.321		0.77706			4
2026.01.27	01:32:37.120		0.77707			4
2026.01.27	01:32:41.320		0.77706			4
2026.01.27	01:32:52.676		0.77707			4
2026.01.27	01:32:57.821		0.77706			4
2026.01.27	01:33:00.740	0.77705	0.77707			6
2026.01.27	01:33:01.742	0.77706				2
2026.01.27	01:33:22.928	0.77705				2
2026.01.27	01:34:03.439	0.77705	0.77707			6
2026.01.27	01:34:13.614	0.77706				2
2026.01.27	01:34:19.098	0.77705				2
2026.01.27	01:34:59.804	0.77706				2
2026.01.27	01:35:03.648	0.77706	0.77707			6
2026.01.27	01:35:18.028	0.77705				2
2026.01.27	01:36:00.968	0.77705				2
2026.01.27	01:36:17.761		0.77707			4
2026.01.27	01:36:28.181	0.77704	0.77706			6
2026.01.27	01:36:31.478		0.77707			4
2026.01.27	01:36:35.914	0.77705				2
2026.01.27	01:36:53.379	0.77707	0.77710			6
2026.01.27	01:36:54.470	0.77708				2
2026.01.27	01:36:56.448	0.77707				2
2026.01.27	01:37:01.655	0.77707				2
2026.01.27	01:37:29.218	0.77705	0.77708			6
2026.01.27	01:37:39.720		0.77710			4
2026.01.27	01:37:40.750	0.77707				2
2026.01.27	01:37:41.750	0.77708				2
2026.01.27	01:37:42.522		0.77711			4
2026.01.27	01:37:48.729		0.77710			4
2026.01.27	01:37:53.411		0.77713			4
2026.01.27	01:37:54.461	0.77710				2
2026.01.27	01:38:00.368	0.77710				2
2026.01.27	01:38:01.330	0.77708				2
2026.01.27	01:38:02.079	0.77710				2
2026.01.27	01:38:13.153	0.77709				2
2026.01.27	01:38:22.991	0.77707				2
2026.01.27	01:38:23.741	0.77710	0.77716			6
2026.01.27	01:38:24.663	0.77711				2
2026.01.27	01:38:28.831	0.77712				2
2026.01.27	01:38:32.198		0.77715			4
2026.01.27	01:38:46.683		0.77716			4
2026.01.27	01:38:50.050		0.77715			4
2026.01.27	01:38:53.120		0.77716			4
2026.01.27	01:38:58.389		0.77715			4
2026.01.27	01:39:00.866	0.77711				2
2026.01.27	01:39:05.330	0.77710	0.77716			6
2026.01.27	01:39:08.438	0.77711	0.77715			6
2026.01.27	01:39:12.330	0.77710	0.77714			6
2026.01.27	01:39:17.620	0.77709				2
2026.01.27	01:39:19.037	0.77708	0.77712			6
2026.01.27	01:39:19.391		0.77713			4
2026.01.27	01:39:20.737	0.77709				2
2026.01.27	01:39:24.224	0.77708				2
2026.01.27	01:39:24.944		0.77712			4
2026.01.27	01:39:28.833		0.77713			4
2026.01.27	01:39:56.400	0.77711	0.77716			6
2026.01.27	01:39:57.516	0.77712				2
2026.01.27	01:40:00.354	0.77716	0.77721			6
2026.01.27	01:40:00.685	0.77717				2
2026.01.27	01:40:17.152	0.77716				2
2026.01.27	01:40:19.047	0.77717				2
2026.01.27	01:40:19.436	0.77716				2
2026.01.27	01:40:20.602	0.77717				2
2026.01.27	01:40:21.374	0.77716				2
2026.01.27	01:40:22.812	0.77717				2
2026.01.27	01:40:26.620	0.77716				2
2026.01.27	01:40:29.386	0.77717				2
2026.01.27	01:40:37.789	0.77716				2
2026.01.27	01:40:39.269	0.77717				2
2026.01.27	01:40:39.949	0.77716				2
2026.01.27	01:40:45.359	0.77714	0.77720			6
2026.01.27	01:40:47.848	0.77713	0.77718			6
2026.01.27	01:41:00.530	0.77713				2
2026.01.27	01:41:02.216	0.77712				2
2026.01.27	01:41:03.716	0.77710	0.77716			6
2026.01.27	01:41:04.162		0.77717			4
2026.01.27	01:41:06.176	0.77711	0.77716			6
2026.01.27	01:41:27.912		0.77717			4
2026.01.27	01:41:38.730		0.77716			4
2026.01.27	01:41:51.910		0.77717			4
2026.01.27	01:41:53.400		0.77716			4
2026.01.27	01:41:54.177	0.77710	0.77717			6
2026.01.27	01:41:54.770	0.77708	0.77715			6
2026.01.27	01:41:59.620		0.77714			4
2026.01.27	01:42:00.040	0.77708				2
2026.01.27	01:42:03.510	0.77707	0.77713			6
2026.01.27	01:42:18.835	0.77708				2
2026.01.27	01:42:19.214	0.77706				2
2026.01.27	01:42:19.688		0.77712			4
2026.01.27	01:42:20.339	0.77707	0.77713			6
2026.01.27	01:42:48.556		0.77712			4
2026.01.27	01:42:52.312	0.77706				2
2026.01.27	01:42:52.621	0.77705	0.77711			6
2026.01.27	01:42:58.749	0.77704				2
2026.01.27	01:43:00.151	0.77704	0.77710			6
2026.01.27	01:43:02.469		0.77711			4
2026.01.27	01:43:03.965		0.77710			4
2026.01.27	01:43:05.680		0.77709			4
2026.01.27	01:43:07.016	0.77703				2
2026.01.27	01:43:37.963	0.77702	0.77708			6
2026.01.27	01:43:41.758	0.77701	0.77706			6
2026.01.27	01:43:42.799		0.77705			4
2026.01.27	01:43:43.402		0.77704			4
2026.01.27	01:43:43.913		0.77705			4
2026.01.27	01:43:45.771		0.77706			4
2026.01.27	01:43:47.488	0.77699	0.77702			6
2026.01.27	01:43:52.910	0.77701	0.77706			6
2026.01.27	01:43:53.311		0.77705			4
2026.01.27	01:44:00.735	0.77702				2
2026.01.27	01:44:01.213	0.77701	0.77706			6
2026.01.27	01:44:02.440	0.77703	0.77708			6
2026.01.27	01:44:03.902	0.77705	0.77710			6
2026.01.27	01:44:13.873		0.77709			4
2026.01.27	01:44:16.633	0.77704				2
2026.01.27	01:44:24.542	0.77702	0.77707			6
2026.01.27	01:44:27.477	0.77703	0.77708			6
2026.01.27	01:44:44.522	0.77701	0.77706			6
2026.01.27	01:44:47.089		0.77705			4
2026.01.27	01:44:58.106	0.77700				2
2026.01.27	01:44:59.105		0.77706			4
2026.01.27	01:44:59.457	0.77701	0.77707			6
2026.01.27	01:45:00.380	0.77702				2
2026.01.27	01:45:01.632	0.77703	0.77708			6
2026.01.27	01:45:01.957		0.77709			4
2026.01.27	01:45:02.622	0.77704	0.77708			6
2026.01.27	01:45:03.158		0.77709			4
2026.01.27	01:45:04.993	0.77707	0.77712			6
2026.01.27	01:45:05.316	0.77706	0.77711			6
2026.01.27	01:45:09.356	0.77705	0.77710			6
2026.01.27	01:45:11.537	0.77706	0.77711			6
2026.01.27	01:45:12.359	0.77705				2
2026.01.27	01:45:12.701	0.77706				2
2026.01.27	01:45:15.421	0.77710	0.77715			6
2026.01.27	01:45:15.952		0.77714			4
2026.01.27	01:45:16.524		0.77715			4
2026.01.27	01:45:17.027		0.77714			4
2026.01.27	01:45:18.071	0.77709				2
2026.01.27	01:45:25.561	0.77710	0.77715			6
2026.01.27	01:45:28.537		0.77716			4
2026.01.27	01:45:29.781	0.77711				2
2026.01.27	01:45:30.413	0.77710				2
2026.01.27	01:45:32.258		0.77715			4
2026.01.27	01:45:35.741	0.77711	0.77716			6
2026.01.27	01:45:47.212		0.77715			4
2026.01.27	01:45:54.552	0.77710				2
2026.01.27	01:45:55.312	0.77711				2
2026.01.27	01:45:57.260	0.77710	0.77713			6
2026.01.27	01:46:00.725	0.77710				2
2026.01.27	01:46:02.982	0.77708				2
2026.01.27	01:46:04.540	0.77712	0.77716			6
2026.01.27	01:46:11.060		0.77719			4
2026.01.27	01:46:14.145	0.77714	0.77721			6
2026.01.27	01:46:18.107	0.77713				2
2026.01.27	01:46:24.107	0.77714				2
2026.01.27	01:46:24.534		0.77720			4
2026.01.27	01:46:28.064	0.77712	0.77718			6
2026.01.27	01:46:31.513		0.77719			4
2026.01.27	01:46:36.474		0.77718			4
2026.01.27	01:46:37.872	0.77708	0.77715			6
2026.01.27	01:46:38.963	0.77706	0.77714			6
2026.01.27	01:46:40.957	0.77707				2
2026.01.27	01:46:54.328	0.77709	0.77716			6
2026.01.27	01:46:54.637		0.77717			4
2026.01.27	01:46:55.849	0.77710				2
2026.01.27	01:46:56.395	0.77711				2
2026.01.27	01:46:56.745	0.77710	0.77716			6
2026.01.27	01:47:01.062	0.77710				2
2026.01.27	01:47:08.666	0.77709				2
2026.01.27	01:47:11.383	0.77710	0.77717			6
2026.01.27	01:47:19.585	0.77709	0.77716			6
2026.01.27	01:47:20.285	0.77710				2
2026.01.27	01:47:20.853		0.77717			4
2026.01.27	01:47:21.766	0.77711				2
2026.01.27	01:47:32.621		0.77718			4
2026.01.27	01:47:33.368	0.77714	0.77720			6
2026.01.27	01:47:33.725	0.77712	0.77719			6
2026.01.27	01:47:37.503		0.77718			4
2026.01.27	01:47:38.357		0.77719			4
2026.01.27	01:47:48.104	0.77714	0.77721			6
2026.01.27	01:47:48.421	0.77716	0.77724			6
2026.01.27	01:47:48.741		0.77723			4
2026.01.27	01:47:49.074		0.77722			4
2026.01.27	01:47:54.266	0.77715				2
2026.01.27	01:48:01.448	0.77715				2
2026.01.27	01:48:16.830	0.77714	0.77721			6
2026.01.27	01:48:18.113	0.77716	0.77724			6
2026.01.27	01:48:19.220	0.77717				2
2026.01.27	01:48:26.082	0.77716	0.77723			6
2026.01.27	01:48:37.372	0.77713	0.77721			6
2026.01.27	01:48:38.561		0.77720			4
2026.01.27	01:48:41.621		0.77721			4
2026.01.27	01:48:48.091		0.77722			4
2026.01.27	01:48:48.616	0.77711	0.77720			6
2026.01.27	01:48:50.413		0.77719			4
2026.01.27	01:48:51.826	0.77712	0.77721			6
2026.01.27	01:48:52.848		0.77720			4
2026.01.27	01:48:53.171		0.77721			4
2026.01.27	01:48:54.016		0.77720			4
2026.01.27	01:48:58.513	0.77711				2
2026.01.27	01:49:00.775	0.77711				2
2026.01.27	01:49:05.270	0.77712				2
2026.01.27	01:49:08.569	0.77713	0.77722			6
2026.01.27	01:49:09.028	0.77717	0.77724			6
2026.01.27	01:49:09.351		0.77725			4
2026.01.27	01:49:10.403	0.77718				2
2026.01.27	01:49:18.915	0.77717				2
2026.01.27	01:49:21.858	0.77716	0.77724			6
2026.01.27	01:49:22.163		0.77725			4
2026.01.27	01:49:24.691	0.77720	0.77728			6
2026.01.27	01:49:24.999		0.77727			4
2026.01.27	01:49:26.504	0.77719				2
2026.01.27	01:49:27.363	0.77720	0.77728			6
2026.01.27	01:49:29.008	0.77722	0.77730			6
2026.01.27	01:49:29.830		0.77729			4
2026.01.27	01:49:30.173		0.77730			4
2026.01.27	01:49:30.483	0.77724	0.77731			6
2026.01.27	01:49:31.813	0.77725				2
2026.01.27	01:49:36.551	0.77728	0.77736			6
2026.01.27	01:49:37.122	0.77729				2
2026.01.27	01:49:37.439	0.77730				2
2026.01.27	01:49:40.037	0.77729				2
2026.01.27	01:49:43.979	0.77728				2
2026.01.27	01:49:47.942	0.77727				2
2026.01.27	01:49:49.084		0.77734			4
2026.01.27	01:49:49.397		0.77733			4
2026.01.27	01:49:50.292	0.77728	0.77736			6
2026.01.27	01:49:53.497		0.77737			4
2026.01.27	01:49:55.020	0.77732	0.77739			6
2026.01.27	01:49:55.353	0.77729	0.77736			6
2026.01.27	01:49:55.770	0.77731	0.77739			6
2026.01.27	01:49:56.081	0.77730				2
2026.01.27	01:49:56.839	0.77731				2
2026.01.27	01:49:58.527		0.77738			4
2026.01.27	01:50:00.390	0.77731				2
2026.01.27	01:50:08.563	0.77733	0.77740			6
2026.01.27	01:50:09.459	0.77737	0.77744			6
2026.01.27	01:50:09.770		0.77745			4
2026.01.27	01:50:23.448	0.77736	0.77744			6
2026.01.27	01:50:25.479	0.77734	0.77741			6
2026.01.27	01:50:26.544	0.77737	0.77745			6
2026.01.27	01:50:28.063	0.77739				2
2026.01.27	01:50:29.278	0.77738				2
2026.01.27	01:50:29.629	0.77737				2
2026.01.27	01:50:33.184	0.77735	0.77743			6
2026.01.27	01:50:43.993	0.77734				2
2026.01.27	01:50:45.527	0.77735	0.77744			6
2026.01.27	01:50:46.648	0.77736	0.77743			6
2026.01.27	01:50:46.965	0.77735	0.77742			6
2026.01.27	01:50:47.609		0.77743			4
2026.01.27	01:50:49.527	0.77736				2
2026.01.27	01:50:50.681	0.77738	0.77746			6
2026.01.27	01:50:50.997	0.77737	0.77744			6
2026.01.27	01:50:54.091		0.77743			4
2026.01.27	01:50:59.056	0.77735	0.77740			6
2026.01.27	01:50:59.742	0.77736	0.77743			6
2026.01.27	01:51:00.115	0.77736				2
2026.01.27	01:51:01.896	0.77734	0.77741			6
2026.01.27	01:51:04.278	0.77736	0.77743			6
2026.01.27	01:51:04.664	0.77734	0.77740			6
2026.01.27	01:51:05.008	0.77735	0.77743			6
2026.01.27	01:51:05.310	0.77736				2
2026.01.27	01:51:09.380	0.77734	0.77738			6
2026.01.27	01:51:09.701	0.77733	0.77740			6
2026.01.27	01:51:23.620	0.77732	0.77737			6
2026.01.27	01:51:23.941	0.77729	0.77736			6
2026.01.27	01:51:27.468	0.77726	0.77733			6
2026.01.27	01:51:27.935		0.77732			4
2026.01.27	01:51:28.542		0.77733			4
2026.01.27	01:51:36.383	0.77725	0.77732			6
2026.01.27	01:51:39.591		0.77731			4
2026.01.27	01:51:40.744	0.77724	0.77730			6
2026.01.27	01:51:50.239		0.77731			4
2026.01.27	01:51:51.259		0.77729			4
2026.01.27	01:51:51.593	0.77723	0.77730			6
2026.01.27	01:51:56.772	0.77720	0.77727			6
2026.01.27	01:52:00.315	0.77720				2
2026.01.27	01:52:03.327	0.77723	0.77731			6
2026.01.27	01:52:03.652	0.77724	0.77730			6
2026.01.27	01:52:04.365		0.77731			4
2026.01.27	01:52:13.373		0.77732			4
2026.01.27	01:52:18.985		0.77731			4
2026.01.27	01:52:27.454	0.77722	0.77730			6
2026.01.27	01:52:54.913	0.77721	0.77727			6
2026.01.27	01:52:55.702	0.77725	0.77732			6
2026.01.27	01:52:56.501	0.77726				2
2026.01.27	01:52:56.849	0.77727	0.77733			6
2026.01.27	01:53:00.279	0.77727				2
2026.01.27	01:53:06.404	0.77729	0.77736			6
2026.01.27	01:53:06.836		0.77737			4
2026.01.27	01:53:11.791	0.77730				2
2026.01.27	01:53:17.034	0.77733	0.77740			6
2026.01.27	01:53:17.708		0.77739			4
2026.01.27	01:53:18.279	0.77731	0.77737			6
2026.01.27	01:53:18.602	0.77733	0.77739			6
2026.01.27	01:53:23.619		0.77740			4
2026.01.27	01:53:24.074		0.77738			4
2026.01.27	01:53:24.390	0.77732	0.77737			6
2026.01.27	01:53:24.699	0.77730				2
2026.01.27	01:53:28.978		0.77736			4
2026.01.27	01:53:30.093		0.77737			4
2026.01.27	01:53:37.014	0.77733	0.77740			6
2026.01.27	01:53:37.334		0.77739			4
2026.01.27	01:53:42.763		0.77740			4
2026.01.27	01:53:47.717		0.77739			4
2026.01.27	01:53:48.177		0.77740			4
2026.01.27	01:53:49.096	0.77732	0.77738			6
2026.01.27	01:53:52.647		0.77739			4
2026.01.27	01:53:59.514		0.77738			4
2026.01.27	01:54:00.227	0.77732				2
2026.01.27	01:54:10.123		0.77739			4
2026.01.27	01:54:14.619		0.77738			4
2026.01.27	01:54:14.935		0.77739			4
2026.01.27	01:54:15.423	0.77731	0.77736			6
2026.01.27	01:54:19.570	0.77729	0.77735			6
2026.01.27	01:54:20.908	0.77733	0.77739			6
2026.01.27	01:54:22.659	0.77736	0.77743			6
2026.01.27	01:54:23.198	0.77734	0.77741			6
2026.01.27	01:54:28.162	0.77735				2
2026.01.27	01:54:29.650		0.77742			4
2026.01.27	01:54:30.151		0.77741			4
2026.01.27	01:54:30.524	0.77734	0.77739			6
2026.01.27	01:54:33.213	0.77733				2
2026.01.27	01:54:37.475		0.77740			4
2026.01.27	01:54:38.223		0.77739			4
2026.01.27	01:54:40.044	0.77731	0.77738			6
2026.01.27	01:54:41.704		0.77737			4
2026.01.27	01:54:46.119		0.77736			4
2026.01.27	01:54:46.644		0.77737			4
2026.01.27	01:54:47.149		0.77736			4
2026.01.27	01:54:47.882	0.77729				2
2026.01.27	01:54:51.958		0.77737			4
2026.01.27	01:55:00.394	0.77729	0.77736			6
2026.01.27	01:55:10.124		0.77737			4
2026.01.27	01:55:10.737		0.77736			4
2026.01.27	01:55:11.065		0.77737			4
2026.01.27	01:55:11.390	0.77728				2
2026.01.27	01:55:21.518		0.77735			4
2026.01.27	01:55:21.857		0.77736			4
2026.01.27	01:55:29.635	0.77727	0.77733			6
2026.01.27	01:55:30.834	0.77728				2
2026.01.27	01:55:31.380		0.77736			4
2026.01.27	01:55:35.993		0.77735			4
2026.01.27	01:55:37.153		0.77736			4
2026.01.27	01:55:42.288	0.77729	0.77737			6
2026.01.27	01:55:47.301		0.77736			4
2026.01.27	01:55:48.159		0.77737			4
2026.01.27	01:55:48.473		0.77736			4
2026.01.27	01:55:48.929		0.77737			4
2026.01.27	01:55:51.245	0.77727	0.77735			6
2026.01.27	01:55:51.890		0.77736			4
2026.01.27	01:55:57.822	0.77728	0.77737			6
2026.01.27	01:55:59.610		0.77736			4
2026.01.27	01:56:00.243	0.77729	0.77737			6
2026.01.27	01:56:01.436		0.77735			4
2026.01.27	01:56:01.896	0.77728				2
2026.01.27	01:56:02.331		0.77736			4
2026.01.27	01:56:05.164	0.77727				2
2026.01.27	01:56:08.343	0.77728				2
2026.01.27	01:56:08.714	0.77727				2
2026.01.27	01:56:10.711	0.77728				2
2026.01.27	01:56:12.081		0.77735			4
2026.01.27	01:56:14.008	0.77727	0.77733			6
2026.01.27	01:56:16.053		0.77734			4
2026.01.27	01:56:20.644	0.77726	0.77733			6
2026.01.27	01:56:22.122	0.77724				2
2026.01.27	01:56:23.790		0.77732			4
2026.01.27	01:56:24.246	0.77725	0.77733			6
2026.01.27	01:56:24.622	0.77724				2
2026.01.27	01:56:25.275	0.77726				2
2026.01.27	01:56:25.800		0.77734			4
2026.01.27	01:56:39.101		0.77733			4
2026.01.27	01:56:43.382		0.77734			4
2026.01.27	01:56:43.698	0.77727				2
2026.01.27	01:56:44.002	0.77730	0.77735			6
2026.01.27	01:56:44.402	0.77728	0.77732			6
2026.01.27	01:56:45.352	0.77730	0.77735			6
2026.01.27	01:56:46.299	0.77728	0.77732			6
2026.01.27	01:56:47.157	0.77730	0.77735			6
2026.01.27	01:56:47.574	0.77727				2
2026.01.27	01:56:53.008	0.77726	0.77734			6
2026.01.27	01:57:00.727	0.77726				2
2026.01.27	01:57:01.088	0.77728	0.77736			6
2026.01.27	01:57:01.743	0.77727	0.77735			6
2026.01.27	01:57:03.891		0.77734			4
2026.01.27	01:57:09.001	0.77726	0.77733			6
2026.01.27	01:57:14.823		0.77734			4
2026.01.27	01:57:15.859		0.77733			4
2026.01.27	01:57:17.851	0.77727				2
2026.01.27	01:57:22.967	0.77726	0.77732			6
2026.01.27	01:57:25.137	0.77727	0.77733			6
2026.01.27	01:57:29.002	0.77729	0.77736			6
2026.01.27	01:57:29.319	0.77730				2
2026.01.27	01:57:29.880	0.77729				2
2026.01.27	01:57:31.509	0.77730				2
2026.01.27	01:57:34.016	0.77729				2
2026.01.27	01:57:38.336		0.77735			4
2026.01.27	01:57:40.181		0.77736			4
2026.01.27	01:57:43.847	0.77728	0.77735			6
2026.01.27	01:57:45.309	0.77729				2
2026.01.27	01:57:48.052	0.77728				2
2026.01.27	01:57:51.652	0.77727				2
2026.01.27	01:57:54.315	0.77725	0.77733			6
2026.01.27	01:57:57.365	0.77724				2
2026.01.27	01:57:57.703	0.77725				2
2026.01.27	01:57:59.009	0.77726				2
2026.01.27	01:58:00.517	0.77726				2
2026.01.27	01:58:00.891	0.77728	0.77734			6
2026.01.27	01:58:01.547	0.77729	0.77735			6
2026.01.27	01:58:02.415		0.77736			4
2026.01.27	01:58:04.640	0.77728				2
2026.01.27	01:58:14.484	0.77726	0.77734			6
2026.01.27	01:58:16.784	0.77727				2
2026.01.27	01:58:20.622	0.77728				2
2026.01.27	01:58:24.075	0.77726				2
2026.01.27	01:58:24.657		0.77733			4
2026.01.27	01:58:25.122	0.77728				2
2026.01.27	01:58:35.045	0.77727	0.77732			6
2026.01.27	01:58:35.361	0.77726				2
2026.01.27	01:58:36.659	0.77728				2
2026.01.27	01:58:37.651	0.77727				2
2026.01.27	01:58:40.859	0.77728	0.77734			6
2026.01.27	01:58:47.764		0.77733			4
2026.01.27	01:58:51.841	0.77729	0.77734			6
2026.01.27	01:58:52.207		0.77735			4
2026.01.27	01:58:54.158	0.77730				2
2026.01.27	01:58:55.018	0.77729				2
2026.01.27	01:58:59.010	0.77730				2
2026.01.27	01:59:00.075	0.77730				2
2026.01.27	01:59:04.174	0.77731	0.77737			6
2026.01.27	01:59:04.478	0.77730				2
2026.01.27	01:59:05.679	0.77731	0.77738			6
2026.01.27	01:59:23.465	0.77732				2
2026.01.27	01:59:24.253	0.77731				2
2026.01.27	01:59:25.326	0.77733	0.77740			6
2026.01.27	01:59:27.529	0.77732				2
2026.01.27	01:59:28.537	0.77733				2
2026.01.27	01:59:35.819	0.77732				2
2026.01.27	01:59:36.217	0.77733				2
2026.01.27	01:59:38.619		0.77739			4
2026.01.27	01:59:39.214	0.77732				2
2026.01.27	01:59:49.996	0.77731				2
2026.01.27	01:59:59.014	0.77732				2
2026.01.27	02:00:00.307	0.77733				2
2026.01.27	02:00:00.619	0.77738	0.77745			6
2026.01.27	02:00:01.317	0.77737				2
2026.01.27	02:00:02.414	0.77738	0.77746			6
2026.01.27	02:00:02.942	0.77737				2
2026.01.27	02:00:03.259	0.77738				2
2026.01.27	02:00:05.212	0.77736	0.77742			6
2026.01.27	02:00:05.519	0.77734				2
2026.01.27	02:00:07.971		0.77741			4
2026.01.27	02:00:08.305	0.77735				2
2026.01.27	02:00:09.156	0.77736				2
2026.01.27	02:00:09.459	0.77737	0.77743			6
2026.01.27	02:00:10.365	0.77738				2
2026.01.27	02:00:11.571	0.77739				2
2026.01.27	02:00:11.942	0.77738				2
2026.01.27	02:00:12.314		0.77744			4
2026.01.27	02:00:13.245	0.77737	0.77743			6
2026.01.27	02:00:19.262	0.77735	0.77742			6
2026.01.27	02:00:23.696	0.77732	0.77740			6
2026.01.27	02:00:24.428		0.77738			4
2026.01.27	02:00:25.470		0.77739			4
2026.01.27	02:00:25.841		0.77736			4
2026.01.27	02:00:26.146	0.77735	0.77739			6
2026.01.27	02:00:26.621	0.77732	0.77736			6
2026.01.27	02:00:27.666	0.77734	0.77739			6
2026.01.27	02:00:28.014	0.77732	0.77736			6
2026.01.27	02:00:28.369	0.77735	0.77739			6
2026.01.27	02:00:29.065	0.77730	0.77734			6
2026.01.27	02:00:29.580		0.77737			4
2026.01.27	02:00:29.904	0.77729				2
2026.01.27	02:00:30.285		0.77735			4
2026.01.27	02:00:32.270	0.77730				2
2026.01.27	02:00:34.009	0.77727	0.77733			6
2026.01.27	02:00:36.473	0.77726				2
2026.01.27	02:00:37.093	0.77725	0.77732			6
2026.01.27	02:00:37.837	0.77726				2
2026.01.27	02:00:39.158	0.77728	0.77734			6
2026.01.27	02:00:39.461	0.77729	0.77735			6
2026.01.27	02:00:39.800	0.77730	0.77736			6
2026.01.27	02:00:40.133	0.77729				2
2026.01.27	02:00:42.299	0.77727	0.77734			6
2026.01.27	02:00:48.852	0.77726				2
2026.01.27	02:00:51.163	0.77728	0.77735			6
2026.01.27	02:00:51.692	0.77727				2
2026.01.27	02:00:52.305	0.77726	0.77733			6
2026.01.27	02:00:53.082	0.77732	0.77740			6
2026.01.27	02:00:53.702	0.77734	0.77741			6
2026.01.27	02:00:54.097	0.77735	0.77742			6
2026.01.27	02:00:55.877	0.77736	0.77744			6
2026.01.27	02:00:56.631	0.77737	0.77745			6
2026.01.27	02:00:56.940	0.77741	0.77749			6
2026.01.27	02:00:57.274	0.77740				2
2026.01.27	02:00:58.042		0.77748			4
2026.01.27	02:00:58.457	0.77741				2
2026.01.27	02:00:58.816	0.77737	0.77745			6
2026.01.27	02:00:59.121	0.77735	0.77742			6
2026.01.27	02:01:00.243	0.77734	0.77740			6
2026.01.27	02:01:00.862	0.77735	0.77741			6
2026.01.27	02:01:01.588	0.77736				2
2026.01.27	02:01:03.931	0.77732	0.77739			6
2026.01.27	02:01:05.898	0.77731				2
2026.01.27	02:01:07.695	0.77728	0.77736			6
2026.01.27	02:01:08.411	0.77729				2
2026.01.27	02:01:08.851	0.77730				2
2026.01.27	02:01:10.807	0.77728	0.77735			6
2026.01.27	02:01:11.757	0.77730				2
2026.01.27	02:01:12.272	0.77729				2
2026.01.27	02:01:12.627	0.77725	0.77732			6
2026.01.27	02:01:12.937	0.77724	0.77729			6
2026.01.27	02:01:13.306	0.77722	0.77728			6
2026.01.27	02:01:13.695	0.77723				2
2026.01.27	02:01:13.999	0.77720	0.77726			6
2026.01.27	02:01:14.337		0.77725			4
2026.01.27	02:01:14.975	0.77719				2
2026.01.27	02:01:15.346	0.77718				2
2026.01.27	02:01:15.658		0.77724			4
2026.01.27	02:01:16.683	0.77719				2
2026.01.27	02:01:17.675		0.77725			4
2026.01.27	02:01:18.243	0.77720				2
2026.01.27	02:01:19.970	0.77718	0.77723			6
2026.01.27	02:01:20.710	0.77719				2
2026.01.27	02:01:21.220		0.77724			4
2026.01.27	02:01:24.517	0.77709	0.77718			6
2026.01.27	02:01:24.820		0.77717			4
2026.01.27	02:01:25.140	0.77713	0.77721			6
2026.01.27	02:01:26.211	0.77714				2
2026.01.27	02:01:26.645	0.77715				2
2026.01.27	02:01:27.785	0.77716	0.77722			6
2026.01.27	02:01:28.624		0.77723			4
2026.01.27	02:01:29.231	0.77717	0.77725			6
2026.01.27	02:01:30.393	0.77719	0.77724			6
2026.01.27	02:01:31.116	0.77720	0.77726			6
2026.01.27	02:01:31.452		0.77725			4
2026.01.27	02:01:32.112	0.77718	0.77724			6
2026.01.27	02:01:34.237	0.77719				2
2026.01.27	02:01:36.525		0.77723			4
2026.01.27	02:01:37.371	0.77715	0.77721			6
2026.01.27	02:01:38.507	0.77716				2
2026.01.27	02:01:39.237	0.77714	0.77719			6
2026.01.27	02:01:39.539	0.77715	0.77720			6
2026.01.27	02:01:40.041	0.77714	0.77719			6
2026.01.27	02:01:43.698	0.77713	0.77718			6
2026.01.27	02:01:47.439	0.77711	0.77716			6
2026.01.27	02:01:48.393		0.77717			4
2026.01.27	02:01:48.747	0.77710	0.77716			6
2026.01.27	02:01:49.623	0.77711				2
2026.01.27	02:01:50.274	0.77712	0.77717			6
2026.01.27	02:01:50.857	0.77711	0.77716			6
2026.01.27	02:01:51.237	0.77712				2
2026.01.27	02:01:51.892	0.77711				2
2026.01.27	02:01:52.302	0.77710	0.77715			6
2026.01.27	02:01:54.679	0.77706	0.77712			6
2026.01.27	02:01:55.748	0.77707				2
2026.01.27	02:01:56.255	0.77708				2
2026.01.27	02:01:56.564		0.77713			4
2026.01.27	02:01:58.451	0.77709				2
2026.01.27	02:02:00.359	0.77710				2
2026.01.27	02:02:02.743	0.77709				2
2026.01.27	02:02:05.206	0.77708	0.77712			6
2026.01.27	02:02:06.269	0.77709	0.77713			6
2026.01.27	02:02:07.529	0.77708				2
2026.01.27	02:02:11.236	0.77709				2
2026.01.27	02:02:12.326	0.77710	0.77716			6
2026.01.27	02:02:12.646	0.77711				2
2026.01.27	02:02:13.044	0.77708	0.77714			6
2026.01.27	02:02:13.350		0.77713			4
2026.01.27	02:02:14.419	0.77709				2
2026.01.27	02:02:15.253		0.77715			4
2026.01.27	02:02:15.760	0.77710				2
2026.01.27	02:02:16.123	0.77711	0.77716			6
2026.01.27	02:02:17.020		0.77715			4
2026.01.27	02:02:19.990		0.77717			4
2026.01.27	02:02:20.328	0.77712	0.77719			6
2026.01.27	02:02:21.315	0.77713				2
2026.01.27	02:02:21.810	0.77714				2
2026.01.27	02:02:22.454		0.77718			4
2026.01.27	02:02:22.799	0.77711				2
2026.01.27	02:02:23.574	0.77712				2
2026.01.27	02:02:23.878		0.77717			4
2026.01.27	02:02:28.023	0.77713				2
2026.01.27	02:02:29.059	0.77712				2
2026.01.27	02:02:30.085	0.77713				2
2026.01.27	02:02:31.115	0.77712				2
2026.01.27	02:02:34.347		0.77716			4
2026.01.27	02:02:36.096	0.77708	0.77714			6
2026.01.27	02:02:36.398	0.77709				2
2026.01.27	02:02:37.180	0.77710				2
2026.01.27	02:02:40.671	0.77709				2
2026.01.27	02:02:40.980	0.77704	0.77711			6
2026.01.27	02:02:41.282	0.77703	0.77710			6
2026.01.27	02:02:42.395	0.77700	0.77707			6
2026.01.27	02:02:43.546	0.77701				2
2026.01.27	02:02:43.885	0.77702				2
2026.01.27	02:02:44.410	0.77703	0.77708			6
2026.01.27	02:02:46.470	0.77702				2
2026.01.27	02:02:47.163	0.77703				2
2026.01.27	02:02:48.611	0.77704				2
2026.01.27	02:02:48.922	0.77705	0.77710			6
2026.01.27	02:02:50.169	0.77706				2
2026.01.27	02:02:54.193	0.77705				2
2026.01.27	02:02:56.393	0.77706				2
2026.01.27	02:02:57.702	0.77705				2
2026.01.27	02:02:58.740		0.77709			4
2026.01.27	02:02:59.350	0.77703				2
2026.01.27	02:03:00.555	0.77703				2
2026.01.27	02:03:01.143	0.77704				2
2026.01.27	02:03:01.458	0.77703				2
2026.01.27	02:03:07.321		0.77707			4
2026.01.27	02:03:07.625	0.77702	0.77706			6
2026.01.27	02:03:09.038	0.77703				2
2026.01.27	02:03:10.304		0.77708			4
2026.01.27	02:03:17.393		0.77707			4
2026.01.27	02:03:23.103	0.77702				2
2026.01.27	02:03:25.316	0.77703				2
2026.01.27	02:03:35.784	0.77701				2
2026.01.27	02:03:36.142	0.77703	0.77709			6
2026.01.27	02:03:38.389	0.77702	0.77708			6
2026.01.27	02:03:38.849	0.77703				2
2026.01.27	02:03:39.150	0.77701	0.77707			6
2026.01.27	02:03:39.576		0.77705			4
2026.01.27	02:03:51.034	0.77703	0.77707			6
2026.01.27	02:03:51.338	0.77701				2
2026.01.27	02:03:51.662	0.77703				2
2026.01.27	02:03:52.057	0.77702				2
2026.01.27	02:03:53.949	0.77703				2
2026.01.27	02:03:54.731	0.77704				2
2026.01.27	02:03:55.474	0.77703				2
2026.01.27	02:03:56.655	0.77704				2
2026.01.27	02:04:00.374	0.77703				2
2026.01.27	02:04:07.001	0.77704				2
2026.01.27	02:04:09.354	0.77703				2
2026.01.27	02:04:10.411	0.77701	0.77706			6
2026.01.27	02:04:17.293	0.77702				2
2026.01.27	02:04:20.608	0.77701				2
2026.01.27	02:04:29.296	0.77702				2
2026.01.27	02:04:32.699	0.77700				2
2026.01.27	02:04:33.147	0.77701				2
2026.01.27	02:04:33.557	0.77702				2
2026.01.27	02:04:34.111	0.77701				2
2026.01.27	02:04:41.618	0.77703	0.77709			6
2026.01.27	02:04:44.140	0.77704	0.77707			6
2026.01.27	02:04:45.179	0.77702				2
2026.01.27	02:04:45.539	0.77704	0.77708			6
2026.01.27	02:04:45.842	0.77703	0.77709			6
2026.01.27	02:04:46.206	0.77704				2
2026.01.27	02:04:46.947	0.77703				2
2026.01.27	02:04:50.926		0.77707			4
2026.01.27	02:04:59.891	0.77702				2
2026.01.27	02:05:00.606	0.77703				2
2026.01.27	02:05:01.170		0.77708			4
2026.01.27	02:05:01.886	0.77702				2
2026.01.27	02:05:02.731	0.77703				2
2026.01.27	02:05:04.463		0.77710			4
2026.01.27	02:05:05.070	0.77704				2
2026.01.27	02:05:05.922	0.77705				2
2026.01.27	02:05:09.104	0.77704				2
2026.01.27	02:05:09.873	0.77705				2
2026.01.27	02:05:10.880	0.77706				2
2026.01.27	02:05:12.115	0.77705				2
2026.01.27	02:05:13.274		0.77709			4
2026.01.27	02:05:14.468	0.77707	0.77714			6
2026.01.27	02:05:15.212	0.77708				2
2026.01.27	02:05:15.522	0.77703	0.77709			6
2026.01.27	02:05:16.412	0.77702				2
2026.01.27	02:05:16.719	0.77703				2
2026.01.27	02:05:23.645	0.77700	0.77706			6
2026.01.27	02:05:24.777	0.77701				2
2026.01.27	02:05:26.490	0.77702	0.77705			6
2026.01.27	02:05:26.966	0.77701				2
2026.01.27	02:05:27.620	0.77702				2
2026.01.27	02:05:36.100	0.77700	0.77703			6
2026.01.27	02:05:36.424	0.77695	0.77701			6
2026.01.27	02:05:36.739	0.77699	0.77705			6
2026.01.27	02:05:37.504	0.77697	0.77703			6
2026.01.27	02:05:38.381	0.77696	0.77701			6
2026.01.27	02:05:40.307	0.77694	0.77700			6
2026.01.27	02:05:41.510	0.77699	0.77705			6
2026.01.27	02:05:46.495	0.77701				2
2026.01.27	02:05:51.383	0.77702	0.77706			6
2026.01.27	02:05:52.278	0.77700	0.77705			6
2026.01.27	02:05:52.585	0.77701				2
2026.01.27	02:05:56.789	0.77700	0.77703			6
2026.01.27	02:05:58.212	0.77701	0.77704			6
2026.01.27	02:05:58.704	0.77700				2
2026.01.27	02:06:00.002	0.77700				2
2026.01.27	02:06:00.371		0.77706			4
2026.01.27	02:06:00.988	0.77702	0.77707			6
2026.01.27	02:06:01.487	0.77701	0.77705			6
2026.01.27	02:06:01.891	0.77700	0.77707			6
2026.01.27	02:06:02.845		0.77706			4
2026.01.27	02:06:03.305		0.77707			4
2026.01.27	02:06:03.728	0.77699	0.77706			6
2026.01.27	02:06:05.135	0.77700				2
2026.01.27	02:06:05.788	0.77699				2
2026.01.27	02:06:06.729	0.77700				2
2026.01.27	02:06:15.203	0.77699	0.77704			6
2026.01.27	02:06:15.550	0.77693	0.77699			6
2026.01.27	02:06:15.859	0.77699	0.77703			6
2026.01.27	02:06:16.172	0.77700				2
2026.01.27	02:06:17.194	0.77698				2
2026.01.27	02:06:18.721	0.77699				2
2026.01.27	02:06:21.239	0.77700				2
2026.01.27	02:06:21.683	0.77699				2
2026.01.27	02:06:22.692	0.77700				2
2026.01.27	02:06:23.893	0.77698	0.77704			6
2026.01.27	02:06:24.306	0.77700	0.77705			6
2026.01.27	02:06:25.557	0.77699				2
2026.01.27	02:06:25.911		0.77704			4
2026.01.27	02:06:28.363	0.77700				2
2026.01.27	02:06:29.020	0.77701				2
2026.01.27	02:06:30.762		0.77705			4
2026.01.27	02:06:31.299	0.77704	0.77709			6
2026.01.27	02:06:32.813	0.77705				2
2026.01.27	02:06:40.224	0.77704				2
2026.01.27	02:06:40.539	0.77703				2
2026.01.27	02:06:41.232	0.77704				2
2026.01.27	02:06:49.113		0.77710			4
2026.01.27	02:06:50.168	0.77705				2
2026.01.27	02:06:52.173	0.77706				2
2026.01.27	02:06:52.596	0.77705				2
2026.01.27	02:06:53.273	0.77707	0.77713			6
2026.01.27	02:06:53.708	0.77708	0.77714			6
2026.01.27	02:06:54.020	0.77709	0.77715			6
2026.01.27	02:06:54.727	0.77710				2
2026.01.27	02:06:55.327	0.77711				2
2026.01.27	02:06:57.474	0.77712	0.77717			6
2026.01.27	02:06:58.638	0.77713				2
2026.01.27	02:06:59.325	0.77711	0.77716			6
2026.01.27	02:07:00.513	0.77711				2
2026.01.27	02:07:03.418	0.77716	0.77723			6
2026.01.27	02:07:04.313	0.77718				2
2026.01.27	02:07:05.285	0.77719				2
2026.01.27	02:07:08.365		0.77724			4
2026.01.27	02:07:08.697	0.77720				2
2026.01.27	02:07:13.564		0.77723			4
2026.01.27	02:07:21.268		0.77724			4
2026.01.27	02:07:22.483		0.77723			4
2026.01.27	02:07:24.945	0.77719				2
2026.01.27	02:07:26.749	0.77720				2
2026.01.27	02:07:29.320		0.77722			4
2026.01.27	02:07:38.620		0.77723			4
2026.01.27	02:07:49.405		0.77724			4
2026.01.27	02:07:50.414		0.77725			4
2026.01.27	02:07:50.726	0.77721				2
2026.01.27	02:07:51.740	0.77722	0.77726			6
2026.01.27	02:07:52.596	0.77723				2
2026.01.27	02:07:56.726		0.77727			4
2026.01.27	02:07:57.300	0.77724				2
2026.01.27	02:07:58.922	0.77723	0.77726			6
2026.01.27	02:07:59.269	0.77722				2
2026.01.27	02:07:59.973	0.77723				2
2026.01.27	02:08:00.617	0.77722				2
2026.01.27	02:08:02.400	0.77721				2
2026.01.27	02:08:02.742	0.77722				2
2026.01.27	02:08:06.932	0.77723				2
2026.01.27	02:08:11.878	0.77722				2
2026.01.27	02:08:18.266	0.77723	0.77727			6
2026.01.27	02:08:19.280	0.77724				2
2026.01.27	02:08:21.379		0.77729			4
2026.01.27	02:08:22.526	0.77725				2
2026.01.27	02:08:27.434	0.77724	0.77728			6
2026.01.27	02:08:29.348	0.77722	0.77727			6
2026.01.27	02:08:30.430	0.77723				2
2026.01.27	02:08:50.469	0.77724				2
2026.01.27	02:08:57.645	0.77722	0.77728			6
2026.01.27	02:08:59.046		0.77729			4
2026.01.27	02:09:05.291	0.77726	0.77732			6
2026.01.27	02:09:07.808	0.77721	0.77726			6
2026.01.27	02:09:08.120	0.77719	0.77724			6
2026.01.27	02:09:15.977	0.77720	0.77725			6
2026.01.27	02:09:16.435	0.77719				2
2026.01.27	02:09:17.000	0.77720				2
2026.01.27	02:09:18.001	0.77721				2
2026.01.27	02:09:21.094		0.77726			4
2026.01.27	02:09:22.504	0.77720				2
2026.01.27	02:09:23.313	0.77721				2
2026.01.27	02:09:26.658	0.77724	0.77730			6
2026.01.27	02:09:28.063	0.77726				2
2026.01.27	02:09:29.715	0.77727				2
2026.01.27	02:09:30.858	0.77726				2
2026.01.27	02:09:31.651	0.77727	0.77732			6
2026.01.27	02:09:32.626	0.77728	0.77733			6
2026.01.27	02:09:33.164	0.77730	0.77735			6
2026.01.27	02:09:35.702	0.77731	0.77736			6
2026.01.27	02:09:36.805	0.77732				2
2026.01.27	02:09:40.836	0.77733				2
2026.01.27	02:09:41.288	0.77732				2
2026.01.27	02:09:45.731	0.77728	0.77731			6
2026.01.27	02:09:46.255	0.77727				2
2026.01.27	02:09:47.565	0.77728				2
2026.01.27	02:09:48.730	0.77726				2
2026.01.27	02:09:54.410	0.77727				2
2026.01.27	02:10:01.535	0.77727				2
2026.01.27	02:10:03.265	0.77726	0.77730			6
2026.01.27	02:10:09.889	0.77727				2
2026.01.27	02:10:10.385	0.77726				2
2026.01.27	02:10:10.908	0.77721	0.77726			6
2026.01.27	02:10:12.537	0.77732	0.77739			6
2026.01.27	02:10:12.903		0.77738			4
2026.01.27	02:10:13.238		0.77739			4
2026.01.27	02:10:14.308	0.77734				2
2026.01.27	02:10:14.669		0.77738			4
2026.01.27	02:10:16.392		0.77739			4
2026.01.27	02:10:16.821	0.77736	0.77742			6
2026.01.27	02:10:17.966	0.77738				2
2026.01.27	02:10:20.987	0.77739	0.77744			6
2026.01.27	02:10:24.339	0.77737	0.77743			6
2026.01.27	02:10:24.641		0.77742			4
2026.01.27	02:10:26.258	0.77735	0.77741			6
2026.01.27	02:10:26.578	0.77736				2
2026.01.27	02:10:27.980		0.77740			4
2026.01.27	02:10:28.449	0.77735				2
2026.01.27	02:10:28.816	0.77736				2
2026.01.27	02:10:30.533		0.77741			4
2026.01.27	02:10:31.531	0.77738				2
2026.01.27	02:10:32.402	0.77735	0.77738			6
2026.01.27	02:10:33.914	0.77734				2
2026.01.27	02:10:56.471	0.77733				2
2026.01.27	02:10:59.414	0.77730	0.77735			6
2026.01.27	02:11:00.613	0.77730				2
2026.01.27	02:11:03.290	0.77728	0.77732			6
2026.01.27	02:11:16.205	0.77727				2
2026.01.27	02:11:17.586	0.77728				2
2026.01.27	02:11:21.328	0.77729				2
2026.01.27	02:11:22.461	0.77728				2
2026.01.27	02:11:23.195		0.77731			4
2026.01.27	02:11:26.974	0.77727				2
2026.01.27	02:11:29.109	0.77728				2
2026.01.27	02:11:30.440	0.77727				2
2026.01.27	02:11:31.602	0.77728				2
2026.01.27	02:11:32.601	0.77726				2
2026.01.27	02:11:33.593	0.77728				2
2026.01.27	02:11:34.160		0.77733			4
2026.01.27	02:11:34.948	0.77729				2
2026.01.27	02:11:36.316	0.77728	0.77732			6
2026.01.27	02:11:37.002		0.77733			4
2026.01.27	02:11:37.457	0.77729				2
2026.01.27	02:11:38.027	0.77728				2
2026.01.27	02:11:38.450	0.77730	0.77735			6
2026.01.27	02:11:39.378	0.77731				2
2026.01.27	02:11:46.925	0.77727	0.77731			6
2026.01.27	02:11:48.656	0.77728	0.77733			6
2026.01.27	02:11:50.538	0.77729				2
2026.01.27	02:11:55.094	0.77728	0.77732			6
2026.01.27	02:12:00.751	0.77728				2
2026.01.27	02:12:01.782	0.77724	0.77728			6
2026.01.27	02:12:02.530	0.77719	0.77725			6
2026.01.27	02:12:02.922	0.77720				2
2026.01.27	02:12:05.086	0.77721				2
2026.01.27	02:12:06.941	0.77720				2
2026.01.27	02:12:08.331	0.77721				2
2026.01.27	02:12:09.322	0.77722				2
2026.01.27	02:12:10.021	0.77719	0.77722			6
2026.01.27	02:12:11.237	0.77718				2
2026.01.27	02:12:12.985		0.77723			4
2026.01.27	02:12:16.386	0.77719				2
2026.01.27	02:12:21.903	0.77716	0.77721			6
2026.01.27	02:12:29.022	0.77717				2
2026.01.27	02:12:30.146	0.77716				2
2026.01.27	02:12:31.650	0.77713	0.77717			6
2026.01.27	02:12:36.199	0.77712				2
2026.01.27	02:12:36.953	0.77713				2
2026.01.27	02:12:38.240	0.77714				2
2026.01.27	02:12:40.371	0.77713				2
2026.01.27	02:12:43.538	0.77710	0.77714			6
2026.01.27	02:12:46.734	0.77707	0.77711			6
2026.01.27	02:12:50.522	0.77705	0.77710			6
2026.01.27	02:12:52.819	0.77703	0.77708			6
2026.01.27	02:12:53.123		0.77709			4
2026.01.27	02:12:54.836	0.77704				2
2026.01.27	02:12:55.649	0.77703				2
2026.01.27	02:12:56.400	0.77702	0.77708			6
2026.01.27	02:12:56.746	0.77703				2
2026.01.27	02:12:57.933	0.77704				2
2026.01.27	02:13:00.231	0.77702	0.77706			6
2026.01.27	02:13:03.268		0.77707			4
2026.01.27	02:13:04.753	0.77703				2
2026.01.27	02:13:06.079	0.77702				2
2026.01.27	02:13:18.992	0.77703				2
2026.01.27	02:13:19.523	0.77702				2
2026.01.27	02:13:20.453	0.77703				2
2026.01.27	02:13:25.396		0.77708			4
2026.01.27	02:13:36.234		0.77707			4
2026.01.27	02:13:37.673	0.77702				2
2026.01.27	02:13:47.587	0.77700	0.77704			6
2026.01.27	02:13:55.891	0.77699				2
2026.01.27	02:13:56.528		0.77703			4
2026.01.27	02:13:57.704	0.77697	0.77700			6
2026.01.27	02:13:58.318	0.77700	0.77704			6
2026.01.27	02:13:59.257		0.77703			4
2026.01.27	02:13:59.561	0.77699	0.77704			6
2026.01.27	02:14:00.042	0.77700				2
2026.01.27	02:14:04.397		0.77705			4
2026.01.27	02:14:08.619	0.77701				2
2026.01.27	02:14:10.320	0.77702	0.77706			6
2026.01.27	02:14:10.800	0.77700	0.77705			6
2026.01.27	02:14:15.035	0.77701				2
2026.01.27	02:14:16.921	0.77700				2
2026.01.27	02:14:18.841	0.77701				2
2026.01.27	02:14:20.124	0.77700	0.77704			6
2026.01.27	02:14:22.900	0.77701				2
2026.01.27	02:14:23.784	0.77700				2
2026.01.27	02:14:25.021	0.77701				2
2026.01.27	02:14:27.635	0.77700				2
2026.01.27	02:14:33.122	0.77699				2
2026.01.27	02:14:33.702	0.77700				2
2026.01.27	02:14:37.386		0.77706			4
2026.01.27	02:14:37.927	0.77701				2
2026.01.27	02:14:41.655	0.77702				2
2026.01.27	02:14:43.539	0.77701				2
2026.01.27	02:14:45.824	0.77702				2
2026.01.27	02:14:53.792	0.77701				2
2026.01.27	02:14:54.155	0.77700	0.77705			6
2026.01.27	02:14:55.714	0.77699				2
2026.01.27	02:14:57.343	0.77700				2
2026.01.27	02:15:00.306	0.77700				2
2026.01.27	02:15:03.438	0.77699	0.77704			6
2026.01.27	02:15:03.849	0.77698	0.77700			6
2026.01.27	02:15:04.480	0.77699	0.77704			6
2026.01.27	02:15:21.091	0.77700				2
2026.01.27	02:15:21.880		0.77706			4
2026.01.27	02:15:30.137	0.77702				2
2026.01.27	02:15:30.816	0.77703				2
2026.01.27	02:15:35.466		0.77705			4
2026.01.27	02:15:38.019	0.77701				2
2026.01.27	02:15:43.188	0.77703	0.77707			6
2026.01.27	02:15:53.684	0.77702				2
2026.01.27	02:15:54.353	0.77701	0.77706			6
2026.01.27	02:15:55.189	0.77702				2
2026.01.27	02:15:57.191	0.77703				2
2026.01.27	02:16:02.742	0.77703				2
2026.01.27	02:16:05.415		0.77707			4
2026.01.27	02:16:16.801	0.77704				2
2026.01.27	02:16:17.198	0.77702				2
2026.01.27	02:16:17.902	0.77703				2
2026.01.27	02:16:19.213	0.77704				2
2026.01.27	02:16:19.730	0.77700	0.77706			6
2026.01.27	02:16:20.291		0.77705			4
2026.01.27	02:16:24.019		0.77706			4
2026.01.27	02:16:26.472		0.77705			4
2026.01.27	02:16:30.476	0.77699				2
2026.01.27	02:16:30.992	0.77698	0.77703			6
2026.01.27	02:16:31.299	0.77700	0.77704			6
2026.01.27	02:16:31.614	0.77699				2
2026.01.27	02:16:32.804	0.77698	0.77705			6
2026.01.27	02:16:34.465		0.77703			4
2026.01.27	02:16:34.883		0.77702			4
2026.01.27	02:16:35.185	0.77693	0.77698			6
2026.01.27	02:16:35.499	0.77694				2
2026.01.27	02:16:35.804	0.77697	0.77702			6
2026.01.27	02:16:36.118	0.77699	0.77705			6
2026.01.27	02:16:38.070	0.77700				2
2026.01.27	02:16:40.717	0.77701				2
2026.01.27	02:16:43.023	0.77700				2
2026.01.27	02:16:45.809	0.77699				2
2026.01.27	02:16:52.868	0.77698				2
2026.01.27	02:16:54.283	0.77699				2
2026.01.27	02:16:57.629	0.77701	0.77706			6
2026.01.27	02:16:57.935		0.77705			4
2026.01.27	02:16:58.238	0.77700				2
2026.01.27	02:17:00.066	0.77700				2
2026.01.27	02:17:00.590	0.77701	0.77706			6
2026.01.27	02:17:01.443	0.77703				2
2026.01.27	02:17:01.759	0.77704	0.77709			6
2026.01.27	02:17:02.067		0.77708			4
2026.01.27	02:17:03.024	0.77706				2
2026.01.27	02:17:04.212	0.77707				2
2026.01.27	02:17:04.920	0.77706	0.77709			6
2026.01.27	02:17:05.250		0.77708			4
2026.01.27	02:17:08.534	0.77707				2
2026.01.27	02:17:11.440		0.77712			4
2026.01.27	02:17:11.743	0.77709				2
2026.01.27	02:17:12.142	0.77712	0.77716			6
2026.01.27	02:17:13.197	0.77713				2
2026.01.27	02:17:13.691	0.77714				2
2026.01.27	02:17:13.992		0.77717			4
2026.01.27	02:17:16.283		0.77716			4
2026.01.27	02:17:19.129		0.77717			4
2026.01.27	02:17:20.158		0.77716			4
2026.01.27	02:17:21.946	0.77713				2
2026.01.27	02:17:27.618	0.77712	0.77715			6
2026.01.27	02:17:28.647	0.77713				2
2026.01.27	02:17:30.898		0.77714			4
2026.01.27	02:17:31.381		0.77715			4
2026.01.27	02:17:32.193	0.77709	0.77714			6
2026.01.27	02:17:32.541		0.77712			4
2026.01.27	02:17:34.420	0.77706				2
2026.01.27	02:17:35.170	0.77709				2
2026.01.27	02:17:36.119		0.77713			4
2026.01.27	02:17:36.806	0.77710				2
2026.01.27	02:17:43.911	0.77708	0.77711			6
2026.01.27	02:17:45.779		0.77710			4
2026.01.27	02:17:46.880	0.77702	0.77709			6
2026.01.27	02:17:47.208	0.77703				2
2026.01.27	02:17:47.608	0.77702	0.77707			6
2026.01.27	02:17:47.937		0.77706			4
2026.01.27	02:17:50.092		0.77705			4
2026.01.27	02:17:51.077		0.77709			4
2026.01.27	02:17:53.986		0.77708			4
2026.01.27	02:17:55.380	0.77703	0.77709			6
2026.01.27	02:17:56.392	0.77701	0.77707			6
2026.01.27	02:17:59.036		0.77706			4
2026.01.27	02:18:00.626	0.77701				2
2026.01.27	02:18:01.045	0.77700				2
2026.01.27	02:18:06.406		0.77704			4
2026.01.27	02:18:07.687	0.77699	0.77706			6
2026.01.27	02:18:09.442	0.77700				2
2026.01.27	02:18:23.283		0.77704			4
2026.01.27	02:18:23.992		0.77705			4
2026.01.27	02:18:25.655	0.77701	0.77706			6
2026.01.27	02:18:26.724	0.77700				2
2026.01.27	02:18:28.011		0.77705			4
2026.01.27	02:18:28.327		0.77706			4
2026.01.27	02:18:29.202		0.77705			4
2026.01.27	02:18:33.378	0.77699	0.77706			6
2026.01.27	02:18:37.061	0.77702	0.77707			6
2026.01.27	02:18:37.383	0.77701				2
2026.01.27	02:18:37.896	0.77702				2
2026.01.27	02:18:47.581	0.77701	0.77706			6
2026.01.27	02:18:54.509		0.77707			4
2026.01.27	02:19:00.012	0.77701	0.77706			6
2026.01.27	02:19:03.925	0.77700				2
2026.01.27	02:19:04.239	0.77698	0.77705			6
2026.01.27	02:19:06.205	0.77699				2
2026.01.27	02:19:16.923	0.77700				2
2026.01.27	02:19:17.231	0.77705	0.77708			6
2026.01.27	02:19:18.760	0.77704				2
2026.01.27	02:19:19.141	0.77703				2
2026.01.27	02:19:19.450		0.77707			4
2026.01.27	02:19:19.974	0.77705				2
2026.01.27	02:19:21.839	0.77707	0.77710			6
2026.01.27	02:19:25.025	0.77709				2
2026.01.27	02:19:26.342	0.77707				2
2026.01.27	02:19:27.163	0.77708	0.77711			6
2026.01.27	02:19:27.809	0.77706	0.77709			6
2026.01.27	02:19:28.992	0.77707				2
2026.01.27	02:19:32.702	0.77708				2
2026.01.27	02:19:33.019	0.77706				2
2026.01.27	02:19:33.750	0.77705				2
2026.01.27	02:19:35.739	0.77706	0.77711			6
2026.01.27	02:19:37.700	0.77707				2
2026.01.27	02:19:41.683	0.77705	0.77710			6
2026.01.27	02:19:42.307	0.77708	0.77712			6
2026.01.27	02:19:42.672	0.77709				2
2026.01.27	02:19:44.114	0.77710	0.77715			6
2026.01.27	02:19:45.121	0.77711				2
2026.01.27	02:19:46.951	0.77712				2
2026.01.27	02:19:49.688	0.77711				2
2026.01.27	02:19:52.984	0.77707	0.77713			6
2026.01.27	02:19:58.976	0.77706	0.77712			6
2026.01.27	02:19:59.619		0.77710			4
2026.01.27	02:20:00.646	0.77706				2
2026.01.27	02:20:01.438	0.77702	0.77707			6
2026.01.27	02:20:02.585	0.77703				2
2026.01.27	02:20:04.623	0.77706	0.77711			6
2026.01.27	02:20:05.023	0.77705	0.77710			6
2026.01.27	02:20:06.398	0.77706				2
2026.01.27	02:20:08.076	0.77703	0.77708			6
2026.01.27	02:20:08.417	0.77705	0.77710			6
2026.01.27	02:20:09.895	0.77706				2
2026.01.27	02:20:13.484	0.77705				2
2026.01.27	02:20:13.799		0.77709			4
2026.01.27	02:20:14.157		0.77710			4
2026.01.27	02:20:14.463	0.77706				2
2026.01.27	02:20:15.346	0.77705				2
2026.01.27	02:20:15.855	0.77706				2
2026.01.27	02:20:19.316	0.77704	0.77708			6
2026.01.27	02:20:19.619	0.77705				2
2026.01.27	02:20:20.701	0.77701	0.77706			6
2026.01.27	02:20:25.071	0.77700				2
2026.01.27	02:20:26.348	0.77703	0.77707			6
2026.01.27	02:20:39.700		0.77706			4
2026.01.27	02:20:40.720		0.77707			4
2026.01.27	02:20:42.880	0.77701	0.77705			6
2026.01.27	02:20:43.217		0.77704			4
2026.01.27	02:20:57.871	0.77703	0.77707			6
2026.01.27	02:20:58.191	0.77702				2
2026.01.27	02:20:59.511	0.77703				2
2026.01.27	02:21:00.676	0.77703	0.77706			6
2026.01.27	02:21:01.491	0.77701	0.77704			6
2026.01.27	02:21:02.416	0.77700				2
2026.01.27	02:21:03.020	0.77699	0.77703			6
2026.01.27	02:21:03.437	0.77700				2
2026.01.27	02:21:04.541	0.77699				2
2026.01.27	02:21:07.250		0.77702			4
2026.01.27	02:21:07.930		0.77703			4
2026.01.27	02:21:13.597		0.77702			4
2026.01.27	02:21:13.919		0.77703			4
2026.01.27	02:21:19.431		0.77702			4
2026.01.27	02:21:24.034		0.77703			4
2026.01.27	02:21:28.384	0.77701	0.77706			6
2026.01.27	02:21:29.176	0.77702				2
2026.01.27	02:21:30.550	0.77703	0.77707			6
2026.01.27	02:21:31.586	0.77704				2
2026.01.27	02:21:33.907	0.77705				2
2026.01.27	02:21:34.580	0.77704				2
2026.01.27	02:21:36.459	0.77703	0.77706			6
2026.01.27	02:21:39.287		0.77707			4
2026.01.27	02:21:40.412	0.77704				2
2026.01.27	02:21:40.909		0.77708			4
2026.01.27	02:21:41.325	0.77705				2
2026.01.27	02:21:47.219	0.77703	0.77707			6
2026.01.27	02:21:48.153		0.77706			4
2026.01.27	02:21:48.967	0.77702	0.77705			6
2026.01.27	02:21:49.962		0.77706			4
2026.01.27	02:21:50.272	0.77703	0.77707			6
2026.01.27	02:21:51.501		0.77706			4
2026.01.27	02:21:51.905	0.77702				2
2026.01.27	02:21:54.667		0.77705			4
2026.01.27	02:22:00.520	0.77702	0.77706			6
2026.01.27	02:22:01.048		0.77705			4
2026.01.27	02:22:01.586	0.77703	0.77707			6
2026.01.27	02:22:04.663	0.77702				2
2026.01.27	02:22:07.234		0.77706			4
2026.01.27	02:22:08.578	0.77701	0.77703			6
2026.01.27	02:22:09.619		0.77704			4
2026.01.27	02:22:10.728		0.77703			4
2026.01.27	02:22:11.064	0.77700	0.77704			6
2026.01.27	02:22:13.177		0.77703			4
2026.01.27	02:22:16.519		0.77704			4
2026.01.27	02:22:16.832		0.77703			4
2026.01.27	02:22:17.448	0.77699	0.77702			6
2026.01.27	02:22:17.756	0.77700				2
2026.01.27	02:22:18.596	0.77699				2
2026.01.27	02:22:20.094	0.77700				2
2026.01.27	02:22:23.036	0.77699				2
2026.01.27	02:22:24.871	0.77697	0.77701			6
2026.01.27	02:22:25.178	0.77700				2
2026.01.27	02:22:27.745	0.77697				2
2026.01.27	02:22:28.355	0.77699	0.77703			6
2026.01.27	02:22:35.844	0.77696	0.77699			6
2026.01.27	02:22:36.376	0.77699	0.77703			6
2026.01.27	02:22:42.403	0.77698	0.77702			6
2026.01.27	02:22:45.712	0.77699	0.77701			6
2026.01.27	02:22:46.548		0.77703			4
2026.01.27	02:22:47.748	0.77698				2
2026.01.27	02:22:50.619	0.77699				2
2026.01.27	02:22:51.568	0.77698				2
2026.01.27	02:22:58.183		0.77701			4
2026.01.27	02:23:00.243	0.77698				2
2026.01.27	02:23:00.551	0.77701	0.77705			6
2026.01.27	02:23:01.164	0.77702				2
2026.01.27	02:23:01.576		0.77706			4
2026.01.27	02:23:02.834	0.77703				2
2026.01.27	02:23:03.654	0.77704				2
2026.01.27	02:23:04.356	0.77703				2
2026.01.27	02:23:08.209	0.77704				2
2026.01.27	02:23:11.285	0.77703				2
2026.01.27	02:23:11.960	0.77700	0.77705			6
2026.01.27	02:23:13.453	0.77701				2
2026.01.27	02:23:17.108	0.77702	0.77706			6
2026.01.27	02:23:18.301	0.77703				2
2026.01.27	02:23:18.634	0.77702				2
2026.01.27	02:23:18.939	0.77701				2
2026.01.27	02:23:20.197	0.77702				2
2026.01.27	02:23:20.965	0.77700				2
2026.01.27	02:23:22.193	0.77701				2
2026.01.27	02:23:25.824	0.77700				2
2026.01.27	02:23:28.583		0.77705			4
2026.01.27	02:23:31.630	0.77701	0.77706			6
2026.01.27	02:23:32.308	0.77700	0.77705			6
2026.01.27	02:23:43.621	0.77697	0.77703			6
2026.01.27	02:23:46.586	0.77698				2
2026.01.27	02:23:50.892		0.77704			4
2026.01.27	02:23:51.204	0.77699				2
2026.01.27	02:23:51.508		0.77706			4
2026.01.27	02:23:52.277	0.77701				2
2026.01.27	02:23:53.114	0.77702				2
2026.01.27	02:23:59.050	0.77703				2
2026.01.27	02:24:00.726	0.77703				2
2026.01.27	02:24:01.100	0.77702	0.77705			6
2026.01.27	02:24:02.219		0.77706			4
2026.01.27	02:24:04.705	0.77703				2
2026.01.27	02:24:08.405	0.77704	0.77707			6
2026.01.27	02:24:09.365		0.77706			4
2026.01.27	02:24:10.562	0.77703				2
2026.01.27	02:24:12.879	0.77702				2
2026.01.27	02:24:13.188	0.77700	0.77705			6
2026.01.27	02:24:14.417	0.77701				2
2026.01.27	02:24:15.285	0.77700				2
2026.01.27	02:24:23.184	0.77697	0.77701			6
2026.01.27	02:24:24.270	0.77698				2
2026.01.27	02:24:27.024		0.77700			4
2026.01.27	02:24:29.852	0.77697				2
2026.01.27	02:24:30.518	0.77698				2
2026.01.27	02:24:33.446	0.77697				2
2026.01.27	02:24:36.950	0.77696				2
2026.01.27	02:24:38.119	0.77697				2
2026.01.27	02:24:39.320	0.77698				2
2026.01.27	02:24:40.017	0.77701	0.77705			6
2026.01.27	02:24:40.879	0.77700				2
2026.01.27	02:24:41.248	0.77701				2
2026.01.27	02:24:43.384	0.77702				2
2026.01.27	02:24:45.356	0.77701				2
2026.01.27	02:24:49.761	0.77702				2
2026.01.27	02:24:55.037	0.77703				2
2026.01.27	02:25:00.513	0.77703				2
2026.01.27	02:25:02.036	0.77704	0.77706			6
2026.01.27	02:25:02.348	0.77703				2
2026.01.27	02:25:03.856	0.77702	0.77705			6
2026.01.27	02:25:20.517	0.77699	0.77702			6
2026.01.27	02:25:29.433	0.77701	0.77705			6
2026.01.27	02:25:30.755	0.77702				2
2026.01.27	02:25:32.202	0.77703				2
2026.01.27	02:25:33.695	0.77704				2
2026.01.27	02:25:44.437	0.77703				2
2026.01.27	02:25:46.211	0.77704				2
2026.01.27	02:25:48.007		0.77706			4
2026.01.27	02:25:49.732	0.77701				2
2026.01.27	02:25:50.785	0.77699	0.77703			6
2026.01.27	02:25:53.772	0.77700				2
2026.01.27	02:25:56.950		0.77705			4
2026.01.27	02:25:59.849	0.77701				2
2026.01.27	02:26:00.450	0.77701				2
2026.01.27	02:26:01.237		0.77706			4
2026.01.27	02:26:06.114	0.77700	0.77705			6
2026.01.27	02:26:09.588	0.77699				2
2026.01.27	02:26:11.183		0.77704			4
2026.01.27	02:26:17.162	0.77698				2
2026.01.27	02:26:18.315	0.77699	0.77702			6
2026.01.27	02:26:19.578	0.77698				2
2026.01.27	02:26:20.027	0.77699				2
2026.01.27	02:26:20.377		0.77704			4
2026.01.27	02:26:21.742	0.77700				2
2026.01.27	02:26:25.273		0.77705			4
2026.01.27	02:26:25.848	0.77699	0.77704			6
2026.01.27	02:26:35.227	0.77700				2
2026.01.27	02:26:45.808	0.77703	0.77707			6
2026.01.27	02:26:47.058	0.77704				2
2026.01.27	02:27:00.595	0.77704				2
2026.01.27	02:27:06.854	0.77703	0.77705			6
2026.01.27	02:27:07.279		0.77706			4
2026.01.27	02:27:08.233	0.77705				2
2026.01.27	02:27:14.139	0.77706	0.77708			6
2026.01.27	02:27:20.605	0.77713	0.77718			6
2026.01.27	02:27:20.919	0.77714				2
2026.01.27	02:27:21.350	0.77715				2
2026.01.27	02:27:21.859	0.77714				2
2026.01.27	02:27:22.899	0.77715				2
2026.01.27	02:27:28.590	0.77711	0.77713			6
2026.01.27	02:27:30.334		0.77714			4
2026.01.27	02:27:36.092	0.77709	0.77713			6
2026.01.27	02:27:37.626	0.77710				2
2026.01.27	02:27:41.339	0.77709				2
2026.01.27	02:27:43.401	0.77710				2
2026.01.27	02:27:48.769		0.77712			4
2026.01.27	02:27:50.823	0.77711	0.77713			6
2026.01.27	02:27:52.735		0.77712			4
2026.01.27	02:27:54.153		0.77713			4
2026.01.27	02:27:58.493	0.77705	0.77707			6
2026.01.27	02:27:58.800	0.77704	0.77708			6
2026.01.27	02:28:00.511	0.77704	0.77706			6
2026.01.27	02:28:01.736		0.77708			4
2026.01.27	02:28:02.904		0.77707			4
2026.01.27	02:28:05.310	0.77706	0.77711			6
2026.01.27	02:28:06.520	0.77707				2
2026.01.27	02:28:08.414	0.77708	0.77710			6
2026.01.27	02:28:24.499	0.77706	0.77709			6
2026.01.27	02:28:25.615	0.77708	0.77710			6
2026.01.27	02:28:40.793	0.77707	0.77709			6
2026.01.27	02:28:43.550	0.77708	0.77711			6
2026.01.27	02:28:45.355	0.77709	0.77712			6
2026.01.27	02:28:45.796	0.77716	0.77719			6
2026.01.27	02:28:49.800	0.77715				2
2026.01.27	02:28:51.770	0.77716				2
2026.01.27	02:28:56.103	0.77717				2
2026.01.27	02:29:00.331	0.77715	0.77718			6
2026.01.27	02:29:00.643	0.77717	0.77719			6
2026.01.27	02:29:01.431	0.77718				2
2026.01.27	02:29:02.139	0.77712	0.77716			6
2026.01.27	02:29:04.639		0.77715			4
2026.01.27	02:29:05.951		0.77716			4
2026.01.27	02:29:07.064	0.77713				2
2026.01.27	02:29:08.628		0.77717			4
2026.01.27	02:29:11.267	0.77715	0.77719			6
2026.01.27	02:29:11.840	0.77717				2
2026.01.27	02:29:16.587	0.77714				2
2026.01.27	02:29:17.163		0.77718			4
2026.01.27	02:29:18.709	0.77715				2
2026.01.27	02:29:27.197		0.77719			4
2026.01.27	02:29:36.649	0.77716				2
2026.01.27	02:29:38.348	0.77715				2
2026.01.27	02:29:44.622	0.77716				2
2026.01.27	02:30:00.404	0.77716	0.77720			6
2026.01.27	02:30:00.795	0.77715				2
2026.01.27	02:30:01.559	0.77712	0.77714			6
2026.01.27	02:30:02.139	0.77708	0.77711			6
2026.01.27	02:30:03.346	0.77707	0.77710			6
2026.01.27	02:30:04.062		0.77711			4
2026.01.27	02:30:04.419		0.77710			4
2026.01.27	02:30:05.364		0.77711			4
2026.01.27	02:30:06.861	0.77706	0.77710			6
2026.01.27	02:30:07.191		0.77709			4
2026.01.27	02:30:09.067		0.77710			4
2026.01.27	02:30:11.643	0.77705	0.77707			6
2026.01.27	02:30:11.959	0.77704	0.77709			6
2026.01.27	02:30:12.445	0.77703				2
2026.01.27	02:30:12.751		0.77708			4
2026.01.27	02:30:13.979		0.77706			4
2026.01.27	02:30:14.336		0.77707			4
2026.01.27	02:30:15.284		0.77708			4
2026.01.27	02:30:20.870	0.77704				2
2026.01.27	02:30:21.209	0.77703				2
2026.01.27	02:30:23.145	0.77702				2
2026.01.27	02:30:23.532	0.77703				2
2026.01.27	02:30:27.630	0.77702				2
2026.01.27	02:30:32.591	0.77705				2
2026.01.27	02:30:33.123	0.77702	0.77706			6
2026.01.27	02:30:34.175		0.77705			4
2026.01.27	02:30:35.707	0.77703	0.77706			6
2026.01.27	02:30:37.003	0.77700				2
2026.01.27	02:30:38.810	0.77703				2
2026.01.27	02:30:47.330	0.77700	0.77705			6
2026.01.27	02:30:49.411		0.77704			4
2026.01.27	02:30:50.400	0.77703	0.77706			6
2026.01.27	02:30:52.805		0.77705			4
2026.01.27	02:30:55.580	0.77704				2
2026.01.27	02:30:56.142	0.77703				2
2026.01.27	02:31:00.508	0.77703	0.77706			6
2026.01.27	02:31:02.386	0.77704				2
2026.01.27	02:31:03.522	0.77703				2
2026.01.27	02:31:04.440	0.77700	0.77704			6
2026.01.27	02:31:05.090		0.77706			4
2026.01.27	02:31:05.801		0.77705			4
2026.01.27	02:31:13.658	0.77699				2
2026.01.27	02:31:14.506		0.77702			4
2026.01.27	02:31:15.030		0.77703			4
2026.01.27	02:31:18.542	0.77700				2
2026.01.27	02:31:19.079	0.77699	0.77702			6
2026.01.27	02:31:26.098		0.77704			4
2026.01.27	02:31:28.197	0.77700				2
2026.01.27	02:31:31.242		0.77705			4
2026.01.27	02:31:32.385	0.77701				2
2026.01.27	02:31:33.404		0.77706			4
2026.01.27	02:31:34.412	0.77702				2
2026.01.27	02:31:34.714		0.77707			4
2026.01.27	02:31:35.383		0.77706			4
2026.01.27	02:31:36.502		0.77707			4
2026.01.27	02:31:37.461		0.77706			4
2026.01.27	02:31:43.686		0.77707			4
2026.01.27	02:31:44.041	0.77701	0.77708			6
2026.01.27	02:31:52.401		0.77707			4
2026.01.27	02:31:56.825		0.77708			4
2026.01.27	02:31:57.640	0.77702				2
2026.01.27	02:32:00.969	0.77702				2
2026.01.27	02:32:02.363	0.77703				2
2026.01.27	02:32:04.598	0.77701	0.77707			6
2026.01.27	02:32:06.244	0.77702	0.77706			6
2026.01.27	02:32:09.359		0.77707			4
2026.01.27	02:32:10.694		0.77708			4
2026.01.27	02:32:13.726		0.77707			4
2026.01.27	02:32:17.227		0.77708			4
2026.01.27	02:32:18.576	0.77704	0.77709			6
2026.01.27	02:32:24.219		0.77708			4
2026.01.27	02:32:24.919		0.77709			4
2026.01.27	02:32:26.314		0.77708			4
2026.01.27	02:32:33.509	0.77703	0.77709			6
2026.01.27	02:32:34.785	0.77700	0.77707			6
2026.01.27	02:32:35.615		0.77706			4
2026.01.27	02:32:40.150		0.77703			4
2026.01.27	02:32:44.405		0.77702			4
2026.01.27	02:32:44.786		0.77703			4
2026.01.27	02:32:50.214		0.77704			4
2026.01.27	02:32:51.411	0.77701	0.77705			6
2026.01.27	02:33:00.306	0.77701	0.77704			6
2026.01.27	02:33:03.852		0.77705			4
2026.01.27	02:33:04.940	0.77699	0.77703			6
2026.01.27	02:33:06.059		0.77704			4
2026.01.27	02:33:09.670		0.77703			4
2026.01.27	02:33:11.619	0.77700				2
2026.01.27	02:33:12.048		0.77704			4
2026.01.27	02:33:13.123	0.77701				2
2026.01.27	02:33:15.209	0.77700	0.77702			6
2026.01.27	02:33:16.125		0.77703			4
2026.01.27	02:33:20.687		0.77702			4
2026.01.27	02:33:21.398		0.77703			4
2026.01.27	02:33:21.967	0.77698				2
2026.01.27	02:33:22.943		0.77702			4
2026.01.27	02:33:23.509		0.77703			4
2026.01.27	02:33:24.508		0.77702			4
2026.01.27	02:33:24.818	0.77699	0.77703			6
2026.01.27	02:33:34.778	0.77698	0.77702			6
2026.01.27	02:33:36.471	0.77696	0.77700			6
2026.01.27	02:33:37.083	0.77697				2
2026.01.27	02:33:42.774		0.77701			4
2026.01.27	02:33:43.208	0.77698	0.77703			6
2026.01.27	02:33:44.306	0.77699				2
2026.01.27	02:33:44.932	0.77698				2
2026.01.27	02:33:45.712		0.77702			4
2026.01.27	02:33:53.760		0.77703			4
2026.01.27	02:33:55.378	0.77699				2
2026.01.27	02:34:00.612	0.77699				2
2026.01.27	02:34:04.396	0.77701	0.77706			6
2026.01.27	02:34:04.744		0.77705			4
2026.01.27	02:34:05.240		0.77704			4
2026.01.27	02:34:10.517	0.77703				2
2026.01.27	02:34:10.880	0.77701	0.77705			6
2026.01.27	02:34:11.857	0.77703	0.77704			6
2026.01.27	02:34:12.206	0.77701				2
2026.01.27	02:34:12.548	0.77703				2
2026.01.27	02:34:13.569	0.77701				2
2026.01.27	02:34:16.260	0.77699	0.77702			6
2026.01.27	02:34:18.701		0.77704			4
2026.01.27	02:34:23.235	0.77700				2
2026.01.27	02:34:25.362	0.77698	0.77702			6
2026.01.27	02:34:25.679		0.77703			4
2026.01.27	02:34:26.008	0.77699	0.77704			6
2026.01.27	02:34:28.015	0.77700				2
2026.01.27	02:34:29.522		0.77703			4
2026.01.27	02:34:31.051	0.77699				2
2026.01.27	02:34:32.712		0.77702			4
2026.01.27	02:34:35.614		0.77703			4
2026.01.27	02:34:36.706		0.77702			4
2026.01.27	02:34:43.648	0.77698	0.77701			6
2026.01.27	02:34:48.805	0.77699	0.77703			6
2026.01.27	02:34:56.950		0.77702			4
2026.01.27	02:34:57.562		0.77703			4
2026.01.27	02:35:00.545	0.77699	0.77702			6
2026.01.27	02:35:07.112	0.77698				2
2026.01.27	02:35:11.237		0.77703			4
2026.01.27	02:35:11.779		0.77702			4
2026.01.27	02:35:13.539	0.77699	0.77703			6
2026.01.27	02:35:13.853	0.77698				2
2026.01.27	02:35:15.866		0.77702			4
2026.01.27	02:35:16.288		0.77703			4
2026.01.27	02:35:19.159	0.77699				2
2026.01.27	02:35:20.569	0.77698	0.77701			6
2026.01.27	02:35:22.607		0.77703			4
2026.01.27	02:35:27.399		0.77702			4
2026.01.27	02:35:28.687		0.77703			4
2026.01.27	02:35:33.383		0.77702			4
2026.01.27	02:35:35.050	0.77700	0.77704			6
2026.01.27	02:35:36.794		0.77705			4
2026.01.27	02:35:45.126	0.77701	0.77707			6
2026.01.27	02:35:45.547		0.77705			4
2026.01.27	02:35:47.716		0.77706			4
2026.01.27	02:35:50.143	0.77702				2
2026.01.27	02:35:50.520	0.77703	0.77707			6
2026.01.27	02:35:52.620		0.77706			4
2026.01.27	02:35:59.786	0.77702				2
2026.01.27	02:36:00.265	0.77702				2
2026.01.27	02:36:02.411	0.77701	0.77705			6
2026.01.27	02:36:02.746	0.77702	0.77706			6
2026.01.27	02:36:08.097	0.77701	0.77704			6
2026.01.27	02:36:12.262		0.77705			4
2026.01.27	02:36:13.916		0.77704			4
2026.01.27	02:36:14.294	0.77700				2
2026.01.27	02:36:16.040	0.77701				2
2026.01.27	02:36:17.410		0.77705			4
2026.01.27	02:36:17.881	0.77702				2
2026.01.27	02:36:18.626		0.77704			4
2026.01.27	02:36:19.245		0.77705			4
2026.01.27	02:36:19.559		0.77704			4
2026.01.27	02:36:19.962		0.77705			4
2026.01.27	02:36:24.079		0.77706			4
2026.01.27	02:36:24.382		0.77705			4
2026.01.27	02:36:29.488		0.77704			4
2026.01.27	02:36:34.887		0.77705			4
2026.01.27	02:36:36.714	0.77705	0.77707			6
2026.01.27	02:36:37.138	0.77706	0.77708			6
2026.01.27	02:36:38.631	0.77705				2
2026.01.27	02:36:48.749		0.77707			4
2026.01.27	02:36:51.092	0.77703	0.77706			6
2026.01.27	02:36:51.443		0.77705			4
2026.01.27	02:36:56.416	0.77702				2
2026.01.27	02:36:56.720	0.77699	0.77704			6
2026.01.27	02:36:57.497		0.77703			4
2026.01.27	02:37:00.455	0.77699				2
2026.01.27	02:37:02.052	0.77701	0.77704			6
2026.01.27	02:37:03.630		0.77703			4
2026.01.27	02:37:04.617		0.77704			4
2026.01.27	02:37:08.512		0.77705			4
2026.01.27	02:37:10.153	0.77704	0.77709			6
2026.01.27	02:37:10.540	0.77703				2
2026.01.27	02:37:11.488		0.77708			4
2026.01.27	02:37:17.291		0.77707			4
2026.01.27	02:37:18.066		0.77708			4
2026.01.27	02:37:18.886	0.77700	0.77707			6
2026.01.27	02:37:19.262		0.77706			4
2026.01.27	02:37:19.981		0.77705			4
2026.01.27	02:37:20.833		0.77704			4
2026.01.27	02:37:26.792	0.77701	0.77705			6
2026.01.27	02:37:32.539		0.77704			4
2026.01.27	02:37:35.496	0.77700	0.77703			6
2026.01.27	02:37:39.175	0.77699	0.77702			6
2026.01.27	02:37:40.062	0.77700	0.77703			6
2026.01.27	02:37:40.514		0.77704			4
2026.01.27	02:37:43.647	0.77701	0.77705			6
2026.01.27	02:37:45.280	0.77700	0.77704			6
2026.01.27	02:37:46.316		0.77705			4
2026.01.27	02:37:47.802		0.77704			4
2026.01.27	02:37:49.223		0.77705			4
2026.01.27	02:37:50.538	0.77701				2
2026.01.27	02:37:51.787	0.77703	0.77709			6
2026.01.27	02:37:55.492		0.77708			4
2026.01.27	02:37:58.256	0.77702				2
2026.01.27	02:37:59.453		0.77707			4
2026.01.27	02:38:00.524	0.77702				2
2026.01.27	02:38:01.469		0.77706			4
2026.01.27	02:38:02.389	0.77701	0.77705			6
2026.01.27	02:38:05.720	0.77702	0.77706			6
2026.01.27	02:38:19.820	0.77699	0.77703			6
2026.01.27	02:38:21.251		0.77702			4
2026.01.27	02:38:22.448	0.77700				2
2026.01.27	02:38:22.754		0.77703			4
2026.01.27	02:38:27.629	0.77699				2
2026.01.27	02:38:29.168	0.77698	0.77701			6
2026.01.27	02:38:30.753		0.77702			4
2026.01.27	02:38:31.973	0.77699				2
2026.01.27	02:38:34.434	0.77698				2
2026.01.27	02:38:35.308		0.77701			4
2026.01.27	02:38:39.057	0.77699				2
2026.01.27	02:38:47.149	0.77698				2
2026.01.27	02:38:58.071	0.77699	0.77702			6
2026.01.27	02:39:00.974	0.77699				2
2026.01.27	02:39:03.885	0.77698	0.77701			6
2026.01.27	02:39:06.062	0.77699				2
2026.01.27	02:39:06.403	0.77698				2
2026.01.27	02:39:06.750		0.77702			4
2026.01.27	02:39:10.190	0.77699				2
2026.01.27	02:39:10.503	0.77698				2
2026.01.27	02:39:15.147	0.77699				2
2026.01.27	02:39:17.184	0.77698				2
2026.01.27	02:39:17.497	0.77699				2
2026.01.27	02:39:17.978		0.77703			4
2026.01.27	02:39:19.380	0.77698				2
2026.01.27	02:39:22.511	0.77699	0.77704			6
2026.01.27	02:39:24.240		0.77702			4
2026.01.27	02:39:30.674		0.77703			4
2026.01.27	02:39:36.746		0.77702			4
2026.01.27	02:39:42.474		0.77701			4
2026.01.27	02:39:43.248		0.77702			4
2026.01.27	02:39:44.823	0.77700	0.77703			6
2026.01.27	02:39:45.935	0.77699	0.77702			6
2026.01.27	02:39:48.303	0.77700				2
2026.01.27	02:39:49.501		0.77703			4
2026.01.27	02:39:51.257	0.77698	0.77702			6
2026.01.27	02:40:01.408	0.77698	0.77701			6
2026.01.27	02:40:04.544	0.77699	0.77702			6
2026.01.27	02:40:05.010		0.77703			4
2026.01.27	02:40:05.719	0.77700				2
2026.01.27	02:40:09.163	0.77699				2
2026.01.27	02:40:11.456	0.77698	0.77701			6
2026.01.27	02:40:14.298		0.77702			4
2026.01.27	02:40:18.832	0.77699	0.77701			6
2026.01.27	02:40:20.074	0.77698	0.77702			6
2026.01.27	02:40:21.069	0.77699				2
2026.01.27	02:40:22.088	0.77700	0.77704			6
2026.01.27	02:40:23.796	0.77699				2
2026.01.27	02:40:24.099		0.77703			4
2026.01.27	02:40:24.591	0.77700	0.77704			6
2026.01.27	02:40:27.652		0.77705			4
2026.01.27	02:40:28.343	0.77698	0.77702			6
2026.01.27	02:40:29.450	0.77699				2
2026.01.27	02:40:32.640	0.77698				2
2026.01.27	02:40:38.912	0.77699	0.77703			6
2026.01.27	02:40:42.218	0.77701	0.77705			6
2026.01.27	02:40:48.362	0.77699	0.77703			6
2026.01.27	02:40:48.678	0.77700				2
2026.01.27	02:40:49.783	0.77699				2
2026.01.27	02:40:50.497	0.77700	0.77704			6
2026.01.27	02:40:52.461		0.77705			4
2026.01.27	02:40:55.981	0.77702	0.77706			6
2026.01.27	02:40:56.302		0.77707			4
2026.01.27	02:40:57.625		0.77706			4
2026.01.27	02:40:58.069		0.77707			4
2026.01.27	02:40:59.721	0.77706				2
2026.01.27	02:41:00.026	0.77703				2
2026.01.27	02:41:03.701	0.77702				2
2026.01.27	02:41:09.723		0.77706			4
2026.01.27	02:41:12.387		0.77705			4
2026.01.27	02:41:12.699		0.77706			4
2026.01.27	02:41:21.526	0.77703				2
2026.01.27	02:41:22.385		0.77707			4
2026.01.27	02:41:26.697	0.77702				2
2026.01.27	02:41:29.111	0.77703	0.77706			6
2026.01.27	02:41:30.428		0.77707			4
2026.01.27	02:41:32.705	0.77706				2
2026.01.27	02:41:33.036		0.77708			4
2026.01.27	02:41:34.743	0.77704				2
2026.01.27	02:41:35.444	0.77706				2
2026.01.27	02:41:37.076	0.77707				2
2026.01.27	02:41:39.513		0.77711			4
2026.01.27	02:41:46.601		0.77712			4
2026.01.27	02:41:46.928		0.77711			4
2026.01.27	02:41:49.638	0.77705	0.77708			6
2026.01.27	02:41:50.277	0.77707				2
2026.01.27	02:41:50.853	0.77706	0.77711			6
2026.01.27	02:41:51.643		0.77712			4
2026.01.27	02:41:53.034	0.77705	0.77709			6
2026.01.27	02:41:55.855	0.77704				2
2026.01.27	02:41:57.186	0.77707				2
2026.01.27	02:42:00.497	0.77704	0.77708			6
2026.01.27	02:42:01.724	0.77705				2
2026.01.27	02:42:07.533	0.77704	0.77707			6
2026.01.27	02:42:13.545	0.77702	0.77706			6
2026.01.27	02:42:14.590		0.77705			4
2026.01.27	02:42:16.766	0.77701				2
2026.01.27	02:42:18.399		0.77704			4
2026.01.27	02:42:24.516	0.77703	0.77708			6
2026.01.27	02:42:24.861	0.77706				2
2026.01.27	02:42:25.301	0.77704				2
2026.01.27	02:42:36.950	0.77703				2
2026.01.27	02:42:40.620	0.77704				2
2026.01.27	02:42:41.049	0.77703				2
2026.01.27	02:42:45.944	0.77701	0.77706			6
2026.01.27	02:42:47.011	0.77703	0.77707			6
2026.01.27	02:42:47.319	0.77702				2
2026.01.27	02:42:49.293	0.77703				2
2026.01.27	02:42:50.526	0.77702				2
2026.01.27	02:42:51.706		0.77708			4
2026.01.27	02:42:52.322	0.77703				2
2026.01.27	02:42:53.584		0.77707			4
2026.01.27	02:42:54.293		0.77709			4
2026.01.27	02:42:56.733	0.77704				2
2026.01.27	02:42:57.196	0.77703				2
2026.01.27	02:42:58.551	0.77704				2
2026.01.27	02:42:59.098	0.77703				2
2026.01.27	02:43:00.004	0.77703				2
2026.01.27	02:43:00.655		0.77708			4
2026.01.27	02:43:04.316	0.77704				2
2026.01.27	02:43:07.773		0.77709			4
2026.01.27	02:43:10.533		0.77708			4
2026.01.27	02:43:11.381	0.77706	0.77709			6
2026.01.27	02:43:11.789	0.77707	0.77711			6
2026.01.27	02:43:14.980	0.77708	0.77713			6
2026.01.27	02:43:16.876		0.77712			4
2026.01.27	02:43:18.544	0.77706	0.77709			6
2026.01.27	02:43:27.685	0.77707	0.77710			6
2026.01.27	02:43:28.100	0.77706	0.77709			6
2026.01.27	02:43:34.410	0.77705	0.77710			6
2026.01.27	02:43:34.720	0.77704	0.77709			6
2026.01.27	02:43:36.468		0.77708			4
2026.01.27	02:43:41.620	0.77703				2
2026.01.27	02:43:42.964	0.77704				2
2026.01.27	02:43:44.802	0.77701	0.77706			6
2026.01.27	02:43:50.619	0.77702				2
2026.01.27	02:43:51.415	0.77703	0.77708			6
2026.01.27	02:43:53.290		0.77707			4
2026.01.27	02:43:53.683	0.77701				2
2026.01.27	02:43:54.840		0.77706			4
2026.01.27	02:43:57.310		0.77705			4
2026.01.27	02:44:00.730	0.77701				2
2026.01.27	02:44:06.862		0.77706			4
2026.01.27	02:44:08.944	0.77700	0.77705			6
2026.01.27	02:44:12.336	0.77701				2
2026.01.27	02:44:15.167	0.77700	0.77704			6
2026.01.27	02:44:18.673		0.77703			4
2026.01.27	02:44:20.373		0.77704			4
2026.01.27	02:44:24.162		0.77703			4
2026.01.27	02:44:30.592		0.77704			4
2026.01.27	02:44:35.430	0.77701				2
2026.01.27	02:44:37.742		0.77705			4
2026.01.27	02:44:38.300		0.77704			4
2026.01.27	02:44:38.808		0.77705			4
2026.01.27	02:44:44.672		0.77704			4
2026.01.27	02:44:48.186	0.77700				2
2026.01.27	02:44:48.522	0.77701	0.77705			6
2026.01.27	02:44:50.055	0.77700	0.77704			6
2026.01.27	02:44:52.064	0.77701				2
2026.01.27	02:44:58.473		0.77705			4
2026.01.27	02:45:00.487	0.77701				2
2026.01.27	02:45:01.565		0.77704			4
2026.01.27	02:45:05.108		0.77705			4
2026.01.27	02:45:05.547		0.77704			4
2026.01.27	02:45:06.186	0.77700	0.77703			6
2026.01.27	02:45:06.771	0.77701	0.77704			6
2026.01.27	02:45:17.365		0.77705			4
2026.01.27	02:45:19.536	0.77702	0.77706			6
2026.01.27	02:45:23.350	0.77701				2
2026.01.27	02:45:29.137		0.77707			4
2026.01.27	02:45:32.658		0.77706			4
2026.01.27	02:45:46.470		0.77705			4
2026.01.27	02:45:46.931		0.77706			4
2026.01.27	02:45:56.515		0.77705			4
2026.01.27	02:45:59.614	0.77702	0.77708			6
2026.01.27	02:46:00.532	0.77705	0.77710			6
2026.01.27	02:46:02.824	0.77708	0.77713			6
2026.01.27	02:46:03.140	0.77709	0.77714			6
2026.01.27	02:46:03.518		0.77713			4
2026.01.27	02:46:04.161		0.77714			4
2026.01.27	02:46:04.955	0.77711	0.77715			6
2026.01.27	02:46:05.689		0.77716			4
2026.01.27	02:46:07.403		0.77715			4
2026.01.27	02:46:07.766		0.77716			4
2026.01.27	02:46:08.417		0.77715			4
2026.01.27	02:46:14.625		0.77716			4
2026.01.27	02:46:14.984	0.77712				2
2026.01.27	02:46:16.695	0.77711	0.77714			6
2026.01.27	02:46:17.223		0.77715			4
2026.01.27	02:46:17.532		0.77714			4
2026.01.27	02:46:17.953		0.77715			4
2026.01.27	02:46:19.201	0.77714	0.77718			6
2026.01.27	02:46:19.803		0.77720			4
2026.01.27	02:46:20.654		0.77719			4
2026.01.27	02:46:20.960	0.77717	0.77721			6
2026.01.27	02:46:22.616	0.77716	0.77720			6
2026.01.27	02:46:24.784		0.77721			4
2026.01.27	02:46:27.333	0.77717				2
2026.01.27	02:46:27.641	0.77719	0.77723			6
2026.01.27	02:46:31.657	0.77718				2
2026.01.27	02:46:33.006	0.77717				2
2026.01.27	02:46:36.486	0.77718				2
2026.01.27	02:46:37.065	0.77717				2
2026.01.27	02:46:37.394	0.77718				2
2026.01.27	02:46:40.083	0.77719				2
2026.01.27	02:46:40.514	0.77718				2
2026.01.27	02:46:42.127	0.77719				2
2026.01.27	02:46:42.537	0.77718				2
2026.01.27	02:46:43.261	0.77719				2
2026.01.27	02:46:43.585	0.77718				2
2026.01.27	02:46:48.663	0.77719				2
2026.01.27	02:46:49.844	0.77718				2
2026.01.27	02:46:50.969	0.77719				2
2026.01.27	02:46:51.280	0.77720	0.77725			6
2026.01.27	02:46:51.976	0.77719				2
2026.01.27	02:46:53.102		0.77724			4
2026.01.27	02:47:00.586	0.77719	0.77723			6
2026.01.27	02:47:01.640	0.77718				2
2026.01.27	02:47:01.967	0.77719				2
2026.01.27	02:47:02.293	0.77718				2
2026.01.27	02:47:02.645	0.77720	0.77724			6
2026.01.27	02:47:03.385		0.77723			4
2026.01.27	02:47:04.165	0.77718				2
2026.01.27	02:47:05.726	0.77720	0.77724			6
2026.01.27	02:47:06.181		0.77723			4
2026.01.27	02:47:07.465	0.77718	0.77724			6
2026.01.27	02:47:08.960	0.77717	0.77721			6
2026.01.27	02:47:09.823	0.77716				2
