<DATE>	<TIME>	<BID>	<ASK>	<LAST>	<VOLUME>	<FLAGS>
2026.06.04	00:03:30.794	0.79125	0.79251			6
2026.06.04	00:03:34.855		0.79261			4
2026.06.04	00:03:41.835		0.79255			4
2026.06.04	00:03:42.135		0.79261			4
2026.06.04	00:03:49.862		0.79257			4
2026.06.04	00:03:50.162		0.79261			4
2026.06.04	00:03:56.394		0.79255			4
2026.06.04	00:03:56.694		0.79261			4
2026.06.04	00:04:00.253	0.79125				2
2026.06.04	00:04:06.793		0.79243			4
2026.06.04	00:04:45.574		0.79235			4
2026.06.04	00:05:00.184	0.79125	0.79242			6
2026.06.04	00:05:01.814		0.79241			4
2026.06.04	00:05:02.342		0.79245			4
2026.06.04	00:05:02.644		0.79241			4
2026.06.04	00:05:06.838		0.79242			4
2026.06.04	00:05:07.139		0.79241			4
2026.06.04	00:05:11.277		0.79237			4
2026.06.04	00:05:12.028		0.79240			4
2026.06.04	00:05:12.333		0.79243			4
2026.06.04	00:05:22.535		0.79242			4
2026.06.04	00:05:23.476		0.79239			4
2026.06.04	00:05:23.777		0.79242			4
2026.06.04	00:05:27.920		0.79241			4
2026.06.04	00:05:28.882		0.79242			4
2026.06.04	00:05:29.931		0.79241			4
2026.06.04	00:05:30.535		0.79239			4
2026.06.04	00:05:30.832		0.79237			4
2026.06.04	00:05:31.118		0.79228			4
2026.06.04	00:05:31.432		0.79240			4
2026.06.04	00:05:31.736		0.79228			4
2026.06.04	00:05:32.032		0.79239			4
2026.06.04	00:05:32.338		0.79228			4
2026.06.04	00:05:32.638		0.79239			4
2026.06.04	00:05:32.939		0.79228			4
2026.06.04	00:05:33.241		0.79239			4
2026.06.04	00:05:33.845		0.79228			4
2026.06.04	00:05:34.136		0.79240			4
2026.06.04	00:05:34.817		0.79228			4
2026.06.04	00:05:35.718		0.79239			4
2026.06.04	00:05:36.018		0.79228			4
2026.06.04	00:05:36.735		0.79239			4
2026.06.04	00:05:37.036		0.79228			4
2026.06.04	00:05:37.336		0.79239			4
2026.06.04	00:05:37.638		0.79228			4
2026.06.04	00:05:37.941		0.79239			4
2026.06.04	00:05:38.241		0.79228			4
2026.06.04	00:05:38.542		0.79239			4
2026.06.04	00:05:38.902		0.79228			4
2026.06.04	00:05:39.205		0.79239			4
2026.06.04	00:05:40.161		0.79228			4
2026.06.04	00:05:41.066		0.79239			4
2026.06.04	00:05:41.366		0.79228			4
2026.06.04	00:05:41.666		0.79239			4
2026.06.04	00:05:41.968		0.79228			4
2026.06.04	00:05:42.870		0.79239			4
2026.06.04	00:05:43.170		0.79228			4
2026.06.04	00:05:43.771		0.79240			4
2026.06.04	00:05:44.373		0.79239			4
2026.06.04	00:05:45.356		0.79228			4
2026.06.04	00:05:45.656		0.79239			4
2026.06.04	00:05:45.957		0.79228			4
2026.06.04	00:05:46.260		0.79239			4
2026.06.04	00:05:46.560		0.79228			4
2026.06.04	00:05:46.861		0.79239			4
2026.06.04	00:05:47.161		0.79228			4
2026.06.04	00:05:48.064		0.79245			4
2026.06.04	00:05:48.365		0.79228			4
2026.06.04	00:05:48.965		0.79245			4
2026.06.04	00:05:50.558		0.79228			4
2026.06.04	00:05:50.857		0.79245			4
2026.06.04	00:05:51.160		0.79228			4
2026.06.04	00:05:51.460		0.79245			4
2026.06.04	00:05:51.761		0.79228			4
2026.06.04	00:05:52.095		0.79245			4
2026.06.04	00:05:52.399		0.79228			4
2026.06.04	00:05:53.304		0.79245			4
2026.06.04	00:05:53.604		0.79228			4
2026.06.04	00:05:54.209		0.79245			4
2026.06.04	00:05:55.756		0.79228			4
2026.06.04	00:05:56.057		0.79245			4
2026.06.04	00:05:56.358		0.79228			4
2026.06.04	00:05:56.658		0.79245			4
2026.06.04	00:05:56.959		0.79228			4
2026.06.04	00:05:57.261		0.79245			4
2026.06.04	00:05:57.562		0.79228			4
2026.06.04	00:05:58.766		0.79245			4
2026.06.04	00:05:59.066		0.79228			4
2026.06.04	00:05:59.366		0.79245			4
2026.06.04	00:06:00.267	0.79125				2
2026.06.04	00:06:00.869		0.79228			4
2026.06.04	00:06:01.772		0.79245			4
2026.06.04	00:06:02.072		0.79228			4
2026.06.04	00:06:03.334		0.79245			4
2026.06.04	00:06:03.944		0.79228			4
2026.06.04	00:06:04.549		0.79245			4
2026.06.04	00:06:06.053		0.79228			4
2026.06.04	00:06:06.954		0.79245			4
2026.06.04	00:06:07.255		0.79228			4
2026.06.04	00:06:08.243		0.79245			4
2026.06.04	00:06:08.543		0.79228			4
2026.06.04	00:06:09.144		0.79245			4
2026.06.04	00:06:09.446		0.79228			4
2026.06.04	00:06:09.747		0.79245			4
2026.06.04	00:06:11.215		0.79228			4
2026.06.04	00:06:12.119		0.79245			4
2026.06.04	00:06:12.420		0.79228			4
2026.06.04	00:06:13.736		0.79245			4
2026.06.04	00:06:14.347		0.79228			4
2026.06.04	00:06:14.948		0.79245			4
2026.06.04	00:06:16.815		0.79228			4
2026.06.04	00:06:17.417		0.79245			4
2026.06.04	00:06:17.717		0.79228			4
2026.06.04	00:06:18.050		0.79245			4
2026.06.04	00:06:18.350		0.79228			4
2026.06.04	00:06:18.952		0.79245			4
2026.06.04	00:06:19.853		0.79228			4
2026.06.04	00:06:20.154		0.79245			4
2026.06.04	00:06:20.755		0.79228			4
2026.06.04	00:06:21.056		0.79245			4
2026.06.04	00:06:21.800		0.79228			4
2026.06.04	00:06:22.100		0.79245			4
2026.06.04	00:06:22.401		0.79228			4
2026.06.04	00:06:23.134		0.79245			4
2026.06.04	00:06:23.740		0.79228			4
2026.06.04	00:06:24.040		0.79245			4
2026.06.04	00:06:24.343		0.79228			4
2026.06.04	00:06:25.244		0.79245			4
2026.06.04	00:06:25.847		0.79228			4
2026.06.04	00:06:26.147		0.79245			4
2026.06.04	00:06:26.748		0.79229			4
2026.06.04	00:06:27.049		0.79228			4
2026.06.04	00:06:27.349		0.79245			4
2026.06.04	00:06:27.951		0.79228			4
2026.06.04	00:06:28.643		0.79245			4
2026.06.04	00:06:28.943		0.79228			4
2026.06.04	00:06:29.255		0.79245			4
2026.06.04	00:06:29.856		0.79228			4
2026.06.04	00:06:30.711		0.79245			4
2026.06.04	00:06:31.012		0.79228			4
2026.06.04	00:06:31.313		0.79245			4
2026.06.04	00:06:31.913		0.79228			4
2026.06.04	00:06:32.515		0.79245			4
2026.06.04	00:06:32.815		0.79228			4
2026.06.04	00:06:33.420		0.79245			4
2026.06.04	00:06:34.020		0.79228			4
2026.06.04	00:06:34.556		0.79245			4
2026.06.04	00:06:34.856		0.79228			4
2026.06.04	00:06:35.462		0.79245			4
2026.06.04	00:06:36.062		0.79228			4
2026.06.04	00:06:36.404		0.79245			4
2026.06.04	00:06:37.127		0.79228			4
2026.06.04	00:06:37.614		0.79245			4
2026.06.04	00:06:38.233		0.79228			4
2026.06.04	00:06:38.837		0.79245			4
2026.06.04	00:06:39.137		0.79228			4
2026.06.04	00:06:39.454		0.79245			4
2026.06.04	00:06:40.110		0.79228			4
2026.06.04	00:06:40.674		0.79245			4
2026.06.04	00:06:41.274		0.79228			4
2026.06.04	00:06:41.695		0.79245			4
2026.06.04	00:06:42.297		0.79228			4
2026.06.04	00:06:42.898		0.79245			4
2026.06.04	00:06:43.201		0.79228			4
2026.06.04	00:06:43.536		0.79245			4
2026.06.04	00:06:44.143		0.79228			4
2026.06.04	00:06:44.746		0.79245			4
2026.06.04	00:06:45.047		0.79228			4
2026.06.04	00:06:45.648		0.79245			4
2026.06.04	00:06:46.250		0.79228			4
2026.06.04	00:06:46.597		0.79245			4
2026.06.04	00:06:47.331		0.79228			4
2026.06.04	00:06:47.816		0.79245			4
2026.06.04	00:06:48.443		0.79228			4
2026.06.04	00:06:49.044		0.79245			4
2026.06.04	00:06:49.346		0.79228			4
2026.06.04	00:06:49.654		0.79245			4
2026.06.04	00:06:50.289		0.79228			4
2026.06.04	00:06:50.874		0.79245			4
2026.06.04	00:06:51.475		0.79228			4
2026.06.04	00:06:52.080		0.79243			4
2026.06.04	00:06:52.381		0.79228			4
2026.06.04	00:06:52.914		0.79243			4
2026.06.04	00:06:53.216		0.79228			4
2026.06.04	00:06:53.820		0.79243			4
2026.06.04	00:06:54.420		0.79228			4
2026.06.04	00:06:54.954		0.79243			4
2026.06.04	00:06:55.259		0.79228			4
2026.06.04	00:06:55.861		0.79243			4
2026.06.04	00:06:56.464		0.79228			4
2026.06.04	00:06:56.793		0.79243			4
2026.06.04	00:06:57.534		0.79228			4
2026.06.04	00:06:58.015		0.79243			4
2026.06.04	00:06:58.635		0.79228			4
2026.06.04	00:06:59.236		0.79243			4
2026.06.04	00:06:59.536		0.79228			4
2026.06.04	00:06:59.854		0.79243			4
2026.06.04	00:07:00.235	0.79125				2
2026.06.04	00:07:00.535		0.79228			4
2026.06.04	00:07:01.091		0.79243			4
2026.06.04	00:07:01.691		0.79228			4
2026.06.04	00:07:02.094		0.79243			4
2026.06.04	00:07:02.703		0.79228			4
2026.06.04	00:07:03.116		0.79243			4
2026.06.04	00:07:03.416		0.79228			4
2026.06.04	00:07:04.020		0.79243			4
2026.06.04	00:07:04.621		0.79228			4
2026.06.04	00:07:05.154		0.79243			4
2026.06.04	00:07:05.455		0.79228			4
2026.06.04	00:07:06.056		0.79243			4
2026.06.04	00:07:06.658		0.79228			4
2026.06.04	00:07:06.993		0.79243			4
2026.06.04	00:07:07.706		0.79228			4
2026.06.04	00:07:08.401		0.79243			4
2026.06.04	00:07:08.704		0.79228			4
2026.06.04	00:07:09.435		0.79243			4
2026.06.04	00:07:09.735		0.79228			4
2026.06.04	00:07:10.054		0.79243			4
2026.06.04	00:07:10.655		0.79228			4
2026.06.04	00:07:11.272		0.79243			4
2026.06.04	00:07:11.875		0.79228			4
2026.06.04	00:07:12.479		0.79243			4
2026.06.04	00:07:12.779		0.79228			4
2026.06.04	00:07:13.315		0.79243			4
2026.06.04	00:07:13.615		0.79228			4
2026.06.04	00:07:14.219		0.79243			4
2026.06.04	00:07:14.820		0.79228			4
2026.06.04	00:07:15.357		0.79243			4
2026.06.04	00:07:15.656		0.79228			4
2026.06.04	00:07:16.264		0.79243			4
2026.06.04	00:07:16.864		0.79228			4
2026.06.04	00:07:17.296		0.79243			4
2026.06.04	00:07:18.000		0.79228			4
2026.06.04	00:07:18.415		0.79243			4
2026.06.04	00:07:19.020		0.79228			4
2026.06.04	00:07:19.634		0.79243			4
2026.06.04	00:07:19.935		0.79228			4
2026.06.04	00:07:20.255		0.79243			4
2026.06.04	00:07:20.943		0.79228			4
2026.06.04	00:07:21.474		0.79243			4
2026.06.04	00:07:22.077		0.79228			4
2026.06.04	00:07:22.494		0.79243			4
2026.06.04	00:07:23.099		0.79228			4
2026.06.04	00:07:23.514		0.79243			4
2026.06.04	00:07:23.816		0.79228			4
2026.06.04	00:07:24.419		0.79243			4
2026.06.04	00:07:25.020		0.79228			4
2026.06.04	00:07:25.320		0.79234			4
2026.06.04	00:07:25.620		0.79243			4
2026.06.04	00:07:25.921		0.79234			4
2026.06.04	00:07:26.221		0.79223			4
2026.06.04	00:07:26.521		0.79243			4
2026.06.04	00:07:26.824		0.79223			4
2026.06.04	00:07:27.125		0.79234			4
2026.06.04	00:07:27.427		0.79243			4
2026.06.04	00:07:28.027		0.79228			4
2026.06.04	00:07:28.614		0.79243			4
2026.06.04	00:07:29.234		0.79228			4
2026.06.04	00:07:29.836		0.79243			4
2026.06.04	00:07:30.136		0.79228			4
2026.06.04	00:07:30.453		0.79243			4
2026.06.04	00:07:31.165		0.79228			4
2026.06.04	00:07:31.675		0.79243			4
2026.06.04	00:07:32.276		0.79228			4
2026.06.04	00:07:32.696		0.79243			4
2026.06.04	00:07:33.006		0.79228			4
2026.06.04	00:07:33.714		0.79243			4
2026.06.04	00:07:34.015		0.79228			4
2026.06.04	00:07:34.619		0.79243			4
2026.06.04	00:07:35.220		0.79228			4
2026.06.04	00:07:35.756		0.79243			4
2026.06.04	00:07:36.056		0.79228			4
2026.06.04	00:07:36.658		0.79243			4
2026.06.04	00:07:37.261		0.79228			4
2026.06.04	00:07:37.596		0.79243			4
2026.06.04	00:07:38.196		0.79228			4
2026.06.04	00:07:38.815		0.79243			4
2026.06.04	00:07:39.435		0.79228			4
2026.06.04	00:07:40.037		0.79243			4
2026.06.04	00:07:40.337		0.79228			4
2026.06.04	00:07:40.654		0.79243			4
2026.06.04	00:07:41.395		0.79228			4
2026.06.04	00:07:41.875		0.79243			4
2026.06.04	00:07:42.476		0.79228			4
2026.06.04	00:07:42.899		0.79243			4
2026.06.04	00:07:43.498		0.79228			4
2026.06.04	00:07:43.918		0.79243			4
2026.06.04	00:07:44.219		0.79228			4
2026.06.04	00:07:44.820		0.79243			4
2026.06.04	00:07:45.420		0.79228			4
2026.06.04	00:07:45.954		0.79243			4
2026.06.04	00:07:46.255		0.79228			4
2026.06.04	00:07:46.855		0.79244			4
2026.06.04	00:07:47.457		0.79228			4
2026.06.04	00:07:47.796		0.79244			4
2026.06.04	00:07:48.555		0.79228			4
2026.06.04	00:07:49.017		0.79244			4
2026.06.04	00:07:49.635		0.79228			4
2026.06.04	00:07:50.238		0.79244			4
2026.06.04	00:07:50.539		0.79228			4
2026.06.04	00:07:50.856		0.79244			4
2026.06.04	00:07:51.558		0.79228			4
2026.06.04	00:07:52.074		0.79244			4
2026.06.04	00:07:52.377		0.79228			4
2026.06.04	00:07:53.095		0.79244			4
2026.06.04	00:07:53.415		0.79228			4
2026.06.04	00:07:54.116		0.79244			4
2026.06.04	00:07:54.419		0.79228			4
2026.06.04	00:07:55.020		0.79244			4
2026.06.04	00:07:55.620		0.79228			4
2026.06.04	00:07:56.155		0.79244			4
2026.06.04	00:07:56.455		0.79228			4
2026.06.04	00:07:57.057		0.79244			4
2026.06.04	00:07:57.665		0.79228			4
2026.06.04	00:07:57.994		0.79244			4
2026.06.04	00:07:58.759		0.79228			4
2026.06.04	00:07:59.217		0.79244			4
2026.06.04	00:07:59.833		0.79228			4
2026.06.04	00:08:00.437	0.79125	0.79244			6
2026.06.04	00:08:00.737		0.79228			4
2026.06.04	00:08:01.054		0.79244			4
2026.06.04	00:08:01.763		0.79228			4
2026.06.04	00:08:02.276		0.79244			4
2026.06.04	00:08:02.877		0.79228			4
2026.06.04	00:08:03.482		0.79244			4
2026.06.04	00:08:03.785		0.79228			4
2026.06.04	00:08:04.317		0.79244			4
2026.06.04	00:08:04.620		0.79228			4
2026.06.04	00:08:05.220		0.79244			4
2026.06.04	00:08:05.821		0.79228			4
2026.06.04	00:08:06.363		0.79244			4
2026.06.04	00:08:06.665		0.79228			4
2026.06.04	00:08:07.266		0.79244			4
2026.06.04	00:08:07.866		0.79228			4
2026.06.04	00:08:08.196		0.79244			4
2026.06.04	00:08:08.964		0.79228			4
2026.06.04	00:08:09.416		0.79244			4
2026.06.04	00:08:10.036		0.79228			4
2026.06.04	00:08:10.637		0.79244			4
2026.06.04	00:08:10.938		0.79228			4
2026.06.04	00:08:11.253		0.79244			4
2026.06.04	00:08:11.965		0.79228			4
2026.06.04	00:08:12.474		0.79244			4
2026.06.04	00:08:13.076		0.79228			4
2026.06.04	00:08:13.496		0.79244			4
2026.06.04	00:08:13.797		0.79228			4
2026.06.04	00:08:14.515		0.79244			4
2026.06.04	00:08:14.817		0.79228			4
2026.06.04	00:08:15.420		0.79244			4
2026.06.04	00:08:16.020		0.79228			4
2026.06.04	00:08:16.556		0.79244			4
2026.06.04	00:08:16.857		0.79228			4
2026.06.04	00:08:17.461		0.79244			4
2026.06.04	00:08:18.063		0.79228			4
2026.06.04	00:08:18.365		0.79244			4
2026.06.04	00:08:19.168		0.79228			4
2026.06.04	00:08:19.616		0.79244			4
2026.06.04	00:08:20.237		0.79228			4
2026.06.04	00:08:20.837		0.79244			4
2026.06.04	00:08:21.138		0.79228			4
2026.06.04	00:08:21.469		0.79244			4
2026.06.04	00:08:22.173		0.79228			4
2026.06.04	00:08:22.674		0.79244			4
2026.06.04	00:08:23.275		0.79228			4
2026.06.04	00:08:23.695		0.79244			4
2026.06.04	00:08:23.997		0.79228			4
2026.06.04	00:08:24.716		0.79244			4
2026.06.04	00:08:25.016		0.79228			4
2026.06.04	00:08:25.617		0.79244			4
2026.06.04	00:08:26.218		0.79228			4
2026.06.04	00:08:26.756		0.79244			4
2026.06.04	00:08:27.058		0.79228			4
2026.06.04	00:08:27.663		0.79244			4
2026.06.04	00:08:28.264		0.79228			4
2026.06.04	00:08:28.611		0.79244			4
2026.06.04	00:08:29.212		0.79228			4
2026.06.04	00:08:29.814		0.79244			4
2026.06.04	00:08:30.436		0.79228			4
2026.06.04	00:08:31.036		0.79244			4
2026.06.04	00:08:31.339		0.79228			4
2026.06.04	00:08:31.654		0.79244			4
2026.06.04	00:08:32.399		0.79228			4
2026.06.04	00:08:32.875		0.79244			4
2026.06.04	00:08:33.477		0.79228			4
2026.06.04	00:08:33.896		0.79244			4
2026.06.04	00:08:34.196		0.79228			4
2026.06.04	00:08:34.924		0.79244			4
2026.06.04	00:08:35.226		0.79228			4
2026.06.04	00:08:35.826		0.79244			4
2026.06.04	00:08:36.428		0.79228			4
2026.06.04	00:08:36.955		0.79244			4
2026.06.04	00:08:37.255		0.79228			4
2026.06.04	00:08:37.856		0.79244			4
2026.06.04	00:08:38.460		0.79228			4
2026.06.04	00:08:38.795		0.79244			4
2026.06.04	00:08:39.575		0.79228			4
2026.06.04	00:08:40.014		0.79244			4
2026.06.04	00:08:40.642		0.79228			4
2026.06.04	00:08:41.242		0.79244			4
2026.06.04	00:08:41.543		0.79228			4
2026.06.04	00:08:41.855		0.79243			4
2026.06.04	00:08:42.576		0.79228			4
2026.06.04	00:08:43.074		0.79243			4
2026.06.04	00:08:43.681		0.79228			4
2026.06.04	00:08:44.097		0.79243			4
2026.06.04	00:08:44.397		0.79228			4
2026.06.04	00:08:45.115		0.79243			4
2026.06.04	00:08:45.415		0.79228			4
2026.06.04	00:08:46.016		0.79243			4
2026.06.04	00:08:46.618		0.79228			4
2026.06.04	00:08:47.156		0.79243			4
2026.06.04	00:08:47.462		0.79228			4
2026.06.04	00:08:48.063		0.79243			4
2026.06.04	00:08:48.664		0.79228			4
2026.06.04	00:08:48.994		0.79243			4
2026.06.04	00:08:49.702		0.79228			4
2026.06.04	00:08:50.215		0.79243			4
2026.06.04	00:08:50.832		0.79228			4
2026.06.04	00:08:51.433		0.79243			4
2026.06.04	00:08:51.736		0.79228			4
2026.06.04	00:08:52.070		0.79243			4
2026.06.04	00:08:52.781		0.79228			4
2026.06.04	00:08:53.276		0.79243			4
2026.06.04	00:08:53.880		0.79228			4
2026.06.04	00:08:54.483		0.79243			4
2026.06.04	00:08:54.784		0.79228			4
2026.06.04	00:08:55.434		0.79243			4
2026.06.04	00:08:55.735		0.79228			4
2026.06.04	00:08:56.134		0.79243			4
2026.06.04	00:08:56.736		0.79228			4
2026.06.04	00:08:57.513		0.79243			4
2026.06.04	00:08:57.813		0.79228			4
2026.06.04	00:08:58.175		0.79243			4
2026.06.04	00:08:58.774		0.79228			4
2026.06.04	00:08:59.194		0.79243			4
2026.06.04	00:08:59.900		0.79228			4
2026.06.04	00:09:00.475	0.79125	0.79243			6
2026.06.04	00:09:00.775		0.79228			4
2026.06.04	00:09:01.635		0.79243			4
2026.06.04	00:09:01.936		0.79228			4
2026.06.04	00:09:02.236		0.79223			4
2026.06.04	00:09:02.543		0.79243			4
2026.06.04	00:09:02.843		0.79234			4
2026.06.04	00:09:03.748		0.79243			4
2026.06.04	00:09:04.048		0.79223			4
2026.06.04	00:09:04.350		0.79234			4
2026.06.04	00:09:04.653		0.79243			4
2026.06.04	00:09:04.952		0.79228			4
2026.06.04	00:09:05.513		0.79243			4
2026.06.04	00:09:05.815		0.79228			4
2026.06.04	00:09:06.418		0.79243			4
2026.06.04	00:09:07.019		0.79228			4
2026.06.04	00:09:07.557		0.79243			4
2026.06.04	00:09:07.858		0.79228			4
2026.06.04	00:09:08.464		0.79243			4
2026.06.04	00:09:09.065		0.79228			4
2026.06.04	00:09:09.393		0.79243			4
2026.06.04	00:09:10.001		0.79228			4
2026.06.04	00:09:10.613		0.79243			4
2026.06.04	00:09:11.233		0.79228			4
2026.06.04	00:09:11.838		0.79243			4
2026.06.04	00:09:12.139		0.79228			4
2026.06.04	00:09:12.455		0.79243			4
2026.06.04	00:09:13.160		0.79228			4
2026.06.04	00:09:13.676		0.79243			4
2026.06.04	00:09:14.276		0.79228			4
2026.06.04	00:09:14.696		0.79243			4
2026.06.04	00:09:15.299		0.79228			4
2026.06.04	00:09:15.716		0.79243			4
2026.06.04	00:09:16.019		0.79228			4
2026.06.04	00:09:16.620		0.79243			4
2026.06.04	00:09:17.224		0.79228			4
2026.06.04	00:09:17.757		0.79243			4
2026.06.04	00:09:18.057		0.79228			4
2026.06.04	00:09:18.661		0.79243			4
2026.06.04	00:09:19.263		0.79228			4
2026.06.04	00:09:19.693		0.79243			4
2026.06.04	00:09:20.399		0.79228			4
2026.06.04	00:09:20.816		0.79243			4
2026.06.04	00:09:21.439		0.79228			4
2026.06.04	00:09:22.035		0.79243			4
2026.06.04	00:09:22.338		0.79228			4
2026.06.04	00:09:22.656		0.79243			4
2026.06.04	00:09:23.361		0.79228			4
2026.06.04	00:09:23.875		0.79243			4
2026.06.04	00:09:24.482		0.79228			4
2026.06.04	00:09:24.894		0.79243			4
2026.06.04	00:09:25.504		0.79228			4
2026.06.04	00:09:25.931		0.79243			4
2026.06.04	00:09:26.231		0.79228			4
2026.06.04	00:09:26.837		0.79243			4
2026.06.04	00:09:27.440		0.79228			4
2026.06.04	00:09:27.956		0.79243			4
2026.06.04	00:09:28.256		0.79228			4
2026.06.04	00:09:28.858		0.79243			4
2026.06.04	00:09:29.460		0.79228			4
2026.06.04	00:09:29.795		0.79243			4
2026.06.04	00:09:30.501		0.79228			4
2026.06.04	00:09:31.015		0.79243			4
2026.06.04	00:09:31.638		0.79228			4
2026.06.04	00:09:32.235		0.79243			4
2026.06.04	00:09:32.537		0.79228			4
2026.06.04	00:09:32.855		0.79243			4
2026.06.04	00:09:33.560		0.79228			4
2026.06.04	00:09:34.076		0.79243			4
2026.06.04	00:09:34.677		0.79228			4
2026.06.04	00:09:35.094		0.79243			4
2026.06.04	00:09:35.699		0.79228			4
2026.06.04	00:09:36.116		0.79243			4
2026.06.04	00:09:36.418		0.79228			4
2026.06.04	00:09:37.020		0.79248			4
2026.06.04	00:09:37.622		0.79228			4
2026.06.04	00:09:38.154		0.79248			4
2026.06.04	00:09:38.453		0.79228			4
2026.06.04	00:09:39.060		0.79248			4
2026.06.04	00:09:39.661		0.79228			4
2026.06.04	00:09:39.996		0.79248			4
2026.06.04	00:09:40.699		0.79228			4
2026.06.04	00:09:41.216		0.79248			4
2026.06.04	00:09:41.834		0.79228			4
2026.06.04	00:09:42.434		0.79248			4
2026.06.04	00:09:42.735		0.79228			4
2026.06.04	00:09:43.055		0.79248			4
2026.06.04	00:09:43.763		0.79228			4
2026.06.04	00:09:44.275		0.79248			4
2026.06.04	00:09:44.876		0.79228			4
2026.06.04	00:09:45.294		0.79248			4
2026.06.04	00:09:45.907		0.79228			4
2026.06.04	00:09:46.315		0.79248			4
2026.06.04	00:09:46.617		0.79228			4
2026.06.04	00:09:47.220		0.79248			4
2026.06.04	00:09:47.824		0.79228			4
2026.06.04	00:09:48.354		0.79248			4
2026.06.04	00:09:48.659		0.79228			4
2026.06.04	00:09:49.264		0.79248			4
2026.06.04	00:09:49.864		0.79228			4
2026.06.04	00:09:50.195		0.79248			4
2026.06.04	00:09:50.899		0.79228			4
2026.06.04	00:09:51.412		0.79248			4
2026.06.04	00:09:52.034		0.79228			4
2026.06.04	00:09:52.634		0.79248			4
2026.06.04	00:09:52.934		0.79228			4
2026.06.04	00:09:53.254		0.79248			4
2026.06.04	00:09:53.959		0.79228			4
2026.06.04	00:09:54.473		0.79248			4
2026.06.04	00:09:55.077		0.79228			4
2026.06.04	00:09:55.493		0.79248			4
2026.06.04	00:09:56.094		0.79228			4
2026.06.04	00:09:56.515		0.79248			4
2026.06.04	00:09:56.816		0.79228			4
2026.06.04	00:09:57.420		0.79248			4
2026.06.04	00:09:58.021		0.79228			4
2026.06.04	00:09:58.560		0.79248			4
2026.06.04	00:09:58.860		0.79228			4
2026.06.04	00:09:59.462		0.79248			4
2026.06.04	00:10:00.062	0.79125	0.79228			6
2026.06.04	00:10:00.362		0.79235			4
2026.06.04	00:10:00.664		0.79248			4
2026.06.04	00:10:00.964		0.79235			4
2026.06.04	00:10:01.698		0.79248			4
2026.06.04	00:10:01.999		0.79235			4
2026.06.04	00:10:02.837		0.79248			4
2026.06.04	00:10:03.143		0.79235			4
2026.06.04	00:10:03.455		0.79248			4
2026.06.04	00:10:04.160		0.79235			4
2026.06.04	00:10:04.676		0.79248			4
2026.06.04	00:10:05.277		0.79235			4
2026.06.04	00:10:05.703		0.79248			4
2026.06.04	00:10:06.003		0.79235			4
2026.06.04	00:10:06.713		0.79248			4
2026.06.04	00:10:07.015		0.79235			4
2026.06.04	00:10:07.615		0.79248			4
2026.06.04	00:10:08.219		0.79235			4
2026.06.04	00:10:08.756		0.79248			4
2026.06.04	00:10:09.056		0.79235			4
2026.06.04	00:10:09.657		0.79248			4
2026.06.04	00:10:10.261		0.79235			4
2026.06.04	00:10:10.861		0.79248			4
2026.06.04	00:10:11.161		0.79235			4
2026.06.04	00:10:11.814		0.79248			4
2026.06.04	00:10:12.434		0.79235			4
2026.06.04	00:10:13.034		0.79248			4
2026.06.04	00:10:13.337		0.79235			4
2026.06.04	00:10:15.372	0.79166	0.79221			6
2026.06.04	00:10:56.856	0.79073	0.79255			6
2026.06.04	00:10:57.161		0.79263			4
2026.06.04	00:10:58.163	0.79125	0.79234			6
2026.06.04	00:10:58.763		0.79248			4
2026.06.04	00:10:59.364		0.79234			4
2026.06.04	00:10:59.802		0.79248			4
2026.06.04	00:11:00.102	0.79125	0.79234			6
2026.06.04	00:11:00.703		0.79248			4
2026.06.04	00:11:01.003		0.79234			4
2026.06.04	00:11:01.604		0.79248			4
2026.06.04	00:11:02.205		0.79234			4
2026.06.04	00:11:02.816		0.79248			4
2026.06.04	00:11:03.440		0.79234			4
2026.06.04	00:11:04.654		0.79248			4
2026.06.04	00:11:05.358		0.79234			4
2026.06.04	00:11:05.875		0.79248			4
2026.06.04	00:11:06.476		0.79234			4
2026.06.04	00:11:06.895		0.79248			4
2026.06.04	00:11:07.199		0.79234			4
2026.06.04	00:11:07.915		0.79248			4
2026.06.04	00:11:08.219		0.79234			4
2026.06.04	00:11:08.821		0.79248			4
2026.06.04	00:11:09.421		0.79234			4
2026.06.04	00:11:09.955		0.79248			4
2026.06.04	00:11:10.257		0.79234			4
2026.06.04	00:11:10.859		0.79248			4
2026.06.04	00:11:11.459		0.79234			4
2026.06.04	00:11:11.793		0.79248			4
2026.06.04	00:11:12.498		0.79234			4
2026.06.04	00:11:13.015		0.79248			4
2026.06.04	00:11:13.634		0.79234			4
2026.06.04	00:11:14.237		0.79248			4
2026.06.04	00:11:14.540		0.79234			4
2026.06.04	00:11:14.855		0.79248			4
2026.06.04	00:11:15.559		0.79234			4
2026.06.04	00:11:16.076		0.79248			4
2026.06.04	00:11:16.677		0.79234			4
2026.06.04	00:11:17.383		0.79248			4
2026.06.04	00:11:17.683		0.79234			4
2026.06.04	00:11:18.132		0.79248			4
2026.06.04	00:11:18.433		0.79234			4
2026.06.04	00:11:19.034		0.79248			4
2026.06.04	00:11:19.639		0.79234			4
2026.06.04	00:11:20.155		0.79248			4
2026.06.04	00:11:20.456		0.79234			4
2026.06.04	00:11:21.057		0.79248			4
2026.06.04	00:11:21.661		0.79234			4
2026.06.04	00:11:21.993		0.79248			4
2026.06.04	00:11:22.697		0.79234			4
2026.06.04	00:11:23.216		0.79248			4
2026.06.04	00:11:23.835		0.79234			4
2026.06.04	00:11:24.434		0.79248			4
2026.06.04	00:11:24.735		0.79234			4
2026.06.04	00:11:25.054		0.79248			4
2026.06.04	00:11:25.766		0.79234			4
2026.06.04	00:11:26.276		0.79248			4
2026.06.04	00:11:26.880		0.79234			4
2026.06.04	00:11:27.481		0.79248			4
2026.06.04	00:11:27.782		0.79234			4
2026.06.04	00:11:28.397		0.79248			4
2026.06.04	00:11:28.697		0.79234			4
2026.06.04	00:11:29.134		0.79248			4
2026.06.04	00:11:29.739		0.79234			4
2026.06.04	00:11:30.355		0.79248			4
2026.06.04	00:11:30.655		0.79234			4
2026.06.04	00:11:31.260		0.79248			4
2026.06.04	00:11:31.860		0.79234			4
2026.06.04	00:11:32.194		0.79248			4
2026.06.04	00:11:32.900		0.79234			4
2026.06.04	00:11:33.415		0.79248			4
2026.06.04	00:11:34.038		0.79234			4
2026.06.04	00:11:34.635		0.79248			4
2026.06.04	00:11:34.936		0.79234			4
2026.06.04	00:11:35.263		0.79248			4
2026.06.04	00:11:35.969		0.79234			4
2026.06.04	00:11:36.571		0.79248			4
2026.06.04	00:11:36.872		0.79235			4
2026.06.04	00:11:37.502		0.79248			4
2026.06.04	00:11:38.102		0.79235			4
2026.06.04	00:11:38.517		0.79248			4
2026.06.04	00:11:38.817		0.79235			4
2026.06.04	00:11:39.418		0.79248			4
2026.06.04	00:11:40.018		0.79235			4
2026.06.04	00:11:40.557		0.79248			4
2026.06.04	00:11:40.858		0.79235			4
2026.06.04	00:11:41.460		0.79248			4
2026.06.04	00:11:42.062		0.79235			4
2026.06.04	00:11:42.403		0.79248			4
2026.06.04	00:11:43.108		0.79235			4
2026.06.04	00:11:43.614		0.79248			4
2026.06.04	00:11:44.235		0.79235			4
2026.06.04	00:11:44.836		0.79248			4
2026.06.04	00:11:45.138		0.79235			4
2026.06.04	00:11:45.455		0.79248			4
2026.06.04	00:11:46.159		0.79235			4
2026.06.04	00:11:46.675		0.79248			4
2026.06.04	00:11:47.278		0.79235			4
2026.06.04	00:11:47.694		0.79248			4
2026.06.04	00:11:48.301		0.79235			4
2026.06.04	00:11:48.716		0.79248			4
2026.06.04	00:11:49.017		0.79235			4
2026.06.04	00:11:49.618		0.79248			4
2026.06.04	00:11:50.218		0.79235			4
2026.06.04	00:11:50.755		0.79248			4
2026.06.04	00:11:51.056		0.79235			4
2026.06.04	00:11:51.660		0.79248			4
2026.06.04	00:11:52.261		0.79235			4
2026.06.04	00:11:52.593		0.79248			4
2026.06.04	00:11:53.300		0.79235			4
2026.06.04	00:11:53.815		0.79248			4
2026.06.04	00:11:54.438		0.79235			4
2026.06.04	00:11:55.038		0.79248			4
2026.06.04	00:11:55.339		0.79235			4
2026.06.04	00:11:55.654		0.79248			4
2026.06.04	00:11:56.359		0.79235			4
2026.06.04	00:11:56.875		0.79248			4
2026.06.04	00:11:57.477		0.79235			4
2026.06.04	00:11:57.896		0.79248			4
2026.06.04	00:11:58.501		0.79235			4
2026.06.04	00:11:58.916		0.79248			4
2026.06.04	00:11:59.216		0.79235			4
2026.06.04	00:11:59.817		0.79248			4
2026.06.04	00:12:00.118	0.79125				2
2026.06.04	00:12:00.418		0.79235			4
2026.06.04	00:12:00.959		0.79248			4
2026.06.04	00:12:01.259		0.79235			4
2026.06.04	00:12:01.859		0.79248			4
2026.06.04	00:12:02.460		0.79235			4
2026.06.04	00:12:02.796		0.79248			4
2026.06.04	00:12:03.501		0.79235			4
2026.06.04	00:12:04.015		0.79248			4
2026.06.04	00:12:04.634		0.79235			4
2026.06.04	00:12:05.236		0.79248			4
2026.06.04	00:12:05.538		0.79235			4
2026.06.04	00:12:05.855		0.79248			4
2026.06.04	00:12:06.562		0.79235			4
2026.06.04	00:12:07.077		0.79248			4
2026.06.04	00:12:07.378		0.79235			4
2026.06.04	00:12:07.677		0.79237			4
2026.06.04	00:12:08.286		0.79248			4
2026.06.04	00:12:08.586		0.79235			4
2026.06.04	00:12:09.168		0.79248			4
2026.06.04	00:12:09.468		0.79235			4
2026.06.04	00:12:10.071		0.79248			4
2026.06.04	00:12:10.374		0.79235			4
2026.06.04	00:12:10.674		0.79233			4
2026.06.04	00:12:11.155		0.79248			4
2026.06.04	00:12:11.455		0.79233			4
2026.06.04	00:12:12.059		0.79248			4
2026.06.04	00:12:12.660		0.79234			4
2026.06.04	00:12:12.997		0.79248			4
2026.06.04	00:12:13.701		0.79234			4
2026.06.04	00:12:14.214		0.79248			4
2026.06.04	00:12:14.833		0.79234			4
2026.06.04	00:12:15.433		0.79248			4
2026.06.04	00:12:15.734		0.79234			4
2026.06.04	00:12:16.053		0.79248			4
2026.06.04	00:12:16.765		0.79234			4
2026.06.04	00:12:17.274		0.79248			4
2026.06.04	00:12:17.874		0.79234			4
2026.06.04	00:12:18.202		0.79248			4
2026.06.04	00:12:18.807		0.79235			4
2026.06.04	00:12:19.314		0.79248			4
2026.06.04	00:12:19.614		0.79235			4
2026.06.04	00:12:20.214		0.79248			4
2026.06.04	00:12:20.817		0.79235			4
2026.06.04	00:12:21.356		0.79248			4
2026.06.04	00:12:21.657		0.79235			4
2026.06.04	00:12:22.258		0.79248			4
2026.06.04	00:12:22.859		0.79235			4
2026.06.04	00:12:23.193		0.79248			4
2026.06.04	00:12:23.898		0.79235			4
2026.06.04	00:12:24.417		0.79248			4
2026.06.04	00:12:25.034		0.79235			4
2026.06.04	00:12:26.538		0.79248			4
2026.06.04	00:12:26.839		0.79235			4
2026.06.04	00:12:27.474		0.79248			4
2026.06.04	00:12:28.076		0.79235			4
2026.06.04	00:12:28.496		0.79248			4
2026.06.04	00:12:28.796		0.79235			4
2026.06.04	00:12:29.513		0.79248			4
2026.06.04	00:12:29.814		0.79235			4
2026.06.04	00:12:30.415		0.79248			4
2026.06.04	00:12:31.019		0.79235			4
2026.06.04	00:12:31.554		0.79248			4
2026.06.04	00:12:31.855		0.79235			4
2026.06.04	00:12:32.457		0.79248			4
2026.06.04	00:12:33.061		0.79235			4
2026.06.04	00:12:33.395		0.79248			4
2026.06.04	00:12:34.107		0.79235			4
2026.06.04	00:12:34.618		0.79248			4
2026.06.04	00:12:35.250		0.79235			4
2026.06.04	00:12:35.851		0.79248			4
2026.06.04	00:12:36.151		0.79235			4
2026.06.04	00:12:36.455		0.79248			4
2026.06.04	00:12:37.161		0.79235			4
2026.06.04	00:12:37.673		0.79248			4
2026.06.04	00:12:38.274		0.79235			4
2026.06.04	00:12:38.696		0.79248			4
2026.06.04	00:12:38.997		0.79235			4
2026.06.04	00:12:39.899		0.79248			4
2026.06.04	00:12:40.199		0.79235			4
2026.06.04	00:12:40.533		0.79248			4
2026.06.04	00:12:41.137		0.79235			4
2026.06.04	00:12:41.755		0.79248			4
2026.06.04	00:12:42.056		0.79235			4
2026.06.04	00:12:42.658		0.79248			4
2026.06.04	00:12:43.258		0.79235			4
2026.06.04	00:12:43.596		0.79248			4
2026.06.04	00:12:44.197		0.79235			4
2026.06.04	00:12:44.814		0.79248			4
2026.06.04	00:12:45.437		0.79235			4
2026.06.04	00:12:46.036		0.79248			4
2026.06.04	00:13:00.215	0.79125				2
2026.06.04	00:13:08.758		0.79235			4
2026.06.04	00:13:09.097		0.79248			4
2026.06.04	00:13:09.397		0.79235			4
2026.06.04	00:13:09.999		0.79248			4
2026.06.04	00:13:10.300		0.79235			4
2026.06.04	00:13:27.269		0.79233			4
2026.06.04	00:13:29.292		0.79234			4
2026.06.04	00:13:30.312		0.79235			4
2026.06.04	00:13:32.354		0.79240			4
2026.06.04	00:13:33.374		0.79234			4
2026.06.04	00:13:34.394		0.79235			4
2026.06.04	00:13:42.854		0.79226			4
2026.06.04	00:13:43.454		0.79225			4
2026.06.04	00:13:44.594		0.79226			4
2026.06.04	00:13:45.616		0.79225			4
2026.06.04	00:13:45.917		0.79226			4
2026.06.04	00:13:46.634		0.79225			4
2026.06.04	00:13:46.934		0.79226			4
2026.06.04	00:13:47.654		0.79225			4
2026.06.04	00:13:47.953		0.79226			4
2026.06.04	00:13:48.675		0.79224			4
2026.06.04	00:13:48.974		0.79226			4
2026.06.04	00:13:49.694		0.79224			4
2026.06.04	00:13:49.995		0.79226			4
2026.06.04	00:13:50.715		0.79225			4
2026.06.04	00:13:51.016		0.79226			4
2026.06.04	00:13:51.733		0.79225			4
2026.06.04	00:13:52.033		0.79226			4
2026.06.04	00:13:52.754		0.79225			4
2026.06.04	00:13:53.054		0.79226			4
2026.06.04	00:13:53.774		0.79224			4
2026.06.04	00:13:54.075		0.79226			4
2026.06.04	00:13:54.792		0.79224			4
2026.06.04	00:13:55.092		0.79226			4
2026.06.04	00:13:55.829		0.79225			4
2026.06.04	00:13:58.154		0.79226			4
2026.06.04	00:13:58.873		0.79228			4
2026.06.04	00:13:59.173		0.79226			4
2026.06.04	00:13:59.892		0.79224			4
2026.06.04	00:14:00.191	0.79125	0.79226			6
2026.06.04	00:14:00.913		0.79225			4
2026.06.04	00:14:01.213		0.79226			4
2026.06.04	00:14:01.934		0.79225			4
2026.06.04	00:14:02.234		0.79226			4
2026.06.04	00:14:02.955		0.79225			4
2026.06.04	00:14:03.255		0.79226			4
2026.06.04	00:14:03.976		0.79225			4
2026.06.04	00:14:04.994		0.79232			4
2026.06.04	00:14:07.036		0.79225			4
2026.06.04	00:14:09.073		0.79226			4
2026.06.04	00:14:10.093		0.79225			4
2026.06.04	00:14:12.434		0.79226			4
2026.06.04	00:14:13.043		0.79225			4
2026.06.04	00:14:14.174		0.79228			4
2026.06.04	00:14:15.192		0.79225			4
2026.06.04	00:14:15.493		0.79231			4
2026.06.04	00:14:16.217		0.79228			4
2026.06.04	00:14:17.186		0.79225			4
2026.06.04	00:14:18.253		0.79228			4
2026.06.04	00:14:20.292		0.79225			4
2026.06.04	00:14:20.591		0.79232			4
2026.06.04	00:14:21.313		0.79225			4
2026.06.04	00:14:24.376		0.79228			4
2026.06.04	00:14:25.392		0.79225			4
2026.06.04	00:14:27.432		0.79231			4
2026.06.04	00:14:28.454		0.79225			4
2026.06.04	00:14:30.495		0.79232			4
2026.06.04	00:14:32.537		0.79226			4
2026.06.04	00:14:33.554		0.79225			4
2026.06.04	00:14:33.855		0.79232			4
2026.06.04	00:14:34.575		0.79225			4
2026.06.04	00:14:34.882		0.79231			4
2026.06.04	00:14:35.593		0.79224			4
2026.06.04	00:14:35.893		0.79231			4
2026.06.04	00:14:36.618		0.79225			4
2026.06.04	00:14:36.918		0.79226			4
2026.06.04	00:14:37.637		0.79224			4
2026.06.04	00:14:37.937		0.79226			4
2026.06.04	00:14:38.576		0.79224			4
2026.06.04	00:14:38.875		0.79226			4
2026.06.04	00:14:39.675		0.79224			4
2026.06.04	00:14:39.977		0.79226			4
2026.06.04	00:14:40.693		0.79228			4
2026.06.04	00:14:41.714		0.79225			4
2026.06.04	00:14:42.013		0.79231			4
2026.06.04	00:14:42.745		0.79225			4
2026.06.04	00:14:43.753		0.79226			4
2026.06.04	00:14:44.774		0.79224			4
2026.06.04	00:14:45.074		0.79226			4
2026.06.04	00:14:45.801		0.79224			4
2026.06.04	00:14:46.101		0.79226			4
2026.06.04	00:14:46.814		0.79224			4
2026.06.04	00:14:47.115		0.79226			4
2026.06.04	00:14:47.833		0.79224			4
2026.06.04	00:14:48.133		0.79226			4
2026.06.04	00:14:48.852		0.79225			4
2026.06.04	00:14:49.152		0.79231			4
2026.06.04	00:14:49.874		0.79225			4
2026.06.04	00:14:50.174		0.79226			4
2026.06.04	00:14:50.892		0.79224			4
2026.06.04	00:14:51.192		0.79226			4
2026.06.04	00:14:51.912		0.79224			4
2026.06.04	00:14:52.213		0.79226			4
2026.06.04	00:14:52.814		0.79224			4
2026.06.04	00:14:53.118		0.79226			4
2026.06.04	00:14:53.446	0.79138				2
2026.06.04	00:14:53.747		0.79232			4
2026.06.04	00:14:54.975		0.79227			4
2026.06.04	00:14:55.993		0.79231			4
2026.06.04	00:14:57.014		0.79227			4
2026.06.04	00:14:58.035		0.79225			4
2026.06.04	00:14:59.058		0.79227			4
2026.06.04	00:15:00.074	0.79138	0.79232			6
2026.06.04	00:15:01.103		0.79230			4
2026.06.04	00:15:01.628		0.79243			4
2026.06.04	00:15:01.927		0.79245			4
2026.06.04	00:15:24.561		0.79236			4
2026.06.04	00:16:00.255	0.79138				2
2026.06.04	00:16:19.255		0.79240			4
2026.06.04	00:16:29.417	0.79146	0.79244			6
2026.06.04	00:17:00.133	0.79146				2
2026.06.04	00:17:00.434		0.79234			4
2026.06.04	00:17:04.513	0.79138	0.79242			6
2026.06.04	00:17:10.218	0.79146	0.79246			6
2026.06.04	00:17:41.234		0.79234			4
2026.06.04	00:18:00.193	0.79146				2
2026.06.04	00:18:35.935		0.79238			4
2026.06.04	00:19:00.073	0.79146				2
2026.06.04	00:19:36.194		0.79238			4
2026.06.04	00:20:00.255	0.79146				2
2026.06.04	00:20:26.054		0.79237			4
2026.06.04	00:21:00.134	0.79146				2
2026.06.04	00:21:21.138		0.79238			4
2026.06.04	00:22:00.013	0.79146				2
2026.06.04	00:22:21.446		0.79238			4
2026.06.04	00:22:31.513	0.79160	0.79255			6
2026.06.04	00:22:31.814	0.79153	0.79253			6
2026.06.04	00:23:00.018	0.79153				2
2026.06.04	00:23:03.021	0.79154	0.79242			6
2026.06.04	00:23:57.835		0.79247			4
2026.06.04	00:24:00.033	0.79154				2
2026.06.04	00:24:57.838		0.79247			4
2026.06.04	00:25:00.352	0.79154				2
2026.06.04	00:25:57.881		0.79247			4
2026.06.04	00:26:00.235	0.79154				2
2026.06.04	00:26:43.074		0.79245			4
2026.06.04	00:27:00.152	0.79154				2
2026.06.04	00:27:43.094		0.79245			4
2026.06.04	00:28:00.037	0.79154				2
2026.06.04	00:28:23.648	0.79149	0.79252			6
2026.06.04	00:28:29.154		0.79251			4
2026.06.04	00:28:44.453		0.79250			4
2026.06.04	00:28:55.127		0.79238			4
2026.06.04	00:29:00.221	0.79149				2
2026.06.04	00:29:49.978		0.79239			4
2026.06.04	00:30:00.070	0.79149				2
2026.06.04	00:30:31.780	0.79154				2
2026.06.04	00:30:32.082	0.79149				2
2026.06.04	00:30:32.384	0.79155				2
2026.06.04	00:30:32.682	0.79149				2
2026.06.04	00:30:33.286	0.79154				2
2026.06.04	00:30:33.586	0.79149				2
2026.06.04	00:30:34.188	0.79154				2
2026.06.04	00:30:34.487	0.79149				2
2026.06.04	00:30:34.788	0.79154				2
2026.06.04	00:30:35.389	0.79149				2
2026.06.04	00:30:45.069		0.79238			4
2026.06.04	00:31:00.170	0.79149				2
2026.06.04	00:31:39.924		0.79237			4
2026.06.04	00:31:43.531		0.79244			4
2026.06.04	00:32:00.083	0.79149				2
2026.06.04	00:32:43.725		0.79244			4
2026.06.04	00:33:00.050	0.79149				2
2026.06.04	00:33:33.548		0.79239			4
2026.06.04	00:34:00.269	0.79149				2
2026.06.04	00:34:28.388		0.79238			4
2026.06.04	00:35:00.131	0.79149				2
2026.06.04	00:35:23.321		0.79239			4
2026.06.04	00:36:00.199	0.79149				2
2026.06.04	00:36:23.494		0.79239			4
2026.06.04	00:37:00.220	0.79149				2
2026.06.04	00:37:13.274		0.79238			4
2026.06.04	00:38:00.070	0.79149				2
2026.06.04	00:38:08.483		0.79240			4
2026.06.04	00:39:00.454	0.79149				2
2026.06.04	00:39:03.394		0.79237			4
2026.06.04	00:39:58.488		0.79238			4
2026.06.04	00:40:00.213	0.79149				2
2026.06.04	00:40:53.554		0.79237			4
2026.06.04	00:41:00.095	0.79149				2
2026.06.04	00:41:25.735		0.79236			4
2026.06.04	00:41:56.850		0.79235			4
2026.06.04	00:41:59.117		0.79236			4
2026.06.04	00:42:00.019	0.79149	0.79235			6
2026.06.04	00:43:00.173	0.79149	0.79235			6
2026.06.04	00:43:17.112		0.79234			4
2026.06.04	00:43:18.013		0.79235			4
2026.06.04	00:43:20.971		0.79234			4
2026.06.04	00:44:00.215	0.79149				2
2026.06.04	00:44:13.475	0.79156				2
2026.06.04	00:44:21.332		0.79234			4
2026.06.04	00:44:44.858	0.79154				2
2026.06.04	00:44:48.937		0.79227			4
2026.06.04	00:44:55.914		0.79222			4
2026.06.04	00:45:00.202	0.79154				2
2026.06.04	00:45:00.502		0.79224			4
2026.06.04	00:45:00.803		0.79221			4
2026.06.04	00:45:01.403		0.79222			4
2026.06.04	00:45:02.913	0.79127	0.79231			6
2026.06.04	00:45:04.417		0.79230			4
2026.06.04	00:45:05.618		0.79231			4
2026.06.04	00:45:05.918	0.79154	0.79222			6
2026.06.04	00:45:08.555		0.79220			4
2026.06.04	00:45:08.856		0.79221			4
2026.06.04	00:45:09.917		0.79222			4
2026.06.04	00:45:10.518		0.79221			4
2026.06.04	00:45:10.818		0.79222			4
2026.06.04	00:45:11.954		0.79221			4
2026.06.04	00:45:14.032		0.79222			4
2026.06.04	00:45:19.682		0.79224			4
2026.06.04	00:45:19.983		0.79222			4
2026.06.04	00:45:26.204		0.79223			4
2026.06.04	00:45:27.333		0.79222			4
2026.06.04	00:45:36.394		0.79224			4
2026.06.04	00:45:37.434		0.79223			4
2026.06.04	00:45:39.385		0.79222			4
2026.06.04	00:45:41.613		0.79223			4
2026.06.04	00:45:55.177		0.79228			4
2026.06.04	00:45:57.934		0.79226			4
2026.06.04	00:45:58.233		0.79228			4
2026.06.04	00:46:00.279	0.79154				2
2026.06.04	00:46:08.597		0.79229			4
2026.06.04	00:46:08.899		0.79228			4
2026.06.04	00:46:11.494		0.79232			4
2026.06.04	00:46:28.794		0.79233			4
2026.06.04	00:46:35.085	0.79159				2
2026.06.04	00:46:40.020		0.79234			4
2026.06.04	00:46:54.593		0.79235			4
2026.06.04	00:46:58.744		0.79236			4
2026.06.04	00:46:59.044		0.79235			4
2026.06.04	00:47:00.298	0.79159				2
2026.06.04	00:47:02.757	0.79128	0.79242			6
2026.06.04	00:47:04.866		0.79241			4
2026.06.04	00:47:05.766	0.79159	0.79235			6
2026.06.04	00:47:27.232		0.79237			4
2026.06.04	00:47:29.461		0.79241			4
2026.06.04	00:47:29.761		0.79237			4
2026.06.04	00:47:30.062	0.79160				2
2026.06.04	00:47:30.363		0.79238			4
2026.06.04	00:47:31.300		0.79237			4
2026.06.04	00:47:32.333		0.79238			4
2026.06.04	00:47:32.633		0.79239			4
2026.06.04	00:47:33.353		0.79238			4
2026.06.04	00:47:34.973		0.79240			4
2026.06.04	00:47:46.614		0.79241			4
2026.06.04	00:47:47.514		0.79240			4
2026.06.04	00:48:00.174	0.79160				2
2026.06.04	00:48:03.914		0.79241			4
2026.06.04	00:48:11.335		0.79242			4
2026.06.04	00:48:15.658		0.79243			4
2026.06.04	00:48:16.258		0.79242			4
2026.06.04	00:48:16.559		0.79243			4
2026.06.04	00:48:21.755		0.79244			4
2026.06.04	00:48:33.515		0.79243			4
2026.06.04	00:48:34.116		0.79245			4
2026.06.04	00:48:35.294		0.79246			4
2026.06.04	00:48:35.764		0.79244			4
2026.06.04	00:48:36.064		0.79247			4
2026.06.04	00:48:36.364		0.79246			4
2026.06.04	00:48:40.054		0.79249			4
2026.06.04	00:48:40.353		0.79246			4
2026.06.04	00:48:41.537		0.79247			4
2026.06.04	00:48:42.142		0.79248			4
2026.06.04	00:48:42.743		0.79249			4
2026.06.04	00:49:00.173	0.79160				2
2026.06.04	00:49:20.003		0.79250			4
2026.06.04	00:49:56.655		0.79249			4
2026.06.04	00:49:57.261		0.79250			4
2026.06.04	00:49:57.561		0.79249			4
2026.06.04	00:49:58.762		0.79248			4
2026.06.04	00:50:00.264	0.79160				2
2026.06.04	00:50:01.465		0.79249			4
2026.06.04	00:50:02.066		0.79248			4
2026.06.04	00:50:02.666		0.79247			4
2026.06.04	00:50:04.768		0.79250			4
2026.06.04	00:50:05.070		0.79249			4
2026.06.04	00:50:06.592		0.79248			4
2026.06.04	00:50:07.492		0.79249			4
2026.06.04	00:50:09.669		0.79246			4
2026.06.04	00:50:10.572		0.79250			4
2026.06.04	00:50:10.872		0.79249			4
2026.06.04	00:50:11.778		0.79248			4
2026.06.04	00:50:12.381		0.79246			4
2026.06.04	00:50:12.681		0.79248			4
2026.06.04	00:50:12.981		0.79247			4
2026.06.04	00:50:16.887		0.79249			4
2026.06.04	00:50:17.187		0.79247			4
2026.06.04	00:50:17.487		0.79249			4
2026.06.04	00:50:18.389		0.79246			4
2026.06.04	00:50:19.290		0.79247			4
2026.06.04	00:50:21.136		0.79248			4
2026.06.04	00:50:21.440		0.79246			4
2026.06.04	00:50:27.835		0.79245			4
2026.06.04	00:50:35.252		0.79244			4
2026.06.04	00:50:44.794		0.79243			4
2026.06.04	00:50:55.393		0.79242			4
2026.06.04	00:51:00.076	0.79160				2
2026.06.04	00:51:10.403		0.79243			4
2026.06.04	00:51:10.704		0.79244			4
2026.06.04	00:51:11.004	0.79163				2
2026.06.04	00:51:11.305		0.79245			4
2026.06.04	00:51:14.020		0.79246			4
2026.06.04	00:51:15.419		0.79245			4
2026.06.04	00:51:16.147		0.79247			4
2026.06.04	00:51:16.448		0.79246			4
2026.06.04	00:51:16.748		0.79249			4
2026.06.04	00:51:17.047		0.79244			4
2026.06.04	00:51:18.318		0.79249			4
2026.06.04	00:51:18.618		0.79245			4
2026.06.04	00:51:24.009		0.79244			4
2026.06.04	00:51:39.472		0.79243			4
2026.06.04	00:51:40.073		0.79244			4
2026.06.04	00:51:42.782		0.79249			4
2026.06.04	00:51:43.082		0.79250			4
2026.06.04	00:51:43.384		0.79246			4
2026.06.04	00:51:48.667		0.79245			4
2026.06.04	00:51:48.969		0.79243			4
2026.06.04	00:51:49.269		0.79245			4
2026.06.04	00:51:49.569		0.79244			4
2026.06.04	00:51:50.172		0.79245			4
2026.06.04	00:51:51.373		0.79246			4
2026.06.04	00:51:51.973		0.79245			4
2026.06.04	00:51:52.274		0.79246			4
2026.06.04	00:51:52.575		0.79245			4
2026.06.04	00:51:52.875		0.79246			4
2026.06.04	00:51:53.177		0.79245			4
2026.06.04	00:51:53.476		0.79246			4
2026.06.04	00:51:53.777		0.79252			4
2026.06.04	00:51:54.078		0.79249			4
2026.06.04	00:51:54.980		0.79247			4
2026.06.04	00:52:00.163	0.79163				2
2026.06.04	00:52:04.177		0.79246			4
2026.06.04	00:52:04.477		0.79247			4
2026.06.04	00:52:09.249		0.79246			4
2026.06.04	00:52:20.116		0.79244			4
2026.06.04	00:52:20.417		0.79246			4
2026.06.04	00:52:25.240		0.79245			4
2026.06.04	00:52:47.648		0.79246			4
2026.06.04	00:52:48.257		0.79245			4
2026.06.04	00:52:48.964		0.79243			4
2026.06.04	00:52:49.264		0.79244			4
2026.06.04	00:53:00.744	0.79163				2
2026.06.04	00:53:36.624		0.79245			4
2026.06.04	00:53:37.699		0.79246			4
2026.06.04	00:53:37.999		0.79245			4
2026.06.04	00:53:39.699		0.79246			4
2026.06.04	00:53:40.002		0.79245			4
2026.06.04	00:54:00.241	0.79163				2
2026.06.04	00:54:06.819		0.79246			4
2026.06.04	00:54:07.119		0.79244			4
2026.06.04	00:54:07.420		0.79245			4
2026.06.04	00:54:07.720		0.79246			4
2026.06.04	00:54:08.020		0.79245			4
2026.06.04	00:54:08.948		0.79244			4
2026.06.04	00:54:10.816		0.79245			4
2026.06.04	00:54:12.616		0.79244			4
2026.06.04	00:54:17.040		0.79245			4
2026.06.04	00:54:24.020		0.79247			4
2026.06.04	00:54:28.195	0.79173				2
2026.06.04	00:54:28.496		0.79254			4
2026.06.04	00:54:30.016		0.79255			4
2026.06.04	00:54:33.070		0.79251			4
2026.06.04	00:54:34.244		0.79250			4
2026.06.04	00:54:40.598	0.79164				2
2026.06.04	00:54:40.899		0.79247			4
2026.06.04	00:54:51.157		0.79248			4
2026.06.04	00:54:51.461		0.79247			4
2026.06.04	00:54:52.516		0.79246			4
2026.06.04	00:54:54.915		0.79249			4
2026.06.04	00:54:56.037		0.79250			4
2026.06.04	00:54:56.338		0.79249			4
2026.06.04	00:54:59.526		0.79247			4
2026.06.04	00:55:00.364	0.79164	0.79248			6
2026.06.04	00:55:00.664		0.79249			4
2026.06.04	00:55:01.566		0.79250			4
2026.06.04	00:55:03.384		0.79249			4
2026.06.04	00:55:09.343	0.79122	0.79262			6
2026.06.04	00:55:09.642	0.79164	0.79249			6
2026.06.04	00:55:18.628		0.79248			4
2026.06.04	00:55:20.136		0.79249			4
2026.06.04	00:55:21.927		0.79248			4
2026.06.04	00:55:22.822		0.79249			4
2026.06.04	00:55:27.944		0.79250			4
2026.06.04	00:55:28.845		0.79249			4
2026.06.04	00:55:30.337		0.79250			4
2026.06.04	00:55:35.746	0.79166				2
2026.06.04	00:55:50.487		0.79251			4
2026.06.04	00:55:52.582	0.79160				2
2026.06.04	00:55:54.689	0.79153	0.79250			6
2026.06.04	00:55:55.888		0.79251			4
2026.06.04	00:55:57.389		0.79250			4
2026.06.04	00:56:00.095	0.79153				2
2026.06.04	00:56:04.014		0.79249			4
2026.06.04	00:56:14.235	0.79158				2
2026.06.04	00:56:17.235	0.79165				2
2026.06.04	00:56:19.350		0.79250			4
2026.06.04	00:56:22.949		0.79249			4
2026.06.04	00:56:29.857		0.79248			4
2026.06.04	00:56:30.166		0.79249			4
2026.06.04	00:56:33.174		0.79248			4
2026.06.04	00:56:48.205		0.79247			4
2026.06.04	00:57:00.224	0.79165				2
2026.06.04	00:57:09.854		0.79246			4
2026.06.04	00:58:00.066	0.79165				2
2026.06.04	00:58:09.996		0.79246			4
2026.06.04	00:58:15.400		0.79247			4
2026.06.04	00:58:31.062		0.79248			4
2026.06.04	00:58:46.099		0.79249			4
2026.06.04	00:59:00.224	0.79165				2
2026.06.04	00:59:01.127		0.79248			4
2026.06.04	00:59:02.039		0.79249			4
2026.06.04	00:59:02.337	0.79164				2
2026.06.04	00:59:29.395		0.79250			4
2026.06.04	00:59:57.363	0.79166				2
2026.06.04	01:00:00.061	0.79166				2
2026.06.04	01:00:00.374		0.79231			4
2026.06.04	01:00:00.662		0.79224			4
2026.06.04	01:00:00.974	0.79107	0.79225			6
2026.06.04	01:00:01.267	0.79110	0.79223			6
2026.06.04	01:00:01.566	0.79105				2
2026.06.04	01:00:01.868	0.79106	0.79222			6
2026.06.04	01:00:02.163	0.79181				2
2026.06.04	01:00:02.466		0.79225			4
2026.06.04	01:00:03.072	0.79169	0.79234			6
2026.06.04	01:00:03.368	0.79170				2
2026.06.04	01:00:03.671		0.79203			4
2026.06.04	01:00:03.967	0.79187	0.79190			6
2026.06.04	01:00:04.266	0.79155	0.79209			6
2026.06.04	01:00:04.570	0.79150	0.79215			6
2026.06.04	01:00:04.873	0.79145	0.79220			6
2026.06.04	01:00:06.074	0.79179	0.79230			6
2026.06.04	01:00:06.667		0.79229			4
2026.06.04	01:00:07.269	0.79176				2
2026.06.04	01:00:07.581		0.79230			4
2026.06.04	01:00:08.471		0.79229			4
2026.06.04	01:00:11.776		0.79228			4
2026.06.04	01:00:12.385	0.79175	0.79220			6
2026.06.04	01:00:12.682		0.79217			4
2026.06.04	01:00:12.982	0.79173	0.79216			6
2026.06.04	01:00:13.273		0.79232			4
2026.06.04	01:00:13.582		0.79227			4
2026.06.04	01:00:14.185	0.79172				2
2026.06.04	01:00:17.185	0.79170				2
2026.06.04	01:00:17.787	0.79172	0.79210			6
2026.06.04	01:00:18.079		0.79206			4
2026.06.04	01:00:18.385		0.79216			4
2026.06.04	01:00:18.688	0.79175	0.79219			6
2026.06.04	01:00:18.981	0.79177	0.79218			6
2026.06.04	01:00:19.280	0.79179				2
2026.06.04	01:00:19.886		0.79216			4
2026.06.04	01:00:20.489		0.79227			4
2026.06.04	01:00:20.785		0.79216			4
2026.06.04	01:00:21.093	0.79178				2
2026.06.04	01:00:21.393	0.79177	0.79218			6
2026.06.04	01:00:21.684	0.79178	0.79216			6
2026.06.04	01:00:22.288	0.79177	0.79218			6
2026.06.04	01:00:22.591	0.79178	0.79216			6
2026.06.04	01:00:24.084	0.79179	0.79214			6
2026.06.04	01:00:24.383	0.79178	0.79216			6
2026.06.04	01:00:26.204	0.79181	0.79208			6
2026.06.04	01:00:26.490	0.79178	0.79216			6
2026.06.04	01:00:26.802	0.79179	0.79214			6
2026.06.04	01:00:27.090	0.79181	0.79208			6
2026.06.04	01:00:27.398	0.79178	0.79216			6
2026.06.04	01:00:27.690	0.79181	0.79208			6
2026.06.04	01:00:28.298	0.79178	0.79216			6
2026.06.04	01:00:28.606	0.79181	0.79208			6
2026.06.04	01:00:32.198	0.79182				2
2026.06.04	01:00:32.500	0.79184				2
2026.06.04	01:00:33.098	0.79177	0.79199			6
2026.06.04	01:00:33.398		0.79198			4
2026.06.04	01:00:33.706		0.79230			4
2026.06.04	01:00:34.005	0.79182	0.79206			6
2026.06.04	01:00:34.307	0.79184	0.79208			6
2026.06.04	01:00:35.209	0.79181	0.79205			6
2026.06.04	01:00:36.104	0.79183				2
2026.06.04	01:00:36.414	0.79185	0.79208			6
2026.06.04	01:00:40.020	0.79187	0.79209			6
2026.06.04	01:00:40.620		0.79208			4
2026.06.04	01:00:44.832	0.79178	0.79232			6
2026.06.04	01:00:45.431	0.79184	0.79206			6
2026.06.04	01:00:45.725	0.79180	0.79202			6
2026.06.04	01:00:46.033	0.79184	0.79206			6
2026.06.04	01:00:46.324	0.79180	0.79202			6
2026.06.04	01:00:46.634	0.79185	0.79207			6
2026.06.04	01:00:47.536	0.79184	0.79206			6
2026.06.04	01:00:47.827	0.79180	0.79202			6
2026.06.04	01:00:48.427	0.79184	0.79206			6
2026.06.04	01:00:48.727	0.79187	0.79209			6
2026.06.04	01:00:49.025	0.79185	0.79207			6
2026.06.04	01:00:49.626	0.79184	0.79206			6
2026.06.04	01:00:50.228	0.79180	0.79202			6
2026.06.04	01:00:50.539	0.79186	0.79208			6
2026.06.04	01:00:50.831	0.79184	0.79206			6
2026.06.04	01:00:51.432	0.79186	0.79208			6
2026.06.04	01:00:51.729	0.79184	0.79206			6
2026.06.04	01:00:52.029	0.79185	0.79207			6
2026.06.04	01:00:52.342	0.79186	0.79208			6
2026.06.04	01:00:52.635	0.79184	0.79206			6
2026.06.04	01:00:52.942	0.79187	0.79209			6
2026.06.04	01:00:53.234	0.79185	0.79207			6
2026.06.04	01:00:53.535	0.79187	0.79208			6
2026.06.04	01:00:53.834	0.79185	0.79207			6
2026.06.04	01:00:54.436	0.79187	0.79208			6
2026.06.04	01:00:54.736	0.79188	0.79209			6
2026.06.04	01:00:55.035	0.79187	0.79208			6
2026.06.04	01:00:55.334	0.79188	0.79209			6
2026.06.04	01:00:55.634	0.79185	0.79207			6
2026.06.04	01:00:55.945	0.79187	0.79209			6
2026.06.04	01:00:56.237	0.79185	0.79207			6
2026.06.04	01:00:56.542	0.79187	0.79209			6
2026.06.04	01:00:56.837	0.79185	0.79207			6
2026.06.04	01:00:57.144	0.79187	0.79209			6
2026.06.04	01:00:57.446	0.79185	0.79207			6
2026.06.04	01:00:57.749	0.79187	0.79209			6
2026.06.04	01:00:58.948	0.79185	0.79207			6
2026.06.04	01:00:59.239	0.79187	0.79209			6
2026.06.04	01:00:59.543	0.79185	0.79207			6
2026.06.04	01:00:59.849	0.79184	0.79216			6
2026.06.04	01:01:00.143	0.79185	0.79207			6
2026.06.04	01:01:00.450	0.79187	0.79209			6
2026.06.04	01:01:00.747	0.79185	0.79207			6
2026.06.04	01:01:01.343	0.79187	0.79209			6
2026.06.04	01:01:01.651	0.79186	0.79207			6
2026.06.04	01:01:01.943	0.79188	0.79209			6
2026.06.04	01:01:02.240	0.79186	0.79207			6
2026.06.04	01:01:02.541	0.79187	0.79208			6
2026.06.04	01:01:02.848	0.79188	0.79209			6
2026.06.04	01:01:07.354		0.79207			4
2026.06.04	01:01:08.554	0.79186				2
2026.06.04	01:01:08.852	0.79187				2
2026.06.04	01:01:10.352		0.79205			4
2026.06.04	01:01:13.663	0.79185	0.79206			6
2026.06.04	01:01:14.870	0.79186				2
2026.06.04	01:01:16.366	0.79185				2
2026.06.04	01:01:17.577	0.79187	0.79205			6
2026.06.04	01:01:17.865	0.79184	0.79202			6
2026.06.04	01:01:18.167	0.79185				2
2026.06.04	01:01:18.464	0.79184				2
2026.06.04	01:01:20.870		0.79203			4
2026.06.04	01:01:22.073	0.79185				2
2026.06.04	01:01:22.978	0.79187				2
2026.06.04	01:01:23.273	0.79185				2
2026.06.04	01:01:24.477	0.79183				2
2026.06.04	01:01:24.788	0.79184				2
2026.06.04	01:01:25.389	0.79186				2
2026.06.04	01:01:25.992	0.79187				2
2026.06.04	01:01:26.891		0.79205			4
2026.06.04	01:01:27.200		0.79204			4
2026.06.04	01:01:28.092	0.79185				2
2026.06.04	01:01:28.384		0.79200			4
2026.06.04	01:01:28.684	0.79186				2
2026.06.04	01:01:29.286	0.79185				2
2026.06.04	01:01:29.585		0.79201			4
2026.06.04	01:01:31.396		0.79200			4
2026.06.04	01:01:31.997		0.79199			4
2026.06.04	01:01:33.798		0.79201			4
2026.06.04	01:01:38.901		0.79199			4
2026.06.04	01:01:39.506	0.79184				2
2026.06.04	01:01:44.014	0.79186	0.79202			6
2026.06.04	01:01:44.303	0.79183	0.79201			6
2026.06.04	01:01:44.605	0.79185				2
2026.06.04	01:01:46.418	0.79186	0.79200			6
2026.06.04	01:01:46.708	0.79185				2
2026.06.04	01:01:47.619	0.79182	0.79197			6
2026.06.04	01:01:47.919	0.79181				2
2026.06.04	01:01:48.212		0.79196			4
2026.06.04	01:01:48.520	0.79180	0.79197			6
2026.06.04	01:01:48.820	0.79182	0.79199			6
2026.06.04	01:01:49.414	0.79184				2
2026.06.04	01:01:49.715	0.79183				2
2026.06.04	01:01:50.015	0.79182	0.79197			6
2026.06.04	01:02:00.233	0.79182				2
2026.06.04	01:02:08.339	0.79181	0.79196			6
2026.06.04	01:02:08.637	0.79180	0.79195			6
2026.06.04	01:02:09.840	0.79179	0.79194			6
2026.06.04	01:02:12.853	0.79178	0.79192			6
2026.06.04	01:02:13.149	0.79182				2
2026.06.04	01:02:14.360	0.79177				2
2026.06.04	01:02:14.650	0.79182				2
2026.06.04	01:02:14.950	0.79177				2
2026.06.04	01:02:15.853	0.79179	0.79197			6
2026.06.04	01:02:16.154		0.79196			4
2026.06.04	01:02:17.957	0.79177	0.79193			6
2026.06.04	01:02:18.262	0.79178				2
2026.06.04	01:02:19.466	0.79177	0.79192			6
2026.06.04	01:02:20.059	0.79176				2
2026.06.04	01:02:22.157		0.79191			4
2026.06.04	01:03:00.018	0.79176				2
2026.06.04	01:03:00.315	0.79181	0.79195			6
2026.06.04	01:03:01.513	0.79183	0.79197			6
2026.06.04	01:03:02.115	0.79186	0.79201			6
2026.06.04	01:03:03.324		0.79202			4
2026.06.04	01:03:03.916	0.79188	0.79203			6
2026.06.04	01:03:05.116	0.79192	0.79206			6
2026.06.04	01:03:15.042		0.79205			4
2026.06.04	01:03:19.246	0.79197				2
2026.06.04	01:03:19.547	0.79192	0.79201			6
2026.06.04	01:03:19.848	0.79197	0.79205			6
2026.06.04	01:03:20.151	0.79192	0.79201			6
2026.06.04	01:03:20.746	0.79201	0.79213			6
2026.06.04	01:03:21.045	0.79198	0.79205			6
2026.06.04	01:03:21.345	0.79201	0.79213			6
2026.06.04	01:03:21.644	0.79198	0.79204			6
2026.06.04	01:03:21.952	0.79200	0.79213			6
2026.06.04	01:03:22.243	0.79198	0.79204			6
2026.06.04	01:03:22.552	0.79200	0.79213			6
2026.06.04	01:03:23.154	0.79198	0.79204			6
2026.06.04	01:03:23.452		0.79213			4
2026.06.04	01:03:24.052	0.79196				2
2026.06.04	01:03:29.454		0.79211			4
2026.06.04	01:03:30.655	0.79198	0.79212			6
2026.06.04	01:03:31.555	0.79202	0.79215			6
2026.06.04	01:03:32.455	0.79204	0.79218			6
2026.06.04	01:03:34.257	0.79206	0.79220			6
2026.06.04	01:03:40.578		0.79221			4
2026.06.04	01:03:51.684	0.79207				2
2026.06.04	01:04:00.098	0.79207				2
2026.06.04	01:04:00.406	0.79206				2
2026.06.04	01:04:17.828	0.79207				2
2026.06.04	01:04:19.638	0.79213				2
2026.06.04	01:04:19.944		0.79223			4
2026.06.04	01:04:21.732		0.79222			4
2026.06.04	01:04:23.234	0.79207				2
2026.06.04	01:04:23.533		0.79221			4
2026.06.04	01:04:33.454		0.79222			4
2026.06.04	01:04:34.661	0.79208	0.79224			6
2026.06.04	01:04:35.559		0.79222			4
2026.06.04	01:04:37.663	0.79207	0.79223			6
2026.06.04	01:04:38.274	0.79208	0.79224			6
2026.06.04	01:04:38.569		0.79223			4
2026.06.04	01:04:39.480		0.79224			4
2026.06.04	01:04:41.280	0.79209	0.79227			6
2026.06.04	01:04:41.566	0.79210	0.79226			6
2026.06.04	01:04:42.483		0.79227			4
2026.06.04	01:04:43.675	0.79211	0.79226			6
2026.06.04	01:04:43.967	0.79212	0.79228			6
2026.06.04	01:04:45.181	0.79215	0.79230			6
2026.06.04	01:04:46.077	0.79216	0.79231			6
2026.06.04	01:04:48.775	0.79220	0.79236			6
2026.06.04	01:04:49.382	0.79221				2
2026.06.04	01:04:49.984	0.79222	0.79237			6
2026.06.04	01:04:51.183	0.79224	0.79239			6
2026.06.04	01:04:51.489	0.79223	0.79238			6
2026.06.04	01:04:53.292		0.79237			4
2026.06.04	01:05:00.199	0.79223	0.79238			6
2026.06.04	01:05:01.694		0.79237			4
2026.06.04	01:05:02.604	0.79222				2
2026.06.04	01:05:03.203		0.79236			4
2026.06.04	01:05:03.506	0.79221				2
2026.06.04	01:05:11.610	0.79220				2
2026.06.04	01:05:13.723	0.79221				2
2026.06.04	01:05:14.013	0.79220				2
2026.06.04	01:05:31.445	0.79221				2
2026.06.04	01:05:43.756	0.79216	0.79231			6
2026.06.04	01:05:44.957		0.79230			4
2026.06.04	01:05:45.558	0.79212	0.79228			6
2026.06.04	01:05:45.859	0.79211	0.79227			6
2026.06.04	01:05:46.469	0.79214	0.79228			6
2026.06.04	01:05:46.762	0.79212	0.79227			6
2026.06.04	01:05:47.068	0.79214	0.79229			6
2026.06.04	01:05:58.496		0.79228			4
2026.06.04	01:06:00.291	0.79214				2
2026.06.04	01:06:00.593		0.79229			4
2026.06.04	01:06:08.103		0.79228			4
2026.06.04	01:06:12.303		0.79229			4
2026.06.04	01:06:30.941		0.79228			4
2026.06.04	01:06:32.135		0.79229			4
2026.06.04	01:06:36.345		0.79228			4
2026.06.04	01:06:37.546		0.79229			4
2026.06.04	01:06:38.462	0.79218	0.79232			6
2026.06.04	01:06:38.755	0.79217	0.79231			6
2026.06.04	01:06:43.258		0.79232			4
2026.06.04	01:06:48.668	0.79216				2
2026.06.04	01:06:54.988	0.79217	0.79233			6
2026.06.04	01:07:00.094	0.79217				2
2026.06.04	01:07:04.609	0.79216	0.79231			6
2026.06.04	01:07:04.902	0.79215	0.79230			6
2026.06.04	01:07:05.209	0.79214	0.79229			6
2026.06.04	01:07:12.730		0.79228			4
2026.06.04	01:08:00.196	0.79214				2
2026.06.04	01:08:12.834		0.79228			4
2026.06.04	01:09:00.007	0.79214				2
2026.06.04	01:09:01.510		0.79227			4
2026.06.04	01:09:33.968	0.79212	0.79224			6
2026.06.04	01:09:34.273	0.79211	0.79223			6
2026.06.04	01:09:54.693	0.79209	0.79221			6
2026.06.04	01:09:54.994	0.79206	0.79219			6
2026.06.04	01:10:00.106	0.79206				2
2026.06.04	01:10:00.406	0.79207	0.79220			6
2026.06.04	01:10:00.706	0.79206	0.79218			6
2026.06.04	01:10:01.316		0.79219			4
2026.06.04	01:10:13.629		0.79224			4
2026.06.04	01:10:13.930	0.79208	0.79225			6
2026.06.04	01:10:14.240	0.79207	0.79224			6
2026.06.04	01:10:23.856		0.79221			4
2026.06.04	01:10:25.059		0.79220			4
2026.06.04	01:10:31.966		0.79221			4
2026.06.04	01:10:33.167		0.79220			4
2026.06.04	01:11:00.203	0.79207				2
2026.06.04	01:11:14.323	0.79208	0.79221			6
2026.06.04	01:11:14.625		0.79220			4
2026.06.04	01:11:38.663	0.79205	0.79218			6
2026.06.04	01:11:38.964	0.79204				2
2026.06.04	01:11:40.165		0.79217			4
2026.06.04	01:11:55.201		0.79218			4
2026.06.04	01:11:58.806		0.79217			4
2026.06.04	01:12:00.003	0.79204				2
2026.06.04	01:12:00.605	0.79205	0.79218			6
2026.06.04	01:12:00.902	0.79207	0.79219			6
2026.06.04	01:12:01.200	0.79206	0.79220			6
2026.06.04	01:12:01.498		0.79219			4
2026.06.04	01:12:06.908		0.79220			4
2026.06.04	01:12:07.813	0.79207				2
2026.06.04	01:12:24.927		0.79221			4
2026.06.04	01:12:29.734	0.79208				2
2026.06.04	01:12:33.659	0.79215	0.79228			6
2026.06.04	01:12:33.954	0.79212	0.79226			6
2026.06.04	01:12:34.256		0.79225			4
2026.06.04	01:13:00.100	0.79212				2
2026.06.04	01:13:03.105		0.79224			4
2026.06.04	01:13:03.394	0.79216	0.79226			6
2026.06.04	01:13:03.694	0.79215	0.79227			6
2026.06.04	01:13:38.567	0.79214				2
2026.06.04	01:13:40.668		0.79226			4
2026.06.04	01:13:41.871		0.79227			4
2026.06.04	01:13:42.161		0.79226			4
2026.06.04	01:13:43.971		0.79227			4
2026.06.04	01:13:47.280		0.79226			4
2026.06.04	01:13:51.790	0.79215				2
2026.06.04	01:13:52.687	0.79214				2
2026.06.04	01:13:52.991	0.79215				2
2026.06.04	01:13:53.593	0.79214				2
2026.06.04	01:13:53.891	0.79215				2
2026.06.04	01:13:54.195	0.79214				2
2026.06.04	01:13:55.396	0.79215				2
2026.06.04	01:14:00.196	0.79215				2
2026.06.04	01:14:00.498	0.79214				2
2026.06.04	01:14:03.504	0.79215				2
2026.06.04	01:14:06.798	0.79213	0.79225			6
2026.06.04	01:14:07.108	0.79211	0.79224			6
2026.06.04	01:14:07.408		0.79223			4
2026.06.04	01:14:11.912		0.79224			4
2026.06.04	01:14:13.715		0.79223			4
2026.06.04	01:14:28.452		0.79224			4
2026.06.04	01:14:45.580		0.79223			4
2026.06.04	01:15:00.010	0.79211				2
2026.06.04	01:15:02.426		0.79224			4
2026.06.04	01:15:04.516		0.79223			4
2026.06.04	01:15:04.820	0.79209	0.79221			6
2026.06.04	01:15:06.614		0.79220			4
2026.06.04	01:15:10.219		0.79221			4
2026.06.04	01:15:12.325		0.79220			4
2026.06.04	01:15:13.535	0.79210	0.79222			6
2026.06.04	01:15:13.827	0.79208				2
2026.06.04	01:15:14.437		0.79221			4
2026.06.04	01:15:21.332	0.79212	0.79225			6
2026.06.04	01:15:21.637	0.79211	0.79224			6
2026.06.04	01:15:23.138		0.79223			4
2026.06.04	01:15:29.452	0.79212	0.79224			6
2026.06.04	01:15:29.753	0.79214	0.79225			6
2026.06.04	01:15:30.958	0.79215	0.79227			6
2026.06.04	01:15:31.547		0.79226			4
2026.06.04	01:15:31.845	0.79214				2
2026.06.04	01:15:33.047		0.79225			4
2026.06.04	01:15:34.559		0.79226			4
2026.06.04	01:15:35.162	0.79215	0.79227			6
2026.06.04	01:16:00.091	0.79215				2
2026.06.04	01:16:05.802	0.79216				2
2026.06.04	01:16:06.404		0.79228			4
2026.06.04	01:16:14.803	0.79219	0.79230			6
2026.06.04	01:16:15.102	0.79218				2
2026.06.04	01:16:24.714	0.79217				2
2026.06.04	01:16:27.717	0.79218				2
2026.06.04	01:16:31.634	0.79219				2
2026.06.04	01:16:31.924	0.79220	0.79232			6
2026.06.04	01:16:32.820	0.79221				2
2026.06.04	01:16:34.624	0.79220				2
2026.06.04	01:16:36.435	0.79221	0.79233			6
2026.06.04	01:16:40.937		0.79232			4
2026.06.04	01:16:42.733	0.79219	0.79231			6
2026.06.04	01:16:43.030		0.79230			4
2026.06.04	01:16:47.552		0.79229			4
2026.06.04	01:16:49.646	0.79218				2
2026.06.04	01:16:49.952		0.79228			4
2026.06.04	01:16:52.950		0.79229			4
2026.06.04	01:16:58.363		0.79228			4
2026.06.04	01:17:00.157	0.79218				2
2026.06.04	01:17:00.459	0.79217				2
2026.06.04	01:17:01.367	0.79216				2
2026.06.04	01:17:08.581	0.79214	0.79226			6
2026.06.04	01:17:10.981		0.79225			4
2026.06.04	01:17:12.185		0.79226			4
2026.06.04	01:17:13.994		0.79225			4
2026.06.04	01:17:17.594	0.79213	0.79224			6
2026.06.04	01:17:17.898	0.79212	0.79223			6
2026.06.04	01:17:19.696	0.79211				2
2026.06.04	01:17:32.313		0.79222			4
2026.06.04	01:17:33.511		0.79223			4
2026.06.04	01:17:41.326	0.79209	0.79222			6
2026.06.04	01:17:41.616		0.79221			4
2026.06.04	01:17:41.919	0.79210	0.79222			6
2026.06.04	01:17:42.217	0.79209	0.79221			6
2026.06.04	01:17:47.925		0.79220			4
2026.06.04	01:18:00.239	0.79209				2
2026.06.04	01:18:22.168		0.79221			4
2026.06.04	01:18:23.371		0.79220			4
2026.06.04	01:18:24.573		0.79221			4
2026.06.04	01:18:30.270		0.79220			4
2026.06.04	01:19:00.013	0.79209				2
2026.06.04	01:19:30.365		0.79220			4
2026.06.04	01:19:39.978		0.79221			4
2026.06.04	01:19:41.789		0.79220			4
2026.06.04	01:19:45.388		0.79221			4
2026.06.04	01:19:45.692		0.79220			4
2026.06.04	01:20:00.113	0.79207				2
2026.06.04	01:20:01.616	0.79209				2
2026.06.04	01:20:02.219	0.79207				2
2026.06.04	01:20:03.113	0.79205	0.79217			6
2026.06.04	01:20:05.222	0.79209	0.79220			6
2026.06.04	01:20:22.663	0.79211	0.79221			6
2026.06.04	01:20:25.354		0.79222			4
2026.06.04	01:20:25.649		0.79223			4
2026.06.04	01:21:00.208	0.79211				2
2026.06.04	01:21:25.741		0.79223			4
2026.06.04	01:21:43.480	0.79208	0.79221			6
2026.06.04	01:21:43.777	0.79210	0.79222			6
2026.06.04	01:21:46.181	0.79209				2
2026.06.04	01:21:51.293	0.79208	0.79221			6
2026.06.04	01:21:51.891		0.79220			4
2026.06.04	01:21:56.096		0.79219			4
2026.06.04	01:21:57.889		0.79220			4
2026.06.04	01:22:00.290	0.79208				2
2026.06.04	01:22:05.698	0.79206	0.79218			6
2026.06.04	01:22:06.307	0.79207				2
2026.06.04	01:22:06.608	0.79205				2
2026.06.04	01:22:11.708	0.79206				2
2026.06.04	01:22:21.017	0.79205				2
2026.06.04	01:22:21.616		0.79217			4
2026.06.04	01:22:24.933	0.79204				2
2026.06.04	01:22:27.036	0.79205				2
2026.06.04	01:22:27.926	0.79204				2
2026.06.04	01:22:30.327	0.79205				2
2026.06.04	01:22:45.047		0.79218			4
2026.06.04	01:23:00.068	0.79205				2
2026.06.04	01:23:38.233	0.79203	0.79217			6
2026.06.04	01:24:00.160	0.79203				2
2026.06.04	01:24:05.567		0.79216			4
2026.06.04	01:24:07.670	0.79204				2
2026.06.04	01:24:08.273	0.79203				2
2026.06.04	01:24:09.180	0.79204				2
2026.06.04	01:24:24.199	0.79203				2
2026.06.04	01:24:24.500	0.79204				2
2026.06.04	01:24:35.320	0.79205				2
2026.06.04	01:24:44.647	0.79204				2
2026.06.04	01:24:47.049	0.79205				2
2026.06.04	01:24:47.348	0.79204				2
2026.06.04	01:25:00.267	0.79204				2
2026.06.04	01:25:05.688		0.79216			4
2026.06.04	01:25:06.586	0.79205				2
2026.06.04	01:25:08.084	0.79204				2
2026.06.04	01:25:18.895	0.79202	0.79213			6
2026.06.04	01:25:19.792	0.79203				2
2026.06.04	01:25:20.095	0.79202				2
2026.06.04	01:25:20.695	0.79203				2
2026.06.04	01:25:20.993	0.79202				2
2026.06.04	01:25:23.098	0.79203				2
2026.06.04	01:25:23.700	0.79202				2
2026.06.04	01:25:27.599		0.79214			4
2026.06.04	01:25:28.499	0.79201				2
2026.06.04	01:25:54.945		0.79215			4
2026.06.04	01:26:00.063	0.79201				2
2026.06.04	01:26:00.653	0.79204				2
2026.06.04	01:26:00.958		0.79216			4
2026.06.04	01:26:01.265	0.79205	0.79217			6
2026.06.04	01:26:01.554	0.79204				2
2026.06.04	01:26:03.956	0.79205				2
2026.06.04	01:26:15.369	0.79204	0.79218			6
2026.06.04	01:26:30.096	0.79205	0.79217			6
2026.06.04	01:26:34.905	0.79206				2
2026.06.04	01:27:00.155	0.79206				2
2026.06.04	01:27:03.452	0.79205				2
2026.06.04	01:27:05.567	0.79204	0.79215			6
2026.06.04	01:27:05.867	0.79203				2
2026.06.04	01:27:06.170	0.79202				2
2026.06.04	01:27:32.032		0.79214			4
2026.06.04	01:27:34.138		0.79215			4
2026.06.04	01:27:36.239		0.79214			4
2026.06.04	01:27:41.049	0.79203				2
2026.06.04	01:27:54.264	0.79202				2
2026.06.04	01:27:58.168		0.79215			4
2026.06.04	01:28:00.281	0.79202				2
2026.06.04	01:28:07.202		0.79214			4
2026.06.04	01:28:09.304		0.79215			4
2026.06.04	01:28:27.638	0.79204				2
2026.06.04	01:28:27.927		0.79214			4
2026.06.04	01:28:29.730	0.79205				2
2026.06.04	01:29:00.085	0.79205				2
2026.06.04	01:29:00.682	0.79206				2
2026.06.04	01:29:00.983		0.79215			4
2026.06.04	01:29:03.698	0.79205	0.79214			6
2026.06.04	01:29:03.988	0.79204	0.79213			6
2026.06.04	01:29:19.931	0.79203	0.79211			6
2026.06.04	01:29:20.222	0.79202	0.79212			6
2026.06.04	01:29:22.328	0.79204	0.79213			6
2026.06.04	01:29:22.627	0.79205	0.79214			6
2026.06.04	01:29:23.531		0.79213			4
2026.06.04	01:29:23.823	0.79203				2
2026.06.04	01:29:31.038	0.79205				2
2026.06.04	01:29:31.338		0.79214			4
2026.06.04	01:29:32.542		0.79215			4
2026.06.04	01:30:00.198	0.79205				2
2026.06.04	01:30:00.802	0.79206				2
2026.06.04	01:30:02.607		0.79216			4
2026.06.04	01:30:02.895	0.79208	0.79211			6
2026.06.04	01:30:04.998	0.79207	0.79210			6
2026.06.04	01:30:05.602	0.79206	0.79209			6
2026.06.04	01:30:05.902	0.79204	0.79214			6
2026.06.04	01:30:06.199	0.79203				2
2026.06.04	01:30:06.500		0.79213			4
2026.06.04	01:30:14.311	0.79207	0.79214			6
2026.06.04	01:30:14.609	0.79206	0.79216			6
2026.06.04	01:30:20.928	0.79207	0.79217			6
2026.06.04	01:30:30.245	0.79205	0.79216			6
2026.06.04	01:30:30.537		0.79215			4
2026.06.04	01:30:32.637		0.79214			4
2026.06.04	01:30:32.939	0.79203	0.79213			6
2026.06.04	01:30:58.184		0.79212			4
2026.06.04	01:31:00.285	0.79203				2
2026.06.04	01:31:02.692	0.79201	0.79211			6
2026.06.04	01:31:02.990		0.79210			4
2026.06.04	01:31:03.588	0.79202	0.79211			6
2026.06.04	01:31:05.387	0.79203				2
2026.06.04	01:31:05.687	0.79201	0.79210			6
2026.06.04	01:31:12.303	0.79202	0.79211			6
2026.06.04	01:31:20.716	0.79201	0.79210			6
2026.06.04	01:31:21.009	0.79200				2
2026.06.04	01:31:21.610		0.79209			4
2026.06.04	01:31:27.919		0.79210			4
2026.06.04	01:31:33.028		0.79209			4
2026.06.04	01:31:45.358		0.79210			4
2026.06.04	01:31:47.461		0.79209			4
2026.06.04	01:31:47.755	0.79199				2
2026.06.04	01:31:53.473		0.79207			4
2026.06.04	01:31:53.765	0.79198				2
2026.06.04	01:32:00.080	0.79198				2
2026.06.04	01:32:06.401	0.79199	0.79208			6
2026.06.04	01:32:06.998	0.79198	0.79209			6
2026.06.04	01:32:34.645	0.79199	0.79208			6
2026.06.04	01:32:34.947	0.79198	0.79207			6
2026.06.04	01:32:55.377		0.79208			4
2026.06.04	01:32:55.981		0.79207			4
2026.06.04	01:33:00.176	0.79198				2
2026.06.04	01:33:04.379	0.79197				2
2026.06.04	01:33:04.980	0.79198				2
2026.06.04	01:33:08.284	0.79197				2
2026.06.04	01:33:56.074		0.79207			4
2026.06.04	01:34:00.280	0.79197				2
2026.06.04	01:34:01.185		0.79206			4
2026.06.04	01:34:02.684		0.79207			4
2026.06.04	01:34:14.706	0.79193	0.79202			6
2026.06.04	01:34:15.008	0.79192				2
2026.06.04	01:34:15.900	0.79193	0.79204			6
2026.06.04	01:34:16.200	0.79196	0.79205			6
2026.06.04	01:34:16.501	0.79195	0.79204			6
2026.06.04	01:34:21.310	0.79194				2
2026.06.04	01:34:21.603	0.79195				2
2026.06.04	01:34:25.213		0.79203			4
2026.06.04	01:34:25.515	0.79194				2
2026.06.04	01:34:26.709		0.79204			4
2026.06.04	01:34:27.913		0.79205			4
2026.06.04	01:34:28.227		0.79204			4
2026.06.04	01:34:31.833		0.79203			4
2026.06.04	01:34:48.960	0.79193				2
2026.06.04	01:34:49.262	0.79192	0.79202			6
2026.06.04	01:34:49.562	0.79191				2
2026.06.04	01:34:50.763	0.79193	0.79201			6
2026.06.04	01:34:51.055		0.79203			4
2026.06.04	01:34:59.478		0.79202			4
2026.06.04	01:34:59.778	0.79192				2
2026.06.04	01:35:00.080	0.79192				2
2026.06.04	01:35:02.186		0.79201			4
2026.06.04	01:35:32.242		0.79202			4
2026.06.04	01:35:34.352		0.79201			4
2026.06.04	01:35:36.463		0.79202			4
2026.06.04	01:35:46.381	0.79193				2
2026.06.04	01:35:49.385	0.79190	0.79201			6
2026.06.04	01:35:52.084	0.79192				2
2026.06.04	01:35:52.390	0.79190	0.79196			6
2026.06.04	01:35:53.285	0.79192	0.79201			6
2026.06.04	01:35:53.887	0.79190	0.79196			6
2026.06.04	01:35:54.198	0.79192	0.79201			6
2026.06.04	01:35:54.489	0.79190	0.79196			6
2026.06.04	01:35:54.797	0.79192	0.79201			6
2026.06.04	01:35:55.096	0.79190	0.79196			6
2026.06.04	01:35:55.399	0.79192	0.79201			6
2026.06.04	01:35:55.996	0.79190				2
2026.06.04	01:35:56.887	0.79189				2
2026.06.04	01:36:00.202	0.79189				2
2026.06.04	01:36:05.914	0.79190				2
2026.06.04	01:36:10.714	0.79189				2
2026.06.04	01:36:11.621		0.79200			4
2026.06.04	01:36:12.526	0.79190				2
2026.06.04	01:36:14.027		0.79201			4
2026.06.04	01:36:21.537		0.79200			4
2026.06.04	01:36:23.943		0.79201			4
2026.06.04	01:36:28.445	0.79195	0.79204			6
2026.06.04	01:36:30.552	0.79194				2
2026.06.04	01:36:42.570		0.79203			4
2026.06.04	01:37:00.007	0.79194				2
2026.06.04	01:37:07.815	0.79195				2
2026.06.04	01:37:08.124	0.79197	0.79205			6
2026.06.04	01:37:12.029	0.79195				2
2026.06.04	01:37:12.927		0.79204			4
2026.06.04	01:37:13.238		0.79205			4
2026.06.04	01:37:17.748	0.79196				2
2026.06.04	01:37:21.041	0.79195				2
2026.06.04	01:37:26.761	0.79197	0.79204			6
2026.06.04	01:37:27.045	0.79195	0.79203			6
2026.06.04	01:37:36.070		0.79204			4
2026.06.04	01:37:40.275	0.79194	0.79203			6
2026.06.04	01:38:00.096	0.79194				2
2026.06.04	01:38:03.698		0.79204			4
2026.06.04	01:38:10.614		0.79203			4
2026.06.04	01:38:12.418		0.79204			4
2026.06.04	01:38:15.421		0.79203			4
2026.06.04	01:38:17.217	0.79195	0.79204			6
2026.06.04	01:38:24.741		0.79203			4
2026.06.04	01:38:27.735	0.79194	0.79204			6
2026.06.04	01:38:31.040	0.79193				2
2026.06.04	01:38:32.853		0.79203			4
2026.06.04	01:39:00.185	0.79193				2
2026.06.04	01:39:01.988		0.79204			4
2026.06.04	01:39:04.098		0.79203			4
2026.06.04	01:39:12.828		0.79204			4
2026.06.04	01:39:25.742	0.79194				2
2026.06.04	01:39:26.052	0.79193				2
2026.06.04	01:40:00.296	0.79192	0.79203			6
2026.06.04	01:40:00.592	0.79193				2
2026.06.04	01:40:03.604		0.79204			4
2026.06.04	01:40:18.625	0.79194				2
2026.06.04	01:40:19.826	0.79193	0.79203			6
2026.06.04	01:40:23.124		0.79204			4
2026.06.04	01:40:35.445		0.79203			4
2026.06.04	01:40:46.264		0.79204			4
2026.06.04	01:40:48.064		0.79202			4
2026.06.04	01:40:48.375	0.79192				2
2026.06.04	01:40:51.375		0.79201			4
2026.06.04	01:40:59.484	0.79194	0.79203			6
2026.06.04	01:40:59.777		0.79204			4
2026.06.04	01:41:00.083	0.79194				2
2026.06.04	01:41:05.201		0.79205			4
2026.06.04	01:41:09.397	0.79193				2
2026.06.04	01:41:12.395	0.79194	0.79204			6
2026.06.04	01:41:13.595	0.79196				2
2026.06.04	01:41:13.903	0.79195	0.79206			6
2026.06.04	01:41:14.504	0.79196				2
2026.06.04	01:41:14.803	0.79198				2
2026.06.04	01:41:17.514	0.79197				2
2026.06.04	01:42:00.186	0.79197				2
2026.06.04	01:42:14.018		0.79206			4
2026.06.04	01:42:35.052		0.79207			4
2026.06.04	01:42:43.158		0.79206			4
2026.06.04	01:42:45.855		0.79207			4
2026.06.04	01:43:00.287	0.79197				2
2026.06.04	01:43:30.642	0.79200	0.79208			6
2026.06.04	01:43:30.934	0.79199				2
2026.06.04	01:43:37.850	0.79197	0.79206			6
2026.06.04	01:43:51.692	0.79195	0.79205			6
2026.06.04	01:43:51.986	0.79196				2
2026.06.04	01:43:53.788	0.79198				2
2026.06.04	01:43:54.096	0.79196				2
2026.06.04	01:44:00.100	0.79196				2
2026.06.04	01:44:02.203	0.79197	0.79206			6
2026.06.04	01:44:04.912		0.79205			4
2026.06.04	01:44:10.334		0.79206			4
2026.06.04	01:44:10.935	0.79198				2
2026.06.04	01:44:14.826	0.79197				2
2026.06.04	01:44:49.692		0.79205			4
2026.06.04	01:44:57.198		0.79206			4
2026.06.04	01:45:00.198	0.79197				2
2026.06.04	01:45:03.197		0.79205			4
2026.06.04	01:45:04.699	0.79198				2
2026.06.04	01:45:05.299		0.79206			4
2026.06.04	01:45:05.899	0.79199				2
2026.06.04	01:45:06.207	0.79198				2
2026.06.04	01:45:15.730	0.79196				2
2026.06.04	01:45:57.507	0.79198				2
2026.06.04	01:45:57.810	0.79200				2
2026.06.04	01:46:00.199	0.79200				2
2026.06.04	01:46:01.250	0.79199	0.79207			6
2026.06.04	01:46:03.015		0.79206			4
2026.06.04	01:46:58.346	0.79195	0.79204			6
2026.06.04	01:46:58.645	0.79196				2
2026.06.04	01:46:58.946	0.79195				2
2026.06.04	01:47:00.615	0.79195				2
2026.06.04	01:47:00.915		0.79203			4
2026.06.04	01:47:05.371		0.79204			4
2026.06.04	01:47:05.885	0.79196				2
2026.06.04	01:47:06.185		0.79203			4
2026.06.04	01:47:09.315	0.79195				2
2026.06.04	01:47:12.615	0.79196				2
2026.06.04	01:47:13.206	0.79195				2
2026.06.04	01:47:16.516	0.79196				2
2026.06.04	01:47:33.603	0.79194				2
2026.06.04	01:47:34.482	0.79193	0.79202			6
2026.06.04	01:47:38.717		0.79203			4
2026.06.04	01:47:46.215		0.79202			4
2026.06.04	01:47:51.615		0.79203			4
2026.06.04	01:48:00.326	0.79193				2
2026.06.04	01:48:05.592	0.79198	0.79206			6
2026.06.04	01:48:05.892	0.79197				2
2026.06.04	01:48:06.615	0.79198				2
2026.06.04	01:48:10.459	0.79197	0.79205			6
2026.06.04	01:48:38.714	0.79198	0.79206			6
2026.06.04	01:48:40.332	0.79197				2
2026.06.04	01:48:40.633		0.79205			4
2026.06.04	01:48:50.310	0.79198	0.79206			6
2026.06.04	01:48:55.753	0.79197				2
2026.06.04	01:48:57.316		0.79205			4
2026.06.04	01:49:00.307	0.79197				2
2026.06.04	01:49:16.515		0.79206			4
2026.06.04	01:49:25.878	0.79198				2
2026.06.04	01:49:36.141	0.79196				2
2026.06.04	01:49:41.947	0.79200	0.79208			6
2026.06.04	01:49:44.393	0.79202	0.79210			6
2026.06.04	01:49:49.111	0.79203	0.79211			6
2026.06.04	01:49:51.212	0.79205	0.79212			6
2026.06.04	01:50:00.315	0.79205				2
2026.06.04	01:50:01.216	0.79204				2
2026.06.04	01:50:05.116		0.79211			4
2026.06.04	01:50:06.110	0.79200	0.79209			6
2026.06.04	01:50:11.943		0.79208			4
2026.06.04	01:50:21.723	0.79203	0.79211			6
2026.06.04	01:50:40.999		0.79212			4
2026.06.04	01:50:43.666		0.79211			4
2026.06.04	01:50:45.860	0.79202	0.79210			6
2026.06.04	01:50:54.189	0.79201	0.79209			6
2026.06.04	01:50:57.891		0.79208			4
2026.06.04	01:51:01.715	0.79201				2
2026.06.04	01:51:02.015	0.79200				2
2026.06.04	01:51:04.976	0.79199	0.79207			6
2026.06.04	01:51:07.136	0.79200	0.79208			6
2026.06.04	01:51:08.773	0.79198	0.79207			6
2026.06.04	01:51:10.231	0.79199	0.79208			6
2026.06.04	01:51:16.515		0.79207			4
2026.06.04	01:51:24.764		0.79206			4
2026.06.04	01:51:28.569		0.79207			4
2026.06.04	01:51:29.921	0.79197	0.79206			6
2026.06.04	01:51:31.501	0.79199				2
2026.06.04	01:51:31.802		0.79207			4
2026.06.04	01:51:38.252	0.79198				2
2026.06.04	01:51:52.162		0.79206			4
2026.06.04	01:51:59.305	0.79199	0.79205			6
2026.06.04	01:51:59.606		0.79206			4
2026.06.04	01:52:01.846	0.79199				2
2026.06.04	01:52:02.146	0.79198	0.79208			6
2026.06.04	01:52:03.155	0.79199				2
2026.06.04	01:52:04.891	0.79197	0.79207			6
2026.06.04	01:52:06.016	0.79198	0.79206			6
2026.06.04	01:52:11.292	0.79197				2
2026.06.04	01:52:11.593		0.79205			4
2026.06.04	01:52:21.615		0.79206			4
2026.06.04	01:53:00.634	0.79197				2
2026.06.04	01:53:03.647	0.79199	0.79207			6
2026.06.04	01:53:04.848		0.79206			4
2026.06.04	01:53:06.232	0.79198				2
2026.06.04	01:53:06.531	0.79197				2
2026.06.04	01:53:07.924		0.79205			4
2026.06.04	01:53:17.116		0.79204			4
2026.06.04	01:53:18.616	0.79196	0.79205			6
2026.06.04	01:53:26.415	0.79197				2
2026.06.04	01:53:43.816		0.79204			4
2026.06.04	01:53:49.216	0.79196				2
2026.06.04	01:54:00.329	0.79196				2
2026.06.04	01:54:00.630		0.79203			4
2026.06.04	01:54:01.232	0.79195				2
2026.06.04	01:54:04.221	0.79196				2
2026.06.04	01:54:04.521		0.79204			4
2026.06.04	01:54:24.916		0.79203			4
2026.06.04	01:54:28.516		0.79204			4
2026.06.04	01:55:00.099	0.79196				2
2026.06.04	01:55:01.502	0.79200	0.79206			6
2026.06.04	01:55:08.719	0.79201				2
2026.06.04	01:55:09.020		0.79207			4
2026.06.04	01:55:13.516		0.79208			4
2026.06.04	01:55:17.718		0.79207			4
2026.06.04	01:55:18.982		0.79208			4
2026.06.04	01:55:19.292	0.79198	0.79206			6
2026.06.04	01:55:21.685		0.79205			4
2026.06.04	01:55:24.701	0.79199				2
2026.06.04	01:55:25.004		0.79206			4
2026.06.04	01:55:27.418		0.79205			4
2026.06.04	01:55:29.389		0.79206			4
2026.06.04	01:55:38.883	0.79198	0.79204			6
2026.06.04	01:55:42.589		0.79205			4
2026.06.04	01:55:43.928	0.79199				2
2026.06.04	01:55:45.062		0.79206			4
2026.06.04	01:55:48.183	0.79200				2
2026.06.04	01:55:48.481	0.79199	0.79207			6
2026.06.04	01:55:48.966	0.79200				2
2026.06.04	01:55:49.264		0.79208			4
2026.06.04	01:55:50.283	0.79199	0.79207			6
2026.06.04	01:55:51.804	0.79198				2
2026.06.04	01:55:54.032		0.79206			4
2026.06.04	01:55:55.388		0.79205			4
2026.06.04	01:56:00.812	0.79197				2
2026.06.04	01:56:01.112		0.79204			4
2026.06.04	01:56:01.816	0.79196				2
2026.06.04	01:56:19.124	0.79194	0.79203			6
2026.06.04	01:56:21.538	0.79193	0.79201			6
2026.06.04	01:56:23.358		0.79202			4
2026.06.04	01:56:24.425	0.79192	0.79201			6
2026.06.04	01:56:25.923	0.79191				2
2026.06.04	01:56:26.222	0.79190	0.79199			6
2026.06.04	01:56:26.522		0.79198			4
2026.06.04	01:56:27.624		0.79199			4
2026.06.04	01:56:28.681	0.79189	0.79197			6
2026.06.04	01:56:28.987	0.79187	0.79195			6
2026.06.04	01:56:30.021		0.79197			4
2026.06.04	01:56:30.321		0.79196			4
2026.06.04	01:56:30.622		0.79197			4
2026.06.04	01:56:30.938		0.79196			4
2026.06.04	01:56:31.239		0.79195			4
2026.06.04	01:56:31.839	0.79183	0.79193			6
2026.06.04	01:56:32.745	0.79179	0.79190			6
2026.06.04	01:56:33.040	0.79177	0.79186			6
2026.06.04	01:56:33.341	0.79179	0.79187			6
2026.06.04	01:56:33.940	0.79178	0.79186			6
2026.06.04	01:56:35.902	0.79177	0.79185			6
2026.06.04	01:56:36.202		0.79184			4
2026.06.04	01:56:36.889		0.79185			4
2026.06.04	01:56:37.789	0.79176				2
2026.06.04	01:56:38.089		0.79184			4
2026.06.04	01:56:38.991	0.79174	0.79182			6
2026.06.04	01:56:39.292	0.79173				2
2026.06.04	01:56:39.592	0.79172	0.79179			6
2026.06.04	01:56:39.892	0.79167	0.79176			6
2026.06.04	01:56:40.192	0.79168	0.79178			6
2026.06.04	01:56:40.492		0.79177			4
2026.06.04	01:56:40.794		0.79176			4
2026.06.04	01:56:41.093	0.79167				2
2026.06.04	01:56:41.735	0.79169	0.79179			6
2026.06.04	01:56:42.036	0.79170				2
2026.06.04	01:56:42.336	0.79172	0.79181			6
2026.06.04	01:56:42.637		0.79179			4
2026.06.04	01:56:42.937	0.79168	0.79175			6
2026.06.04	01:56:43.237	0.79166	0.79174			6
2026.06.04	01:56:43.537		0.79175			4
2026.06.04	01:56:44.139	0.79165	0.79172			6
2026.06.04	01:56:44.438	0.79168	0.79177			6
2026.06.04	01:56:44.738	0.79167	0.79176			6
2026.06.04	01:56:45.338	0.79166	0.79174			6
2026.06.04	01:56:45.641	0.79165				2
2026.06.04	01:56:46.612	0.79166	0.79175			6
2026.06.04	01:56:46.912	0.79165	0.79173			6
2026.06.04	01:56:47.513	0.79161	0.79169			6
2026.06.04	01:56:47.813		0.79168			4
2026.06.04	01:56:48.114	0.79160				2
2026.06.04	01:56:48.714	0.79157	0.79166			6
2026.06.04	01:56:49.015		0.79167			4
2026.06.04	01:56:49.315	0.79153	0.79161			6
2026.06.04	01:56:49.615	0.79151				2
2026.06.04	01:56:49.916	0.79152				2
2026.06.04	01:56:50.216	0.79149	0.79159			6
2026.06.04	01:56:50.516	0.79150	0.79161			6
2026.06.04	01:56:51.117	0.79151	0.79160			6
2026.06.04	01:56:52.018		0.79159			4
2026.06.04	01:56:52.320		0.79160			4
2026.06.04	01:56:53.086	0.79149	0.79158			6
2026.06.04	01:56:53.386	0.79148	0.79155			6
2026.06.04	01:56:53.686	0.79150	0.79158			6
2026.06.04	01:56:53.988	0.79148	0.79156			6
2026.06.04	01:56:54.287	0.79149	0.79157			6
2026.06.04	01:56:54.587	0.79150	0.79160			6
2026.06.04	01:56:54.918		0.79158			4
2026.06.04	01:56:56.838	0.79152	0.79160			6
2026.06.04	01:56:57.154		0.79159			4
2026.06.04	01:56:57.444	0.79149	0.79156			6
2026.06.04	01:56:57.741	0.79148				2
2026.06.04	01:56:59.606	0.79149	0.79158			6
2026.06.04	01:57:00.204	0.79149				2
2026.06.04	01:57:00.809	0.79151	0.79160			6
2026.06.04	01:57:01.109	0.79152	0.79159			6
2026.06.04	01:57:01.410	0.79151				2
2026.06.04	01:57:01.714	0.79146	0.79154			6
2026.06.04	01:57:02.012	0.79142	0.79153			6
2026.06.04	01:57:02.312	0.79146	0.79155			6
2026.06.04	01:57:02.612	0.79149	0.79156			6
2026.06.04	01:57:02.912		0.79157			4
2026.06.04	01:57:03.212	0.79150				2
2026.06.04	01:57:03.812	0.79149	0.79156			6
2026.06.04	01:57:04.714		0.79157			4
2026.06.04	01:57:05.012	0.79145	0.79153			6
2026.06.04	01:57:05.313	0.79146	0.79158			6
2026.06.04	01:57:05.913	0.79144	0.79152			6
2026.06.04	01:57:06.214	0.79145				2
2026.06.04	01:57:06.514	0.79146	0.79154			6
2026.06.04	01:57:06.814	0.79144	0.79152			6
2026.06.04	01:57:07.113	0.79146	0.79154			6
2026.06.04	01:57:07.714	0.79144	0.79152			6
2026.06.04	01:57:08.615		0.79151			4
2026.06.04	01:57:09.525	0.79137	0.79149			6
2026.06.04	01:57:09.821	0.79138	0.79148			6
2026.06.04	01:57:10.121	0.79137	0.79147			6
2026.06.04	01:57:10.430	0.79133	0.79141			6
2026.06.04	01:57:10.723	0.79135	0.79144			6
2026.06.04	01:57:11.023		0.79143			4
2026.06.04	01:57:11.658	0.79129	0.79140			6
2026.06.04	01:57:11.959		0.79138			4
2026.06.04	01:57:12.257	0.79130				2
2026.06.04	01:57:12.604	0.79131				2
2026.06.04	01:57:12.914		0.79139			4
2026.06.04	01:57:13.208		0.79141			4
2026.06.04	01:57:13.508	0.79132	0.79142			6
2026.06.04	01:57:14.112	0.79128	0.79139			6
2026.06.04	01:57:14.415	0.79134	0.79145			6
2026.06.04	01:57:14.712	0.79129	0.79139			6
2026.06.04	01:57:15.011	0.79132	0.79142			6
2026.06.04	01:57:15.312	0.79133	0.79143			6
2026.06.04	01:57:15.611		0.79142			4
2026.06.04	01:57:16.212		0.79141			4
2026.06.04	01:57:16.514	0.79131				2
2026.06.04	01:57:16.812	0.79132	0.79138			6
2026.06.04	01:57:17.113	0.79131				2
2026.06.04	01:57:18.637	0.79117	0.79129			6
2026.06.04	01:57:18.934	0.79118	0.79128			6
2026.06.04	01:57:19.233		0.79125			4
2026.06.04	01:57:19.835	0.79111	0.79118			6
2026.06.04	01:57:20.135	0.79108	0.79117			6
2026.06.04	01:57:20.436	0.79107				2
2026.06.04	01:57:20.740	0.79109	0.79119			6
2026.06.04	01:57:21.039	0.79110	0.79117			6
2026.06.04	01:57:21.337	0.79109				2
2026.06.04	01:57:21.637	0.79107	0.79115			6
2026.06.04	01:57:21.942	0.79112	0.79119			6
2026.06.04	01:57:22.238	0.79115	0.79123			6
2026.06.04	01:57:22.540	0.79121	0.79133			6
2026.06.04	01:57:22.839		0.79131			4
2026.06.04	01:57:23.139	0.79126	0.79134			6
2026.06.04	01:57:23.442	0.79125	0.79133			6
2026.06.04	01:57:23.741	0.79126	0.79134			6
2026.06.04	01:57:24.042	0.79127				2
2026.06.04	01:57:24.349	0.79129	0.79135			6
2026.06.04	01:57:24.643	0.79131	0.79139			6
2026.06.04	01:57:26.447	0.79130				2
2026.06.04	01:57:26.747	0.79131				2
2026.06.04	01:57:27.652	0.79129	0.79136			6
2026.06.04	01:57:27.950	0.79130	0.79139			6
2026.06.04	01:57:28.251	0.79129	0.79136			6
2026.06.04	01:57:28.551	0.79130	0.79137			6
2026.06.04	01:57:28.852		0.79139			4
2026.06.04	01:57:29.151	0.79131				2
2026.06.04	01:57:30.239	0.79133	0.79140			6
2026.06.04	01:57:30.539	0.79132				2
2026.06.04	01:57:30.839	0.79134	0.79141			6
2026.06.04	01:57:31.140		0.79143			4
2026.06.04	01:57:32.041		0.79144			4
2026.06.04	01:57:32.641		0.79145			4
2026.06.04	01:57:33.916		0.79146			4
2026.06.04	01:57:35.228		0.79142			4
2026.06.04	01:57:36.128	0.79136	0.79143			6
2026.06.04	01:57:36.727		0.79144			4
2026.06.04	01:57:37.028	0.79135				2
2026.06.04	01:57:37.329		0.79143			4
2026.06.04	01:57:37.929	0.79137	0.79147			6
2026.06.04	01:57:38.229	0.79138	0.79146			6
2026.06.04	01:57:38.529		0.79147			4
2026.06.04	01:57:38.828	0.79136	0.79146			6
2026.06.04	01:57:39.430		0.79145			4
2026.06.04	01:57:40.330	0.79142	0.79150			6
2026.06.04	01:57:41.231	0.79144	0.79152			6
2026.06.04	01:57:41.532	0.79143	0.79150			6
2026.06.04	01:57:41.832		0.79151			4
2026.06.04	01:57:42.133		0.79152			4
2026.06.04	01:57:42.733		0.79150			4
2026.06.04	01:57:43.935	0.79133	0.79143			6
2026.06.04	01:57:45.435	0.79131	0.79141			6
2026.06.04	01:57:46.037	0.79130	0.79140			6
2026.06.04	01:57:46.338	0.79131	0.79141			6
2026.06.04	01:57:47.241	0.79133	0.79143			6
2026.06.04	01:57:47.541	0.79132				2
2026.06.04	01:57:49.366	0.79133				2
2026.06.04	01:57:49.665		0.79142			4
2026.06.04	01:57:50.567	0.79138	0.79147			6
2026.06.04	01:57:52.355		0.79148			4
2026.06.04	01:57:52.653	0.79139	0.79150			6
2026.06.04	01:57:54.176	0.79140	0.79151			6
2026.06.04	01:57:54.476	0.79142	0.79153			6
2026.06.04	01:57:54.776	0.79143	0.79154			6
2026.06.04	01:57:55.377	0.79141	0.79152			6
2026.06.04	01:57:55.677		0.79151			4
2026.06.04	01:57:55.980	0.79140	0.79152			6
2026.06.04	01:57:56.279	0.79141				2
2026.06.04	01:57:57.202		0.79153			4
2026.06.04	01:57:57.803	0.79142				2
2026.06.04	01:57:58.403	0.79141	0.79152			6
2026.06.04	01:57:59.416		0.79151			4
2026.06.04	01:58:00.041	0.79141				2
2026.06.04	01:58:00.341	0.79143	0.79154			6
2026.06.04	01:58:01.544	0.79145	0.79155			6
2026.06.04	01:58:05.571	0.79142	0.79153			6
2026.06.04	01:58:06.171	0.79141	0.79152			6
2026.06.04	01:58:06.471	0.79142				2
2026.06.04	01:58:07.072	0.79146	0.79156			6
2026.06.04	01:58:07.372		0.79155			4
2026.06.04	01:58:08.614		0.79157			4
2026.06.04	01:58:08.913		0.79158			4
2026.06.04	01:58:09.213		0.79157			4
2026.06.04	01:58:09.960		0.79156			4
2026.06.04	01:58:12.445	0.79145				2
2026.06.04	01:58:14.116	0.79146	0.79155			6
2026.06.04	01:58:15.558		0.79154			4
2026.06.04	01:58:17.924	0.79145	0.79155			6
2026.06.04	01:58:18.226		0.79156			4
2026.06.04	01:58:18.525		0.79155			4
2026.06.04	01:58:18.827	0.79146				2
2026.06.04	01:58:19.429	0.79145	0.79154			6
2026.06.04	01:58:19.728	0.79146	0.79155			6
2026.06.04	01:58:20.331	0.79145	0.79154			6
2026.06.04	01:58:21.787	0.79144	0.79153			6
2026.06.04	01:58:22.087	0.79145	0.79155			6
2026.06.04	01:58:22.688	0.79146				2
2026.06.04	01:58:23.870		0.79154			4
2026.06.04	01:58:25.189	0.79147				2
2026.06.04	01:58:30.120	0.79146	0.79153			6
2026.06.04	01:58:31.350	0.79150	0.79157			6
2026.06.04	01:58:35.008	0.79156	0.79162			6
2026.06.04	01:58:35.308	0.79154	0.79161			6
2026.06.04	01:58:35.908	0.79157	0.79166			6
2026.06.04	01:58:36.209	0.79156	0.79163			6
2026.06.04	01:58:37.788		0.79165			4
2026.06.04	01:58:38.096	0.79158				2
2026.06.04	01:58:38.697	0.79157	0.79164			6
2026.06.04	01:58:38.995	0.79156	0.79165			6
2026.06.04	01:58:39.294	0.79157				2
2026.06.04	01:58:42.247		0.79164			4
2026.06.04	01:58:42.548		0.79165			4
2026.06.04	01:58:42.848	0.79156	0.79163			6
2026.06.04	01:58:43.801	0.79154	0.79162			6
2026.06.04	01:58:45.078	0.79155				2
2026.06.04	01:58:45.379	0.79154	0.79163			6
2026.06.04	01:58:46.279	0.79153	0.79161			6
2026.06.04	01:58:48.766		0.79160			4
2026.06.04	01:58:49.064	0.79154				2
2026.06.04	01:58:49.365	0.79153	0.79162			6
2026.06.04	01:58:51.102	0.79152				2
2026.06.04	01:58:52.374		0.79163			4
2026.06.04	01:58:52.675		0.79161			4
2026.06.04	01:58:56.374	0.79151				2
2026.06.04	01:58:57.516	0.79146	0.79155			6
2026.06.04	01:58:58.972	0.79148	0.79157			6
2026.06.04	01:58:59.755	0.79152	0.79162			6
2026.06.04	01:59:00.055	0.79152	0.79163			6
2026.06.04	01:59:00.363	0.79151				2
2026.06.04	01:59:00.663		0.79162			4
2026.06.04	01:59:00.963		0.79163			4
2026.06.04	01:59:02.465		0.79161			4
2026.06.04	01:59:02.993		0.79162			4
2026.06.04	01:59:04.119		0.79163			4
2026.06.04	01:59:04.759		0.79162			4
2026.06.04	01:59:05.059		0.79163			4
2026.06.04	01:59:05.360	0.79152	0.79162			6
2026.06.04	01:59:07.163	0.79155	0.79166			6
2026.06.04	01:59:08.202	0.79154	0.79163			6
2026.06.04	01:59:12.384	0.79155	0.79165			6
2026.06.04	01:59:12.686	0.79154				2
2026.06.04	01:59:17.395	0.79152	0.79162			6
2026.06.04	01:59:18.547		0.79161			4
2026.06.04	01:59:18.847		0.79162			4
2026.06.04	01:59:19.489		0.79161			4
2026.06.04	01:59:20.094	0.79151	0.79160			6
2026.06.04	01:59:21.365	0.79153	0.79163			6
2026.06.04	01:59:22.541	0.79152	0.79162			6
2026.06.04	01:59:24.015	0.79150	0.79159			6
2026.06.04	01:59:24.314	0.79149				2
2026.06.04	01:59:24.614	0.79146	0.79155			6
2026.06.04	01:59:25.515	0.79144	0.79152			6
2026.06.04	01:59:26.415	0.79139	0.79145			6
2026.06.04	01:59:26.715	0.79133	0.79143			6
2026.06.04	01:59:27.016	0.79134				2
2026.06.04	01:59:27.315		0.79144			4
2026.06.04	01:59:27.615		0.79143			4
2026.06.04	01:59:28.216	0.79135	0.79146			6
2026.06.04	01:59:28.516	0.79136				2
2026.06.04	01:59:29.417	0.79137	0.79148			6
2026.06.04	01:59:29.718		0.79145			4
2026.06.04	01:59:30.320	0.79142	0.79151			6
2026.06.04	01:59:30.920		0.79152			4
2026.06.04	01:59:31.220	0.79141	0.79151			6
2026.06.04	01:59:31.521	0.79142				2
2026.06.04	01:59:31.822		0.79150			4
2026.06.04	01:59:33.774	0.79141	0.79152			6
2026.06.04	01:59:34.076	0.79142	0.79151			6
2026.06.04	01:59:34.376		0.79150			4
2026.06.04	01:59:35.277		0.79151			4
2026.06.04	01:59:36.838	0.79141	0.79147			6
2026.06.04	01:59:37.440	0.79144	0.79153			6
2026.06.04	01:59:38.342		0.79152			4
2026.06.04	01:59:39.668	0.79143	0.79151			6
2026.06.04	01:59:40.269	0.79144				2
2026.06.04	01:59:42.401	0.79143	0.79150			6
2026.06.04	01:59:42.703		0.79149			4
2026.06.04	01:59:43.908		0.79150			4
2026.06.04	01:59:45.450	0.79139	0.79147			6
2026.06.04	01:59:46.730	0.79140				2
2026.06.04	01:59:47.723	0.79141				2
2026.06.04	01:59:52.711	0.79140	0.79148			6
2026.06.04	01:59:53.416		0.79147			4
2026.06.04	01:59:53.716	0.79139	0.79146			6
2026.06.04	01:59:54.016	0.79138				2
2026.06.04	01:59:54.317	0.79139				2
2026.06.04	01:59:54.958	0.79133	0.79140			6
2026.06.04	01:59:55.558	0.79132				2
2026.06.04	01:59:56.458	0.79133				2
2026.06.04	01:59:58.708	0.79134	0.79141			6
2026.06.04	02:00:00.185	0.79132	0.79140			6
2026.06.04	02:00:00.486		0.79141			4
2026.06.04	02:00:00.786	0.79131	0.79139			6
2026.06.04	02:00:01.087	0.79132				2
2026.06.04	02:00:01.387		0.79140			4
2026.06.04	02:00:01.987	0.79131	0.79139			6
2026.06.04	02:00:02.963	0.79134	0.79141			6
2026.06.04	02:00:07.322	0.79137	0.79144			6
2026.06.04	02:00:07.622	0.79136				2
2026.06.04	02:00:08.576		0.79143			4
2026.06.04	02:00:09.527	0.79137	0.79144			6
2026.06.04	02:00:10.671		0.79143			4
2026.06.04	02:00:10.971		0.79144			4
2026.06.04	02:00:13.292	0.79135	0.79143			6
2026.06.04	02:00:13.588		0.79142			4
2026.06.04	02:00:13.888	0.79133	0.79139			6
2026.06.04	02:00:14.490	0.79130	0.79136			6
2026.06.04	02:00:14.789	0.79129				2
2026.06.04	02:00:15.088	0.79128	0.79135			6
2026.06.04	02:00:15.389		0.79136			4
2026.06.04	02:00:15.989	0.79129				2
2026.06.04	02:00:16.592	0.79130	0.79137			6
2026.06.04	02:00:18.083	0.79129				2
2026.06.04	02:00:18.384	0.79130				2
2026.06.04	02:00:19.482		0.79138			4
2026.06.04	02:00:20.180	0.79127	0.79133			6
2026.06.04	02:00:20.781		0.79134			4
2026.06.04	02:00:21.382	0.79126	0.79133			6
2026.06.04	02:00:22.284	0.79127				2
2026.06.04	02:00:23.302	0.79124	0.79131			6
2026.06.04	02:00:23.902	0.79123	0.79130			6
2026.06.04	02:00:24.204	0.79124	0.79132			6
2026.06.04	02:00:24.503	0.79125				2
2026.06.04	02:00:24.805	0.79126	0.79133			6
2026.06.04	02:00:25.871		0.79134			4
2026.06.04	02:00:26.188	0.79127				2
2026.06.04	02:00:26.490	0.79130	0.79137			6
2026.06.04	02:00:29.191	0.79132	0.79140			6
2026.06.04	02:00:30.562	0.79133				2
2026.06.04	02:00:30.958	0.79132				2
2026.06.04	02:00:31.263	0.79133	0.79141			6
2026.06.04	02:00:31.559	0.79134	0.79140			6
2026.06.04	02:00:32.279	0.79133				2
2026.06.04	02:00:33.477	0.79132	0.79139			6
2026.06.04	02:00:34.710		0.79138			4
2026.06.04	02:00:35.017		0.79139			4
2026.06.04	02:00:35.711	0.79133	0.79141			6
2026.06.04	02:00:38.479		0.79140			4
2026.06.04	02:00:41.072		0.79141			4
2026.06.04	02:00:43.046	0.79137	0.79143			6
2026.06.04	02:00:43.347		0.79144			4
2026.06.04	02:00:46.060		0.79143			4
2026.06.04	02:00:47.083	0.79138	0.79145			6
2026.06.04	02:00:47.383	0.79140	0.79147			6
2026.06.04	02:00:48.582	0.79143	0.79151			6
2026.06.04	02:00:49.278		0.79150			4
2026.06.04	02:00:49.577		0.79151			4
2026.06.04	02:00:49.878		0.79150			4
2026.06.04	02:00:50.178		0.79151			4
2026.06.04	02:00:52.308		0.79150			4
2026.06.04	02:00:53.958	0.79142				2
2026.06.04	02:00:54.257		0.79151			4
2026.06.04	02:00:54.558		0.79152			4
2026.06.04	02:00:54.857	0.79140	0.79147			6
2026.06.04	02:00:57.572	0.79139	0.79146			6
2026.06.04	02:00:58.564		0.79148			4
2026.06.04	02:00:58.864		0.79147			4
2026.06.04	02:01:00.062	0.79136	0.79144			6
2026.06.04	02:01:00.662	0.79134	0.79140			6
2026.06.04	02:01:00.963	0.79133	0.79141			6
2026.06.04	02:01:02.592		0.79140			4
2026.06.04	02:01:04.761		0.79141			4
2026.06.04	02:01:06.220		0.79140			4
2026.06.04	02:01:13.112	0.79134				2
2026.06.04	02:01:15.334	0.79135	0.79142			6
2026.06.04	02:01:16.769	0.79133	0.79140			6
2026.06.04	02:01:27.937	0.79132				2
2026.06.04	02:01:29.598	0.79131	0.79139			6
2026.06.04	02:01:30.878	0.79132				2
2026.06.04	02:01:32.149	0.79131	0.79137			6
2026.06.04	02:01:41.941	0.79130				2
2026.06.04	02:01:46.888	0.79131				2
2026.06.04	02:01:52.210	0.79129				2
2026.06.04	02:01:52.510	0.79130				2
2026.06.04	02:02:00.016	0.79130				2
2026.06.04	02:02:00.729	0.79129	0.79136			6
2026.06.04	02:02:01.367	0.79127	0.79134			6
2026.06.04	02:02:01.667		0.79135			4
2026.06.04	02:02:03.155	0.79124	0.79131			6
2026.06.04	02:02:04.389	0.79123				2
2026.06.04	02:02:05.620	0.79124	0.79132			6
2026.06.04	02:02:09.280	0.79123				2
2026.06.04	02:02:09.580		0.79131			4
2026.06.04	02:02:12.148	0.79124				2
2026.06.04	02:02:14.784		0.79132			4
2026.06.04	02:02:15.085	0.79123				2
2026.06.04	02:02:15.906	0.79125	0.79128			6
2026.06.04	02:02:16.507	0.79126	0.79129			6
2026.06.04	02:02:18.912	0.79125	0.79131			6
2026.06.04	02:02:19.213	0.79123				2
2026.06.04	02:02:19.618	0.79124				2
2026.06.04	02:02:21.726	0.79123				2
2026.06.04	02:02:22.026		0.79130			4
2026.06.04	02:02:22.326	0.79124	0.79131			6
2026.06.04	02:02:23.245	0.79125	0.79132			6
2026.06.04	02:02:24.174	0.79124				2
2026.06.04	02:02:30.271	0.79128	0.79134			6
2026.06.04	02:02:33.216	0.79127				2
2026.06.04	02:02:33.515		0.79135			4
2026.06.04	02:02:38.985		0.79134			4
2026.06.04	02:02:40.865	0.79126	0.79135			6
2026.06.04	02:02:41.408		0.79134			4
2026.06.04	02:02:42.008	0.79127	0.79135			6
2026.06.04	02:02:44.040	0.79129	0.79137			6
2026.06.04	02:02:44.339		0.79138			4
2026.06.04	02:02:45.426	0.79130				2
2026.06.04	02:02:45.727		0.79139			4
2026.06.04	02:02:46.835	0.79129				2
2026.06.04	02:02:47.135		0.79140			4
2026.06.04	02:02:47.745	0.79130				2
2026.06.04	02:02:49.044		0.79139			4
2026.06.04	02:02:50.116	0.79136	0.79144			6
2026.06.04	02:02:50.717	0.79137	0.79145			6
2026.06.04	02:02:51.020		0.79144			4
2026.06.04	02:02:51.317		0.79145			4
2026.06.04	02:02:54.911	0.79136				2
2026.06.04	02:02:55.211	0.79137				2
2026.06.04	02:02:56.613		0.79144			4
2026.06.04	02:02:58.512	0.79139	0.79146			6
2026.06.04	02:02:58.813	0.79134	0.79142			6
2026.06.04	02:03:00.137	0.79135				2
2026.06.04	02:03:00.439	0.79133				2
2026.06.04	02:03:02.666		0.79141			4
2026.06.04	02:03:03.266	0.79132	0.79142			6
2026.06.04	02:03:08.980	0.79133	0.79143			6
2026.06.04	02:03:10.627	0.79135				2
2026.06.04	02:03:11.528	0.79134				2
2026.06.04	02:03:11.829	0.79135				2
2026.06.04	02:03:13.218	0.79134				2
2026.06.04	02:03:14.092	0.79137	0.79144			6
2026.06.04	02:03:14.392	0.79136				2
2026.06.04	02:03:15.342	0.79135				2
2026.06.04	02:03:16.525	0.79136				2
2026.06.04	02:03:22.946	0.79135				2
2026.06.04	02:03:23.243		0.79143			4
2026.06.04	02:03:23.543		0.79142			4
2026.06.04	02:03:24.548	0.79133				2
2026.06.04	02:03:24.848	0.79134				2
2026.06.04	02:03:28.678		0.79143			4
2026.06.04	02:03:30.903	0.79135				2
2026.06.04	02:03:31.502	0.79134				2
2026.06.04	02:03:32.428		0.79142			4
2026.06.04	02:03:35.065	0.79135				2
2026.06.04	02:03:37.071	0.79129	0.79137			6
2026.06.04	02:03:45.087	0.79130	0.79136			6
2026.06.04	02:03:48.135	0.79129				2
2026.06.04	02:03:48.437	0.79130				2
2026.06.04	02:03:50.569		0.79137			4
2026.06.04	02:03:51.402	0.79128	0.79136			6
2026.06.04	02:03:52.729		0.79135			4
2026.06.04	02:03:53.820		0.79136			4
2026.06.04	02:03:57.082		0.79135			4
2026.06.04	02:03:57.682	0.79129	0.79136			6
2026.06.04	02:04:00.153	0.79129	0.79135			6
2026.06.04	02:04:00.453	0.79132	0.79138			6
2026.06.04	02:04:01.151		0.79139			4
2026.06.04	02:04:01.452	0.79131				2
2026.06.04	02:04:06.786	0.79135	0.79142			6
2026.06.04	02:04:11.367	0.79134	0.79141			6
2026.06.04	02:04:12.110	0.79133	0.79140			6
2026.06.04	02:04:14.765	0.79134	0.79141			6
2026.06.04	02:04:16.924	0.79133				2
2026.06.04	02:04:18.616	0.79136	0.79142			6
2026.06.04	02:04:19.517		0.79143			4
2026.06.04	02:04:19.817	0.79137	0.79144			6
2026.06.04	02:04:21.252		0.79143			4
2026.06.04	02:04:21.551		0.79144			4
2026.06.04	02:04:24.071	0.79136	0.79143			6
2026.06.04	02:04:25.111	0.79135				2
2026.06.04	02:04:31.196	0.79137				2
2026.06.04	02:04:32.407	0.79138	0.79145			6
2026.06.04	02:04:40.184	0.79137	0.79144			6
2026.06.04	02:04:40.483	0.79138	0.79145			6
2026.06.04	02:04:40.784	0.79137	0.79144			6
2026.06.04	02:04:43.149	0.79138	0.79145			6
2026.06.04	02:04:43.450	0.79137	0.79144			6
2026.06.04	02:04:45.634	0.79138	0.79145			6
2026.06.04	02:04:46.684	0.79137	0.79144			6
2026.06.04	02:04:46.984	0.79138	0.79145			6
2026.06.04	02:04:47.426	0.79137				2
2026.06.04	02:04:47.727		0.79144			4
2026.06.04	02:04:48.736	0.79134	0.79142			6
2026.06.04	02:04:52.284	0.79133				2
2026.06.04	02:04:55.619	0.79131	0.79140			6
2026.06.04	02:04:55.918	0.79133	0.79141			6
2026.06.04	02:04:56.910	0.79131	0.79140			6
2026.06.04	02:04:57.209	0.79132				2
2026.06.04	02:04:59.187	0.79134	0.79141			6
2026.06.04	02:05:03.136	0.79134				2
2026.06.04	02:05:03.437	0.79136	0.79143			6
2026.06.04	02:05:05.414	0.79135				2
2026.06.04	02:05:07.544	0.79136				2
