<DATE>	<TIME>	<BID>	<ASK>	<LAST>	<VOLUME>	<FLAGS>
2026.04.15	00:03:30.134	0.78046	0.78174			6
2026.04.15	00:04:15.132	0.78046	0.78173			6
2026.04.15	00:04:16.538	0.78047				2
2026.04.15	00:05:00.478	0.78047	0.78156			6
2026.04.15	00:05:00.777	0.78045				2
2026.04.15	00:05:01.078		0.78168			4
2026.04.15	00:05:30.991	0.78053				2
2026.04.15	00:05:47.743		0.78141			4
2026.04.15	00:06:01.003	0.78053				2
2026.04.15	00:06:10.572	0.78047				2
2026.04.15	00:06:41.496	0.78054				2
2026.04.15	00:06:42.250	0.78047				2
2026.04.15	00:07:06.538	0.78047	0.78141			6
2026.04.15	00:07:52.582	0.78054				2
2026.04.15	00:08:20.230	0.78054	0.78141			6
2026.04.15	00:08:32.253	0.78047				2
2026.04.15	00:09:00.072	0.78047				2
2026.04.15	00:09:00.371	0.78043				2
2026.04.15	00:09:21.001		0.78141			4
2026.04.15	00:09:53.169	0.78044				2
2026.04.15	00:10:00.370	0.78044				2
2026.04.15	00:10:00.670		0.78133			4
2026.04.15	00:10:01.582	0.78043				2
2026.04.15	00:11:01.576	0.78043	0.78133			6
2026.04.15	00:11:32.477	0.78046				2
2026.04.15	00:12:00.518	0.78046				2
2026.04.15	00:12:02.177		0.78133			4
2026.04.15	00:12:46.389		0.78141			4
2026.04.15	00:12:59.811	0.78053				2
2026.04.15	00:13:00.521	0.78053				2
2026.04.15	00:13:46.579		0.78141			4
2026.04.15	00:14:00.019	0.78053				2
2026.04.15	00:14:49.277		0.78141			4
2026.04.15	00:14:54.903	0.78040	0.78144			6
2026.04.15	00:15:00.010	0.78040				2
2026.04.15	00:15:31.914	0.78041	0.78145			6
2026.04.15	00:15:36.422	0.78053	0.78207			6
2026.04.15	00:15:37.412		0.78150			4
2026.04.15	00:16:03.076	0.78053				2
2026.04.15	00:16:06.416	0.78038				2
2026.04.15	00:16:08.247	0.78041				2
2026.04.15	00:16:41.004		0.78150			4
2026.04.15	00:17:05.176	0.78041				2
2026.04.15	00:17:08.246	0.78046				2
2026.04.15	00:17:46.577		0.78150			4
2026.04.15	00:18:01.576	0.78046				2
2026.04.15	00:18:49.115		0.78150			4
2026.04.15	00:19:01.277	0.78046				2
2026.04.15	00:19:08.250	0.78050				2
2026.04.15	00:19:17.864		0.78178			4
2026.04.15	00:20:00.676	0.78050				2
2026.04.15	00:20:07.950	0.78043				2
2026.04.15	00:20:19.277		0.78178			4
2026.04.15	00:20:55.878	0.78053				2
2026.04.15	00:21:00.321	0.78053				2
2026.04.15	00:21:07.835		0.78180			4
2026.04.15	00:21:52.882	0.78061				2
2026.04.15	00:22:00.376	0.78061				2
2026.04.15	00:22:08.176		0.78180			4
2026.04.15	00:22:25.263	0.78041				2
2026.04.15	00:22:57.837		0.78176			4
2026.04.15	00:23:00.077	0.78041				2
2026.04.15	00:23:25.279	0.78047				2
2026.04.15	00:23:58.876		0.78176			4
2026.04.15	00:24:00.377	0.78047				2
2026.04.15	00:24:51.590	0.78041				2
2026.04.15	00:25:00.077	0.78041	0.78176			6
2026.04.15	00:25:29.455	0.78043				2
2026.04.15	00:26:01.877	0.78043	0.78176			6
2026.04.15	00:27:00.228	0.78043				2
2026.04.15	00:27:01.877		0.78176			4
2026.04.15	00:28:09.376	0.78043	0.78176			6
2026.04.15	00:29:02.177	0.78043				2
2026.04.15	00:29:06.539	0.78044				2
2026.04.15	00:29:13.277		0.78176			4
2026.04.15	00:29:24.976	0.78048				2
2026.04.15	00:29:41.650	0.78047				2
2026.04.15	00:30:00.075	0.78047				2
2026.04.15	00:30:00.377	0.78046				2
2026.04.15	00:30:03.587		0.78143			4
2026.04.15	00:30:03.926		0.78176			4
2026.04.15	00:30:04.231		0.78143			4
2026.04.15	00:30:04.532		0.78176			4
2026.04.15	00:30:04.832		0.78143			4
2026.04.15	00:30:05.137		0.78176			4
2026.04.15	00:30:05.437		0.78143			4
2026.04.15	00:30:05.738		0.78176			4
2026.04.15	00:30:06.039		0.78143			4
2026.04.15	00:30:06.339		0.78176			4
2026.04.15	00:30:06.641		0.78143			4
2026.04.15	00:30:06.941		0.78176			4
2026.04.15	00:30:17.845		0.78179			4
2026.04.15	00:31:00.227	0.78046				2
2026.04.15	00:31:12.847	0.78050	0.78174			6
2026.04.15	00:32:00.114	0.78050				2
2026.04.15	00:32:07.879	0.78048				2
2026.04.15	00:32:13.277		0.78174			4
2026.04.15	00:33:00.977	0.78048				2
2026.04.15	00:33:13.277		0.78174			4
2026.04.15	00:34:00.077	0.78048				2
2026.04.15	00:34:14.477		0.78174			4
2026.04.15	00:36:59.499	0.78053	0.78174			6
2026.04.15	00:37:01.867	0.78053				2
2026.04.15	00:37:29.179	0.78056				2
2026.04.15	00:38:01.003	0.78056	0.78174			6
2026.04.15	00:38:24.351	0.78054				2
2026.04.15	00:39:01.886	0.78054	0.78174			6
2026.04.15	00:39:19.066	0.78052				2
2026.04.15	00:39:49.184	0.78042				2
2026.04.15	00:40:00.678	0.78042				2
2026.04.15	00:40:02.178		0.78174			4
2026.04.15	00:40:44.185	0.78039				2
2026.04.15	00:41:00.226	0.78039				2
2026.04.15	00:41:03.976		0.78174			4
2026.04.15	00:42:00.670	0.78039				2
2026.04.15	00:42:16.580		0.78174			4
2026.04.15	00:42:34.187	0.78043				2
2026.04.15	00:43:01.580	0.78043				2
2026.04.15	00:43:17.477		0.78174			4
2026.04.15	00:43:29.188	0.78040				2
2026.04.15	00:44:00.228	0.78040				2
2026.04.15	00:44:18.677		0.78174			4
2026.04.15	00:44:24.189	0.78039				2
2026.04.15	00:45:02.148	0.78059	0.78204			6
2026.04.15	00:45:04.857	0.78039	0.78174			6
2026.04.15	00:45:19.192	0.78043				2
2026.04.15	00:46:00.977	0.78043				2
2026.04.15	00:46:06.977		0.78174			4
2026.04.15	00:46:14.193	0.78040				2
2026.04.15	00:47:01.061	0.78040				2
2026.04.15	00:47:02.155	0.78037	0.78210			6
2026.04.15	00:47:02.456	0.78062	0.78209			6
2026.04.15	00:47:04.865	0.78040	0.78174			6
2026.04.15	00:47:09.193	0.78041				2
2026.04.15	00:47:36.363	0.78037				2
2026.04.15	00:48:00.229	0.78037				2
2026.04.15	00:48:05.178		0.78174			4
2026.04.15	00:49:01.277	0.78037				2
2026.04.15	00:49:06.540		0.78174			4
2026.04.15	00:50:00.078	0.78037				2
2026.04.15	00:50:06.723		0.78174			4
2026.04.15	00:51:01.002	0.78037				2
2026.04.15	00:51:12.076		0.78174			4
2026.04.15	00:51:23.194	0.78036				2
2026.04.15	00:52:04.877	0.78036				2
2026.04.15	00:52:20.176		0.78174			4
2026.04.15	00:52:39.089	0.78035				2
2026.04.15	00:53:00.229	0.78035				2
2026.04.15	00:53:06.479	0.78036				2
2026.04.15	00:53:20.912		0.78174			4
2026.04.15	00:54:00.227	0.78036				2
2026.04.15	00:54:01.373	0.78035				2
2026.04.15	00:54:04.378	0.78034				2
2026.04.15	00:54:10.753	0.78040				2
2026.04.15	00:54:21.037		0.78174			4
2026.04.15	00:54:31.223	0.78034				2
2026.04.15	00:55:00.076	0.78034				2
2026.04.15	00:55:09.351		0.78201			4
2026.04.15	00:55:09.649		0.78174			4
2026.04.15	00:56:00.139	0.78034				2
2026.04.15	00:56:09.759		0.78174			4
2026.04.15	00:56:39.549	0.78035				2
2026.04.15	00:56:44.355	0.78034				2
2026.04.15	00:56:46.465	0.78031				2
2026.04.15	00:57:00.006	0.78031				2
2026.04.15	00:57:09.934		0.78174			4
2026.04.15	00:57:21.675	0.78034				2
2026.04.15	00:57:40.945	0.78035				2
2026.04.15	00:57:41.545	0.78036	0.78175			6
2026.04.15	00:57:45.455	0.78037				2
2026.04.15	00:57:47.872	0.78038				2
2026.04.15	00:57:54.797	0.78036				2
2026.04.15	00:58:00.211	0.78036				2
2026.04.15	00:58:36.599		0.78174			4
2026.04.15	00:58:44.418	0.78033				2
2026.04.15	00:59:00.067	0.78033				2
2026.04.15	00:59:00.367	0.78034				2
2026.04.15	00:59:04.281	0.78036				2
2026.04.15	00:59:14.511	0.78037	0.78173			6
2026.04.15	00:59:16.616	0.78040	0.78170			6
2026.04.15	00:59:18.115	0.78039	0.78171			6
2026.04.15	00:59:20.217	0.78045	0.78165			6
2026.04.15	00:59:25.028	0.78044	0.78166			6
2026.04.15	00:59:25.630	0.78041	0.78169			6
2026.04.15	00:59:29.845	0.78040	0.78170			6
2026.04.15	00:59:39.177	0.78041	0.78169			6
2026.04.15	00:59:45.482	0.78040	0.78170			6
2026.04.15	00:59:53.006	0.78039	0.78171			6
2026.04.15	00:59:54.809	0.78038				2
2026.04.15	00:59:55.109		0.78172			4
2026.04.15	00:59:58.420	0.78039	0.78171			6
2026.04.15	01:00:00.226	0.78036	0.78176			6
2026.04.15	01:00:00.828		0.78169			4
2026.04.15	01:00:01.120	0.78014	0.78175			6
2026.04.15	01:00:01.421	0.78021	0.78167			6
2026.04.15	01:00:01.724		0.78166			4
2026.04.15	01:00:02.025	0.78022	0.78174			6
2026.04.15	01:00:02.321	0.78027	0.78142			6
2026.04.15	01:00:02.625	0.78052	0.78131			6
2026.04.15	01:00:02.922	0.78053	0.78132			6
2026.04.15	01:00:03.223	0.78058	0.78137			6
2026.04.15	01:00:03.522	0.78057	0.78136			6
2026.04.15	01:00:03.824	0.78056	0.78135			6
2026.04.15	01:00:04.425	0.78055	0.78134			6
2026.04.15	01:00:04.730	0.78056	0.78135			6
2026.04.15	01:00:05.027	0.78041	0.78124			6
2026.04.15	01:00:05.627	0.78040	0.78123			6
2026.04.15	01:00:05.926	0.78041	0.78124			6
2026.04.15	01:00:06.228	0.78040				2
2026.04.15	01:00:07.728	0.78026	0.78136			6
2026.04.15	01:00:10.436	0.78025	0.78140			6
2026.04.15	01:00:16.446		0.78139			4
2026.04.15	01:00:20.346	0.78028				2
2026.04.15	01:00:20.948		0.78138			4
2026.04.15	01:00:21.549		0.78136			4
2026.04.15	01:00:21.852		0.78138			4
2026.04.15	01:00:30.561	0.78026				2
2026.04.15	01:00:35.370	0.78027				2
2026.04.15	01:00:36.271	0.78026				2
2026.04.15	01:00:37.173	0.78027				2
2026.04.15	01:00:37.773	0.78026	0.78135			6
2026.04.15	01:00:39.876	0.78024	0.78124			6
2026.04.15	01:00:43.780	0.78028	0.78123			6
2026.04.15	01:00:45.284	0.78031				2
2026.04.15	01:00:46.482	0.78036				2
2026.04.15	01:00:49.183	0.78035	0.78121			6
2026.04.15	01:00:51.287	0.78042				2
2026.04.15	01:00:51.585	0.78047				2
2026.04.15	01:00:52.187	0.78034				2
2026.04.15	01:00:52.487	0.78037				2
2026.04.15	01:00:54.594	0.78034				2
2026.04.15	01:00:55.795	0.78044				2
2026.04.15	01:00:57.598	0.78037				2
2026.04.15	01:00:58.198	0.78042				2
2026.04.15	01:01:00.002	0.78042				2
2026.04.15	01:01:00.304	0.78053				2
2026.04.15	01:01:00.606	0.78056	0.78113			6
2026.04.15	01:01:01.505	0.78053				2
2026.04.15	01:01:02.409	0.78058				2
2026.04.15	01:01:03.308	0.78060				2
2026.04.15	01:01:04.813		0.78112			4
2026.04.15	01:01:06.915	0.78061	0.78113			6
2026.04.15	01:01:07.516	0.78057				2
2026.04.15	01:01:08.115	0.78059				2
2026.04.15	01:01:09.317	0.78061				2
2026.04.15	01:01:09.621	0.78063				2
2026.04.15	01:01:09.919		0.78112			4
2026.04.15	01:01:15.022		0.78113			4
2026.04.15	01:01:16.523		0.78107			4
2026.04.15	01:01:18.624	0.78064				2
2026.04.15	01:01:21.329	0.78063				2
2026.04.15	01:01:23.138	0.78064				2
2026.04.15	01:01:24.336	0.78063				2
2026.04.15	01:01:26.142	0.78064				2
2026.04.15	01:01:29.147	0.78063				2
2026.04.15	01:01:29.748	0.78068	0.78110			6
2026.04.15	01:01:30.044	0.78066	0.78111			6
2026.04.15	01:01:31.243	0.78064				2
2026.04.15	01:01:32.745	0.78062				2
2026.04.15	01:01:33.347	0.78066				2
2026.04.15	01:01:33.647	0.78068				2
2026.04.15	01:01:33.949	0.78066				2
2026.04.15	01:01:34.247	0.78067	0.78123			6
2026.04.15	01:01:34.548	0.78071	0.78127			6
2026.04.15	01:01:34.848	0.78066	0.78114			6
2026.04.15	01:01:35.149	0.78070	0.78112			6
2026.04.15	01:01:35.448	0.78068				2
2026.04.15	01:01:36.053	0.78070	0.78118			6
2026.04.15	01:01:36.649	0.78067	0.78123			6
2026.04.15	01:01:37.552	0.78074	0.78119			6
2026.04.15	01:01:37.850	0.78073				2
2026.04.15	01:01:38.751	0.78069				2
2026.04.15	01:01:39.354	0.78077	0.78122			6
2026.04.15	01:01:46.559	0.78079	0.78121			6
2026.04.15	01:01:53.775	0.78075	0.78114			6
2026.04.15	01:01:55.574	0.78065	0.78108			6
2026.04.15	01:01:55.882	0.78069	0.78107			6
2026.04.15	01:02:00.084	0.78069				2
2026.04.15	01:02:01.285	0.78070				2
2026.04.15	01:02:10.907	0.78072	0.78105			6
2026.04.15	01:02:19.921		0.78109			4
2026.04.15	01:02:20.822	0.78070				2
2026.04.15	01:02:21.119	0.78073				2
2026.04.15	01:02:24.424	0.78076	0.78102			6
2026.04.15	01:02:34.635		0.78104			4
2026.04.15	01:02:39.144		0.78101			4
2026.04.15	01:02:57.460		0.78104			4
2026.04.15	01:03:00.169	0.78076				2
2026.04.15	01:03:13.683		0.78102			4
2026.04.15	01:03:13.982		0.78103			4
2026.04.15	01:03:24.194	0.78074				2
2026.04.15	01:03:34.710	0.78079	0.78104			6
2026.04.15	01:03:35.608	0.78076				2
2026.04.15	01:03:57.829	0.78082	0.78106			6
2026.04.15	01:03:58.732		0.78105			4
2026.04.15	01:04:00.236	0.78082				2
2026.04.15	01:04:00.530	0.78078	0.78104			6
2026.04.15	01:04:19.161	0.78076	0.78103			6
2026.04.15	01:04:21.265	0.78075				2
2026.04.15	01:04:28.777	0.78074	0.78102			6
2026.04.15	01:04:51.913	0.78076	0.78103			6
2026.04.15	01:04:54.315		0.78102			4
2026.04.15	01:04:55.517	0.78081	0.78107			6
2026.04.15	01:04:58.818	0.78080	0.78109			6
2026.04.15	01:04:59.720	0.78081	0.78110			6
2026.04.15	01:05:00.018	0.78080	0.78109			6
2026.04.15	01:05:00.324	0.78079	0.78104			6
2026.04.15	01:05:00.922		0.78102			4
2026.04.15	01:05:01.226		0.78104			4
2026.04.15	01:05:03.629		0.78113			4
2026.04.15	01:05:10.844	0.78076	0.78114			6
2026.04.15	01:05:11.747	0.78079	0.78112			6
2026.04.15	01:05:12.348		0.78113			4
2026.04.15	01:05:24.361	0.78077	0.78114			6
2026.04.15	01:05:26.171		0.78111			4
2026.04.15	01:05:26.765		0.78113			4
2026.04.15	01:05:30.373	0.78075	0.78110			6
2026.04.15	01:05:30.673	0.78078	0.78113			6
2026.04.15	01:05:36.992		0.78111			4
2026.04.15	01:05:47.218		0.78112			4
2026.04.15	01:05:52.023		0.78110			4
2026.04.15	01:05:57.739	0.78077	0.78107			6
2026.04.15	01:06:00.147	0.78077				2
2026.04.15	01:06:07.952	0.78074	0.78110			6
2026.04.15	01:06:08.258	0.78077	0.78108			6
2026.04.15	01:06:18.468	0.78074	0.78110			6
2026.04.15	01:06:21.472		0.78104			4
2026.04.15	01:06:21.774	0.78065	0.78105			6
2026.04.15	01:06:34.690	0.78066	0.78101			6
2026.04.15	01:06:35.291	0.78065	0.78104			6
2026.04.15	01:06:37.694	0.78063	0.78101			6
2026.04.15	01:06:46.720		0.78103			4
2026.04.15	01:06:47.321		0.78107			4
2026.04.15	01:06:54.245	0.78062				2
2026.04.15	01:06:56.051	0.78063				2
2026.04.15	01:06:59.350		0.78106			4
2026.04.15	01:06:59.951		0.78103			4
2026.04.15	01:07:00.250	0.78063				2
2026.04.15	01:07:36.609	0.78062	0.78102			6
2026.04.15	01:07:45.019	0.78063				2
2026.04.15	01:07:46.824		0.78103			4
2026.04.15	01:07:52.529		0.78108			4
2026.04.15	01:08:00.038	0.78063				2
2026.04.15	01:08:02.141	0.78064				2
2026.04.15	01:08:03.646	0.78072	0.78106			6
2026.04.15	01:08:10.857	0.78071	0.78101			6
2026.04.15	01:08:16.874		0.78100			4
2026.04.15	01:08:17.475		0.78105			4
2026.04.15	01:08:21.689	0.78070				2
2026.04.15	01:08:22.290		0.78100			4
2026.04.15	01:08:28.900	0.78065				2
2026.04.15	01:08:29.501		0.78104			4
2026.04.15	01:08:33.709	0.78071				2
2026.04.15	01:08:35.516	0.78067	0.78099			6
2026.04.15	01:08:46.625		0.78102			4
2026.04.15	01:09:00.148	0.78067				2
2026.04.15	01:09:07.662	0.78066				2
2026.04.15	01:09:11.870	0.78069	0.78104			6
2026.04.15	01:09:13.372	0.78068	0.78102			6
2026.04.15	01:09:14.275		0.78100			4
2026.04.15	01:09:17.879	0.78064	0.78101			6
2026.04.15	01:09:18.482	0.78067	0.78099			6
2026.04.15	01:09:19.384	0.78068	0.78098			6
2026.04.15	01:09:19.681		0.78097			4
2026.04.15	01:09:25.088		0.78098			4
2026.04.15	01:09:27.493	0.78063	0.78097			6
2026.04.15	01:09:28.696	0.78064				2
2026.04.15	01:09:28.995	0.78068	0.78099			6
2026.04.15	01:09:29.292		0.78100			4
2026.04.15	01:09:30.498	0.78072	0.78099			6
2026.04.15	01:09:40.716	0.78067	0.78098			6
2026.04.15	01:09:41.609		0.78099			4
2026.04.15	01:09:57.819		0.78098			4
2026.04.15	01:09:59.324		0.78099			4
2026.04.15	01:10:00.225	0.78067				2
2026.04.15	01:10:00.528		0.78098			4
2026.04.15	01:10:02.325		0.78097			4
2026.04.15	01:10:07.133		0.78098			4
2026.04.15	01:10:12.846		0.78097			4
2026.04.15	01:10:13.144	0.78066				2
2026.04.15	01:10:29.072		0.78096			4
2026.04.15	01:10:34.189	0.78068	0.78098			6
2026.04.15	01:10:38.100	0.78067				2
2026.04.15	01:10:40.809	0.78066	0.78099			6
2026.04.15	01:10:41.113		0.78098			4
2026.04.15	01:10:43.814	0.78068				2
2026.04.15	01:10:44.411		0.78099			4
2026.04.15	01:10:44.712	0.78071	0.78097			6
2026.04.15	01:10:45.911	0.78073				2
2026.04.15	01:10:58.543		0.78096			4
2026.04.15	01:10:59.745		0.78098			4
2026.04.15	01:11:00.046	0.78073				2
2026.04.15	01:11:00.347	0.78072	0.78106			6
2026.04.15	01:11:00.648		0.78093			4
2026.04.15	01:11:00.947		0.78097			4
2026.04.15	01:11:01.847		0.78096			4
2026.04.15	01:11:03.951	0.78073	0.78099			6
2026.04.15	01:11:04.253	0.78072	0.78096			6
2026.04.15	01:11:04.547	0.78074	0.78104			6
2026.04.15	01:11:04.849		0.78098			4
2026.04.15	01:11:05.148	0.78073				2
2026.04.15	01:11:07.551		0.78099			4
2026.04.15	01:11:08.751	0.78072				2
2026.04.15	01:11:10.862	0.78073				2
2026.04.15	01:11:11.159		0.78098			4
2026.04.15	01:11:15.372		0.78099			4
2026.04.15	01:11:15.675	0.78087	0.78090			6
2026.04.15	01:11:15.972	0.78090	0.78093			6
2026.04.15	01:11:16.271	0.78077	0.78108			6
2026.04.15	01:11:16.573		0.78098			4
2026.04.15	01:11:20.481		0.78097			4
2026.04.15	01:11:21.383		0.78098			4
2026.04.15	01:11:22.583		0.78097			4
2026.04.15	01:11:25.889	0.78078	0.78099			6
2026.04.15	01:11:26.487	0.78077				2
2026.04.15	01:11:39.706	0.78078				2
2026.04.15	01:11:40.608		0.78098			4
2026.04.15	01:11:43.013		0.78097			4
2026.04.15	01:11:55.644	0.78079	0.78098			6
2026.04.15	01:11:55.942	0.78078				2
2026.04.15	01:11:56.241	0.78073	0.78096			6
2026.04.15	01:12:00.151	0.78073				2
2026.04.15	01:12:04.361	0.78074	0.78097			6
2026.04.15	01:12:04.663	0.78075	0.78103			6
2026.04.15	01:12:04.960	0.78074	0.78097			6
2026.04.15	01:12:17.888	0.78083	0.78114			6
2026.04.15	01:12:18.191		0.78101			4
2026.04.15	01:12:20.893		0.78102			4
2026.04.15	01:12:22.993	0.78081				2
2026.04.15	01:12:23.299		0.78101			4
2026.04.15	01:12:42.819		0.78100			4
2026.04.15	01:12:44.624		0.78101			4
2026.04.15	01:12:55.447		0.78104			4
2026.04.15	01:12:55.746		0.78103			4
2026.04.15	01:12:56.048		0.78101			4
2026.04.15	01:12:58.749		0.78103			4
2026.04.15	01:12:59.349		0.78102			4
2026.04.15	01:13:00.252	0.78081				2
2026.04.15	01:13:14.402	0.78082				2
2026.04.15	01:13:24.023	0.78083	0.78103			6
2026.04.15	01:13:27.024		0.78102			4
2026.04.15	01:13:29.430		0.78103			4
2026.04.15	01:13:33.046		0.78102			4
2026.04.15	01:13:36.046		0.78103			4
2026.04.15	01:13:36.947		0.78102			4
2026.04.15	01:13:39.947		0.78103			4
2026.04.15	01:13:40.549		0.78102			4
2026.04.15	01:13:42.649	0.78082				2
2026.04.15	01:13:47.765		0.78101			4
2026.04.15	01:13:53.175	0.78081				2
2026.04.15	01:13:53.473	0.78082				2
2026.04.15	01:13:55.277		0.78100			4
2026.04.15	01:13:57.382		0.78101			4
2026.04.15	01:14:00.091	0.78082				2
2026.04.15	01:14:01.896	0.78080	0.78102			6
2026.04.15	01:14:06.403		0.78101			4
2026.04.15	01:14:09.711		0.78102			4
2026.04.15	01:14:10.011	0.78081				2
2026.04.15	01:14:10.311		0.78103			4
2026.04.15	01:14:16.620	0.78082				2
2026.04.15	01:14:19.622	0.78080	0.78104			6
2026.04.15	01:14:25.344		0.78101			4
2026.04.15	01:14:25.643		0.78100			4
2026.04.15	01:14:27.145		0.78101			4
2026.04.15	01:14:35.576		0.78100			4
2026.04.15	01:14:36.775		0.78101			4
2026.04.15	01:14:38.277		0.78100			4
2026.04.15	01:14:42.486		0.78101			4
2026.04.15	01:14:42.792	0.78081	0.78103			6
2026.04.15	01:14:43.688		0.78104			4
2026.04.15	01:14:44.588		0.78103			4
2026.04.15	01:14:46.990	0.78079				2
2026.04.15	01:14:48.491		0.78099			4
2026.04.15	01:14:50.295		0.78100			4
2026.04.15	01:14:50.596	0.78077				2
2026.04.15	01:14:50.900	0.78075	0.78098			6
2026.04.15	01:14:51.198		0.78099			4
2026.04.15	01:14:53.607	0.78074				2
2026.04.15	01:14:59.317	0.78073				2
2026.04.15	01:15:00.218	0.78073				2
2026.04.15	01:15:02.318		0.78100			4
2026.04.15	01:15:06.825	0.78070	0.78098			6
2026.04.15	01:15:07.125	0.78069	0.78100			6
2026.04.15	01:15:20.960	0.78068	0.78098			6
2026.04.15	01:15:21.260	0.78067	0.78097			6
2026.04.15	01:15:21.861	0.78068				2
2026.04.15	01:15:23.974	0.78067	0.78096			6
2026.04.15	01:15:26.077	0.78065	0.78095			6
2026.04.15	01:15:26.381	0.78064	0.78093			6
2026.04.15	01:15:26.978		0.78095			4
2026.04.15	01:15:28.782		0.78094			4
2026.04.15	01:15:31.800		0.78095			4
2026.04.15	01:15:33.301		0.78096			4
2026.04.15	01:15:33.902	0.78067				2
2026.04.15	01:15:37.210	0.78068				2
2026.04.15	01:15:42.018	0.78073				2
2026.04.15	01:15:44.722	0.78074				2
2026.04.15	01:15:50.128	0.78067	0.78095			6
2026.04.15	01:15:50.427		0.78094			4
2026.04.15	01:15:52.235	0.78065				2
2026.04.15	01:15:57.644	0.78066				2
2026.04.15	01:15:59.749	0.78061	0.78079			6
2026.04.15	01:16:00.046	0.78061				2
2026.04.15	01:16:01.847		0.78078			4
2026.04.15	01:16:03.051	0.78060	0.78080			6
2026.04.15	01:16:06.655	0.78059	0.78075			6
2026.04.15	01:16:08.462		0.78074			4
2026.04.15	01:16:09.064	0.78055				2
2026.04.15	01:16:09.363	0.78058				2
2026.04.15	01:16:13.279	0.78056				2
2026.04.15	01:16:13.575	0.78055	0.78071			6
2026.04.15	01:16:14.178	0.78059	0.78072			6
2026.04.15	01:16:15.090	0.78060	0.78071			6
2026.04.15	01:16:18.382		0.78072			4
2026.04.15	01:16:19.884		0.78071			4
2026.04.15	01:16:24.691	0.78064	0.78082			6
2026.04.15	01:16:32.809		0.78083			4
2026.04.15	01:16:43.625		0.78084			4
2026.04.15	01:16:43.928		0.78083			4
2026.04.15	01:16:44.224	0.78065	0.78084			6
2026.04.15	01:16:44.523		0.78083			4
2026.04.15	01:16:51.747		0.78082			4
2026.04.15	01:16:54.151	0.78064	0.78083			6
2026.04.15	01:16:54.454		0.78081			4
2026.04.15	01:16:55.050		0.78080			4
2026.04.15	01:16:55.349		0.78081			4
2026.04.15	01:16:55.652		0.78079			4
2026.04.15	01:16:57.453		0.78080			4
2026.04.15	01:16:59.258		0.78081			4
2026.04.15	01:16:59.558	0.78065				2
2026.04.15	01:17:00.161	0.78065				2
2026.04.15	01:17:00.460	0.78064	0.78080			6
2026.04.15	01:17:05.272		0.78082			4
2026.04.15	01:17:06.477		0.78081			4
2026.04.15	01:17:10.984		0.78082			4
2026.04.15	01:17:11.586		0.78080			4
2026.04.15	01:17:12.189	0.78065				2
2026.04.15	01:17:15.496	0.78064	0.78081			6
2026.04.15	01:17:23.910	0.78065				2
2026.04.15	01:17:25.413		0.78080			4
2026.04.15	01:17:26.919		0.78081			4
2026.04.15	01:17:31.117	0.78066	0.78083			6
2026.04.15	01:17:31.718	0.78068				2
2026.04.15	01:17:37.428		0.78082			4
2026.04.15	01:17:37.729	0.78069	0.78084			6
2026.04.15	01:17:49.750	0.78068	0.78083			6
2026.04.15	01:17:59.969	0.78067				2
2026.04.15	01:18:00.270	0.78067				2
2026.04.15	01:18:01.773	0.78069	0.78084			6
2026.04.15	01:18:11.098		0.78085			4
2026.04.15	01:18:12.297		0.78086			4
2026.04.15	01:18:13.794		0.78085			4
2026.04.15	01:18:22.809	0.78071	0.78086			6
2026.04.15	01:18:23.109		0.78085			4
2026.04.15	01:18:24.910		0.78086			4
2026.04.15	01:18:33.325		0.78085			4
2026.04.15	01:18:50.169		0.78086			4
2026.04.15	01:18:51.973		0.78085			4
2026.04.15	01:18:54.076		0.78086			4
2026.04.15	01:18:55.581		0.78085			4
2026.04.15	01:19:00.091	0.78071				2
2026.04.15	01:19:00.991		0.78084			4
2026.04.15	01:19:01.893		0.78085			4
2026.04.15	01:19:26.535		0.78084			4
2026.04.15	01:19:27.742		0.78083			4
2026.04.15	01:19:29.244	0.78070				2
2026.04.15	01:19:31.348		0.78084			4
2026.04.15	01:19:34.956		0.78085			4
2026.04.15	01:19:36.161		0.78084			4
2026.04.15	01:19:37.365	0.78072	0.78086			6
2026.04.15	01:19:39.773		0.78084			4
2026.04.15	01:19:54.795		0.78087			4
2026.04.15	01:19:55.100		0.78086			4
2026.04.15	01:19:55.996		0.78087			4
2026.04.15	01:19:58.100		0.78086			4
2026.04.15	01:20:00.204	0.78072				2
2026.04.15	01:20:00.503		0.78087			4
2026.04.15	01:20:00.804		0.78088			4
2026.04.15	01:20:05.908	0.78073				2
2026.04.15	01:20:13.416		0.78092			4
2026.04.15	01:20:13.717		0.78088			4
2026.04.15	01:20:17.318		0.78090			4
2026.04.15	01:20:17.618		0.78088			4
2026.04.15	01:20:23.631	0.78077	0.78089			6
2026.04.15	01:20:23.933		0.78092			4
2026.04.15	01:20:25.431		0.78091			4
2026.04.15	01:20:31.144		0.78092			4
2026.04.15	01:20:42.269		0.78093			4
2026.04.15	01:20:43.474		0.78092			4
2026.04.15	01:20:45.575		0.78091			4
2026.04.15	01:20:46.178	0.78079	0.78094			6
2026.04.15	01:20:57.299	0.78082	0.78097			6
2026.04.15	01:20:58.496		0.78098			4
2026.04.15	01:21:00.300	0.78082				2
2026.04.15	01:21:00.601	0.78079	0.78093			6
2026.04.15	01:21:01.506	0.78082	0.78097			6
2026.04.15	01:21:05.417	0.78080	0.78096			6
2026.04.15	01:21:05.718		0.78095			4
2026.04.15	01:21:07.517		0.78094			4
2026.04.15	01:21:09.916		0.78093			4
2026.04.15	01:21:15.625	0.78081	0.78094			6
2026.04.15	01:21:21.342		0.78096			4
2026.04.15	01:21:32.156		0.78097			4
2026.04.15	01:21:34.566	0.78080	0.78094			6
2026.04.15	01:21:36.363		0.78095			4
2026.04.15	01:21:39.975		0.78094			4
2026.04.15	01:21:51.113		0.78093			4
2026.04.15	01:21:52.918		0.78094			4
2026.04.15	01:22:00.129	0.78080				2
2026.04.15	01:22:05.239		0.78093			4
2026.04.15	01:22:48.226	0.78081	0.78096			6
2026.04.15	01:22:49.726		0.78095			4
2026.04.15	01:22:50.326		0.78094			4
2026.04.15	01:22:53.334		0.78095			4
2026.04.15	01:23:00.249	0.78081				2
2026.04.15	01:23:07.160		0.78094			4
2026.04.15	01:23:14.374		0.78093			4
2026.04.15	01:23:18.583		0.78092			4
2026.04.15	01:23:19.489		0.78093			4
2026.04.15	01:23:21.294		0.78092			4
2026.04.15	01:23:33.303	0.78080				2
2026.04.15	01:23:33.602	0.78078	0.78090			6
2026.04.15	01:23:33.903	0.78079				2
2026.04.15	01:23:34.203		0.78092			4
2026.04.15	01:23:36.312		0.78091			4
2026.04.15	01:23:40.221	0.78081	0.78092			6
2026.04.15	01:24:00.055	0.78081				2
2026.04.15	01:24:00.654	0.78082				2
2026.04.15	01:24:02.155		0.78094			4
2026.04.15	01:24:06.060	0.78081	0.78092			6
2026.04.15	01:24:12.076		0.78093			4
2026.04.15	01:24:20.197		0.78092			4
2026.04.15	01:24:30.117		0.78093			4
2026.04.15	01:24:31.919		0.78092			4
2026.04.15	01:24:32.520		0.78091			4
2026.04.15	01:24:35.228		0.78092			4
2026.04.15	01:24:42.144		0.78091			4
2026.04.15	01:24:43.948		0.78092			4
2026.04.15	01:24:53.279		0.78091			4
2026.04.15	01:24:55.980		0.78092			4
2026.04.15	01:24:58.684	0.78079				2
2026.04.15	01:25:00.190	0.78079				2
2026.04.15	01:25:02.896		0.78093			4
2026.04.15	01:25:08.007		0.78092			4
2026.04.15	01:25:14.020	0.78082	0.78096			6
2026.04.15	01:25:14.619	0.78081	0.78092			6
2026.04.15	01:25:15.517		0.78096			4
2026.04.15	01:25:17.321	0.78086				2
2026.04.15	01:25:17.620		0.78097			4
2026.04.15	01:25:20.025	0.78087	0.78100			6
2026.04.15	01:25:27.245	0.78085	0.78097			6
2026.04.15	01:25:27.547	0.78086	0.78098			6
2026.04.15	01:25:34.755		0.78097			4
2026.04.15	01:25:36.552		0.78098			4
2026.04.15	01:25:57.613		0.78097			4
2026.04.15	01:26:00.017	0.78086				2
2026.04.15	01:26:00.317		0.78098			4
2026.04.15	01:26:01.518		0.78097			4
2026.04.15	01:26:03.022	0.78084	0.78094			6
2026.04.15	01:26:06.024	0.78082				2
2026.04.15	01:26:06.323	0.78083				2
2026.04.15	01:26:12.639	0.78081	0.78093			6
2026.04.15	01:26:13.540		0.78094			4
2026.04.15	01:26:48.415		0.78093			4
2026.04.15	01:26:51.418		0.78094			4
2026.04.15	01:26:56.225		0.78093			4
2026.04.15	01:26:58.028		0.78094			4
2026.04.15	01:27:00.136	0.78081				2
2026.04.15	01:27:01.037	0.78082	0.78095			6
2026.04.15	01:27:02.844		0.78094			4
2026.04.15	01:27:04.946	0.78087	0.78098			6
2026.04.15	01:27:05.544		0.78099			4
2026.04.15	01:27:06.749		0.78098			4
2026.04.15	01:27:07.946		0.78099			4
2026.04.15	01:27:14.877	0.78089	0.78100			6
2026.04.15	01:27:17.282		0.78099			4
2026.04.15	01:27:17.884		0.78100			4
2026.04.15	01:27:25.706	0.78087	0.78099			6
2026.04.15	01:27:27.214	0.78088				2
2026.04.15	01:28:00.000	0.78088				2
2026.04.15	01:28:03.012		0.78100			4
2026.04.15	01:28:10.222		0.78099			4
2026.04.15	01:28:11.724	0.78086				2
2026.04.15	01:28:21.645		0.78098			4
2026.04.15	01:28:37.274		0.78099			4
2026.04.15	01:28:41.783	0.78087	0.78098			6
2026.04.15	01:28:50.502	0.78086				2
2026.04.15	01:28:51.706	0.78087	0.78097			6
2026.04.15	01:28:53.809		0.78098			4
2026.04.15	01:29:00.120	0.78087				2
2026.04.15	01:29:08.834	0.78086	0.78096			6
2026.04.15	01:29:13.344	0.78085				2
2026.04.15	01:29:17.550	0.78086				2
2026.04.15	01:29:18.150		0.78097			4
2026.04.15	01:29:18.751	0.78087				2
2026.04.15	01:29:20.861	0.78083	0.78096			6
2026.04.15	01:29:21.466	0.78085				2
2026.04.15	01:29:24.775	0.78084	0.78095			6
2026.04.15	01:29:25.074	0.78086				2
2026.04.15	01:29:26.276	0.78085	0.78096			6
2026.04.15	01:29:27.481	0.78084				2
2026.04.15	01:29:28.680	0.78083				2
2026.04.15	01:29:34.098	0.78084	0.78095			6
2026.04.15	01:29:34.997	0.78083				2
2026.04.15	01:29:49.434	0.78081	0.78093			6
2026.04.15	01:29:49.728	0.78082	0.78092			6
2026.04.15	01:29:56.036	0.78081				2
2026.04.15	01:29:56.340	0.78084	0.78094			6
2026.04.15	01:29:56.640	0.78085	0.78095			6
2026.04.15	01:29:58.142	0.78086	0.78096			6
2026.04.15	01:29:58.744	0.78085				2
2026.04.15	01:29:59.344	0.78086				2
2026.04.15	01:30:00.248	0.78086				2
2026.04.15	01:30:02.048	0.78085	0.78097			6
2026.04.15	01:30:02.347	0.78088	0.78091			6
2026.04.15	01:30:04.450	0.78090	0.78093			6
2026.04.15	01:30:04.753	0.78087	0.78097			6
2026.04.15	01:30:05.952		0.78098			4
2026.04.15	01:30:06.252	0.78088	0.78102			6
2026.04.15	01:30:06.852	0.78089				2
2026.04.15	01:30:07.154	0.78090	0.78103			6
2026.04.15	01:30:15.265	0.78089	0.78099			6
2026.04.15	01:30:17.367		0.78100			4
2026.04.15	01:30:18.874		0.78099			4
2026.04.15	01:30:21.275		0.78100			4
2026.04.15	01:30:24.583		0.78099			4
2026.04.15	01:30:30.301	0.78086	0.78096			6
2026.04.15	01:30:30.602		0.78097			4
2026.04.15	01:30:30.903	0.78087	0.78096			6
2026.04.15	01:30:31.807	0.78086				2
2026.04.15	01:30:33.012	0.78087	0.78097			6
2026.04.15	01:30:34.209		0.78096			4
2026.04.15	01:30:45.926	0.78085	0.78095			6
2026.04.15	01:30:46.833	0.78087	0.78096			6
2026.04.15	01:30:47.130	0.78083	0.78093			6
2026.04.15	01:30:49.543		0.78094			4
2026.04.15	01:30:53.146		0.78095			4
2026.04.15	01:30:58.851		0.78094			4
2026.04.15	01:31:00.052	0.78083				2
2026.04.15	01:31:00.350		0.78095			4
2026.04.15	01:31:02.453		0.78094			4
2026.04.15	01:31:11.787	0.78082	0.78095			6
2026.04.15	01:31:13.893	0.78083				2
2026.04.15	01:31:17.201		0.78094			4
2026.04.15	01:31:22.312		0.78095			4
2026.04.15	01:31:23.209	0.78080	0.78092			6
2026.04.15	01:31:25.313	0.78081				2
2026.04.15	01:31:25.611		0.78093			4
2026.04.15	01:31:35.225	0.78080				2
2026.04.15	01:31:48.143	0.78086	0.78097			6
2026.04.15	01:32:00.165	0.78086				2
2026.04.15	01:32:04.073	0.78085				2
2026.04.15	01:32:06.174		0.78096			4
2026.04.15	01:32:10.387		0.78097			4
2026.04.15	01:32:12.486	0.78087	0.78098			6
2026.04.15	01:32:12.787		0.78099			4
2026.04.15	01:32:17.297	0.78086				2
2026.04.15	01:32:19.709	0.78087				2
2026.04.15	01:32:43.451		0.78097			4
2026.04.15	01:32:50.363		0.78098			4
2026.04.15	01:32:54.577		0.78097			4
2026.04.15	01:32:56.083		0.78098			4
2026.04.15	01:32:56.985		0.78097			4
2026.04.15	01:33:00.300	0.78087				2
2026.04.15	01:33:02.397		0.78098			4
2026.04.15	01:33:04.801		0.78097			4
2026.04.15	01:33:06.909	0.78092				2
2026.04.15	01:33:07.209	0.78087				2
2026.04.15	01:33:07.510	0.78092				2
2026.04.15	01:33:07.809	0.78087				2
2026.04.15	01:33:08.111	0.78092				2
2026.04.15	01:33:08.409	0.78087				2
2026.04.15	01:33:08.711	0.78092				2
2026.04.15	01:33:09.917	0.78087				2
2026.04.15	01:33:10.213	0.78092				2
2026.04.15	01:33:10.514	0.78087				2
2026.04.15	01:33:10.815		0.78098			4
2026.04.15	01:33:17.119		0.78097			4
2026.04.15	01:33:21.029		0.78098			4
2026.04.15	01:33:31.244	0.78089	0.78101			6
2026.04.15	01:33:47.477		0.78100			4
2026.04.15	01:33:50.183		0.78101			4
2026.04.15	01:33:51.387	0.78088	0.78100			6
2026.04.15	01:33:58.604		0.78099			4
2026.04.15	01:34:00.105	0.78088				2
2026.04.15	01:34:01.912	0.78089	0.78100			6
2026.04.15	01:34:03.410		0.78101			4
2026.04.15	01:34:07.312		0.78100			4
2026.04.15	01:34:07.913		0.78101			4
2026.04.15	01:34:08.214	0.78090				2
2026.04.15	01:34:13.018	0.78089				2
2026.04.15	01:34:14.221		0.78104			4
2026.04.15	01:34:15.722	0.78090	0.78103			6
2026.04.15	01:34:18.128	0.78091				2
2026.04.15	01:34:19.026	0.78090				2
2026.04.15	01:34:21.135	0.78091				2
2026.04.15	01:34:24.145	0.78090	0.78104			6
2026.04.15	01:34:24.741	0.78091				2
2026.04.15	01:34:25.342	0.78090				2
2026.04.15	01:34:26.544	0.78088	0.78101			6
2026.04.15	01:34:26.848	0.78087				2
2026.04.15	01:34:27.146	0.78088	0.78102			6
2026.04.15	01:34:30.748	0.78087				2
2026.04.15	01:34:33.150		0.78101			4
2026.04.15	01:34:36.153	0.78088				2
2026.04.15	01:34:37.056	0.78087				2
2026.04.15	01:34:38.258		0.78100			4
2026.04.15	01:34:43.376		0.78101			4
2026.04.15	01:34:45.180		0.78100			4
2026.04.15	01:34:46.380		0.78101			4
2026.04.15	01:34:48.182		0.78100			4
2026.04.15	01:34:49.691		0.78101			4
2026.04.15	01:34:53.298	0.78088				2
2026.04.15	01:34:56.911	0.78089	0.78102			6
2026.04.15	01:34:59.015		0.78103			4
2026.04.15	01:35:00.216	0.78089				2
2026.04.15	01:35:10.432	0.78091				2
2026.04.15	01:35:21.854		0.78102			4
2026.04.15	01:35:23.054		0.78103			4
2026.04.15	01:35:30.575		0.78104			4
2026.04.15	01:35:39.301	0.78089	0.78103			6
2026.04.15	01:35:41.710		0.78104			4
2026.04.15	01:35:45.012		0.78103			4
2026.04.15	01:35:52.519		0.78104			4
2026.04.15	01:35:56.723		0.78103			4
2026.04.15	01:35:59.129		0.78102			4
2026.04.15	01:36:00.028	0.78089				2
2026.04.15	01:36:43.016		0.78101			4
2026.04.15	01:36:43.618		0.78102			4
2026.04.15	01:36:53.246	0.78088	0.78101			6
2026.04.15	01:36:58.651		0.78100			4
2026.04.15	01:37:00.152	0.78088				2
2026.04.15	01:37:00.452	0.78089				2
2026.04.15	01:37:01.956	0.78086	0.78098			6
2026.04.15	01:37:11.884	0.78085				2
2026.04.15	01:37:16.396	0.78086				2
2026.04.15	01:37:22.706	0.78090	0.78099			6
2026.04.15	01:37:24.814	0.78086				2
2026.04.15	01:37:33.518	0.78092	0.78100			6
2026.04.15	01:37:35.925		0.78101			4
2026.04.15	01:37:36.822	0.78090	0.78100			6
2026.04.15	01:37:37.724	0.78088				2
2026.04.15	01:37:44.937	0.78084	0.78098			6
2026.04.15	01:37:46.738	0.78085				2
2026.04.15	01:37:47.638	0.78087				2
2026.04.15	01:37:54.547	0.78088	0.78100			6
2026.04.15	01:38:00.254	0.78088				2
2026.04.15	01:38:00.552	0.78089				2
2026.04.15	01:38:08.063	0.78091	0.78102			6
2026.04.15	01:38:11.069	0.78095	0.78098			6
2026.04.15	01:38:11.667	0.78091	0.78102			6
2026.04.15	01:38:29.095	0.78090	0.78101			6
2026.04.15	01:38:30.601	0.78093	0.78102			6
2026.04.15	01:38:38.717	0.78091				2
2026.04.15	01:38:42.922	0.78093				2
2026.04.15	01:38:47.429	0.78094	0.78104			6
2026.04.15	01:38:47.736	0.78093				2
2026.04.15	01:38:51.945	0.78094	0.78106			6
2026.04.15	01:38:52.244	0.78096	0.78107			6
2026.04.15	01:38:55.547	0.78095				2
2026.04.15	01:38:57.049	0.78101	0.78109			6
2026.04.15	01:38:57.353	0.78098	0.78110			6
2026.04.15	01:38:58.849		0.78109			4
2026.04.15	01:39:00.053	0.78098				2
2026.04.15	01:39:00.651		0.78110			4
2026.04.15	01:39:01.256		0.78109			4
2026.04.15	01:39:02.153	0.78099				2
2026.04.15	01:39:03.054	0.78098				2
2026.04.15	01:39:04.264	0.78099				2
2026.04.15	01:39:05.174	0.78098				2
2026.04.15	01:39:05.772	0.78099				2
2026.04.15	01:39:06.672	0.78098				2
2026.04.15	01:39:09.980		0.78108			4
2026.04.15	01:39:11.783		0.78109			4
2026.04.15	01:39:13.287		0.78108			4
2026.04.15	01:39:15.690	0.78095	0.78107			6
2026.04.15	01:39:17.193		0.78106			4
2026.04.15	01:39:20.801	0.78094				2
2026.04.15	01:39:27.410		0.78107			4
2026.04.15	01:39:29.213		0.78106			4
2026.04.15	01:39:30.716	0.78090	0.78102			6
2026.04.15	01:39:32.817	0.78089				2
2026.04.15	01:39:35.222		0.78101			4
2026.04.15	01:39:35.823	0.78090	0.78102			6
2026.04.15	01:39:36.123	0.78088	0.78101			6
2026.04.15	01:39:36.726		0.78102			4
2026.04.15	01:39:38.527		0.78100			4
2026.04.15	01:39:41.835		0.78099			4
2026.04.15	01:39:42.133		0.78100			4
2026.04.15	01:39:50.549	0.78087	0.78097			6
2026.04.15	01:39:52.352	0.78086				2
2026.04.15	01:40:00.180	0.78086				2
2026.04.15	01:40:00.473	0.78085	0.78095			6
2026.04.15	01:40:01.978		0.78094			4
2026.04.15	01:40:04.382		0.78096			4
2026.04.15	01:40:04.679	0.78087	0.78099			6
2026.04.15	01:40:04.976	0.78088	0.78100			6
2026.04.15	01:40:10.688		0.78099			4
2026.04.15	01:40:18.215	0.78089	0.78100			6
2026.04.15	01:40:23.015		0.78099			4
2026.04.15	01:40:23.618		0.78102			4
2026.04.15	01:40:27.222	0.78091	0.78103			6
2026.04.15	01:40:35.349	0.78094	0.78105			6
2026.04.15	01:40:38.648		0.78106			4
2026.04.15	01:40:45.873	0.78097	0.78108			6
2026.04.15	01:40:46.164		0.78109			4
2026.04.15	01:40:46.471	0.78098				2
2026.04.15	01:40:47.074	0.78096	0.78106			6
2026.04.15	01:40:50.982		0.78107			4
2026.04.15	01:40:53.385	0.78095				2
2026.04.15	01:40:54.588		0.78106			4
2026.04.15	01:40:54.887	0.78096				2
2026.04.15	01:40:55.490	0.78095				2
2026.04.15	01:40:56.391		0.78105			4
2026.04.15	01:40:58.495		0.78106			4
2026.04.15	01:40:59.995		0.78105			4
2026.04.15	01:41:00.300	0.78095				2
2026.04.15	01:41:02.704		0.78106			4
2026.04.15	01:41:07.811		0.78105			4
2026.04.15	01:41:09.316		0.78106			4
2026.04.15	01:41:27.943	0.78096				2
2026.04.15	01:42:00.131	0.78096				2
2026.04.15	01:42:09.450		0.78106			4
2026.04.15	01:42:29.605	0.78094	0.78104			6
2026.04.15	01:42:44.333	0.78099	0.78111			6
2026.04.15	01:42:51.845		0.78110			4
2026.04.15	01:42:52.448	0.78098	0.78111			6
2026.04.15	01:42:52.752	0.78099	0.78113			6
2026.04.15	01:42:54.250		0.78112			4
2026.04.15	01:43:00.264	0.78099				2
2026.04.15	01:43:18.312		0.78111			4
2026.04.15	01:43:18.611		0.78110			4
2026.04.15	01:43:19.212	0.78103	0.78114			6
2026.04.15	01:43:19.514	0.78100	0.78112			6
2026.04.15	01:43:22.521	0.78101	0.78113			6
2026.04.15	01:43:22.817	0.78099	0.78112			6
2026.04.15	01:43:43.879	0.78100				2
2026.04.15	01:43:44.478	0.78099	0.78111			6
2026.04.15	01:43:45.983		0.78110			4
2026.04.15	01:44:00.123	0.78099				2
2026.04.15	01:44:04.329	0.78095	0.78106			6
2026.04.15	01:44:05.530	0.78099	0.78109			6
2026.04.15	01:44:07.037		0.78111			4
2026.04.15	01:44:07.332	0.78100				2
2026.04.15	01:44:17.569	0.78099	0.78109			6
2026.04.15	01:44:17.876	0.78097				2
2026.04.15	01:44:22.998	0.78100	0.78112			6
2026.04.15	01:44:34.417	0.78099				2
2026.04.15	01:44:44.945	0.78100				2
2026.04.15	01:44:48.550	0.78099	0.78109			6
2026.04.15	01:45:00.264	0.78099				2
2026.04.15	01:45:23.010		0.78108			4
2026.04.15	01:45:23.310	0.78098				2
2026.04.15	01:45:54.765	0.78097				2
2026.04.15	01:46:00.040	0.78097				2
2026.04.15	01:46:25.204		0.78108			4
2026.04.15	01:46:39.407	0.78098				2
2026.04.15	01:46:40.126	0.78097				2
2026.04.15	01:46:55.392		0.78109			4
2026.04.15	01:47:00.135	0.78097				2
2026.04.15	01:47:01.132	0.78098				2
2026.04.15	01:47:02.684		0.78110			4
2026.04.15	01:47:02.989		0.78111			4
2026.04.15	01:47:04.001		0.78112			4
2026.04.15	01:47:05.112	0.78100				2
2026.04.15	01:47:09.159	0.78099				2
2026.04.15	01:47:11.080	0.78100				2
2026.04.15	01:47:17.573	0.78099				2
2026.04.15	01:47:18.608	0.78100	0.78114			6
2026.04.15	01:47:19.287	0.78101				2
2026.04.15	01:47:22.728	0.78103	0.78115			6
2026.04.15	01:47:23.028	0.78101				2
2026.04.15	01:47:23.689	0.78103				2
2026.04.15	01:47:40.228	0.78102				2
2026.04.15	01:47:50.667	0.78100	0.78112			6
2026.04.15	01:47:51.867		0.78111			4
2026.04.15	01:47:52.167	0.78099	0.78109			6
2026.04.15	01:47:52.467	0.78098				2
2026.04.15	01:47:53.618		0.78108			4
2026.04.15	01:47:53.919	0.78099				2
2026.04.15	01:47:54.518	0.78097				2
2026.04.15	01:47:55.574	0.78098				2
2026.04.15	01:47:56.388	0.78097				2
2026.04.15	01:47:58.160		0.78109			4
2026.04.15	01:47:58.460	0.78098				2
2026.04.15	01:48:00.377	0.78098				2
2026.04.15	01:48:09.068	0.78097				2
2026.04.15	01:48:16.658	0.78098				2
2026.04.15	01:48:20.028	0.78097	0.78108			6
2026.04.15	01:48:20.329	0.78098				2
2026.04.15	01:48:20.712	0.78097				2
2026.04.15	01:48:21.147	0.78098				2
2026.04.15	01:48:21.749	0.78099	0.78111			6
2026.04.15	01:48:23.653		0.78109			4
2026.04.15	01:48:23.953		0.78111			4
2026.04.15	01:48:33.747		0.78110			4
2026.04.15	01:48:36.745		0.78109			4
2026.04.15	01:48:55.234		0.78111			4
2026.04.15	01:48:56.682	0.78101	0.78112			6
2026.04.15	01:49:00.335	0.78101				2
2026.04.15	01:49:00.635	0.78100				2
2026.04.15	01:49:11.003	0.78099				2
2026.04.15	01:49:16.682		0.78111			4
2026.04.15	01:49:33.388	0.78097	0.78110			6
2026.04.15	01:49:35.472	0.78099				2
2026.04.15	01:49:38.284		0.78109			4
2026.04.15	01:49:41.269	0.78098				2
2026.04.15	01:49:53.320	0.78099				2
2026.04.15	01:49:58.551		0.78110			4
2026.04.15	01:49:58.851		0.78111			4
2026.04.15	01:50:00.020	0.78099				2
2026.04.15	01:50:02.117		0.78109			4
2026.04.15	01:50:07.390	0.78098				2
2026.04.15	01:50:07.851	0.78099				2
2026.04.15	01:50:09.494	0.78098				2
2026.04.15	01:50:15.161	0.78099				2
2026.04.15	01:50:20.431	0.78098				2
2026.04.15	01:50:41.258	0.78094	0.78107			6
2026.04.15	01:50:41.558	0.78095				2
2026.04.15	01:50:48.641		0.78106			4
2026.04.15	01:50:48.942	0.78094				2
2026.04.15	01:50:50.206	0.78096				2
2026.04.15	01:50:50.506		0.78107			4
2026.04.15	01:51:00.219	0.78096				2
2026.04.15	01:51:07.888	0.78094	0.78106			6
2026.04.15	01:51:08.495	0.78096				2
2026.04.15	01:51:09.097		0.78107			4
2026.04.15	01:51:31.128		0.78108			4
2026.04.15	01:52:00.420	0.78096				2
2026.04.15	01:52:12.440		0.78109			4
2026.04.15	01:52:38.005		0.78110			4
2026.04.15	01:52:38.306	0.78097	0.78111			6
2026.04.15	01:52:44.612	0.78099				2
2026.04.15	01:52:59.463		0.78110			4
2026.04.15	01:53:00.112	0.78099				2
2026.04.15	01:53:00.413	0.78098				2
2026.04.15	01:53:24.953		0.78111			4
2026.04.15	01:53:43.571	0.78095	0.78109			6
2026.04.15	01:53:49.667	0.78097				2
2026.04.15	01:54:00.677	0.78097				2
2026.04.15	01:54:09.201		0.78110			4
2026.04.15	01:54:09.503	0.78100	0.78112			6
2026.04.15	01:55:07.338	0.78100				2
2026.04.15	01:55:09.976		0.78112			4
2026.04.15	01:55:15.677	0.78098	0.78109			6
2026.04.15	01:55:23.729	0.78097				2
2026.04.15	01:55:29.037	0.78098				2
2026.04.15	01:55:32.456	0.78097				2
2026.04.15	01:55:40.138		0.78108			4
2026.04.15	01:55:41.482	0.78096	0.78109			6
2026.04.15	01:55:42.086	0.78097				2
2026.04.15	01:55:42.760	0.78096				2
2026.04.15	01:55:46.026		0.78108			4
2026.04.15	01:55:46.878		0.78109			4
2026.04.15	01:55:57.743		0.78107			4
2026.04.15	01:55:58.044	0.78095				2
2026.04.15	01:55:59.709	0.78096	0.78109			6
2026.04.15	01:56:00.377	0.78096				2
2026.04.15	01:56:47.474	0.78097				2
2026.04.15	01:56:48.491		0.78108			4
2026.04.15	01:56:48.794	0.78098	0.78109			6
2026.04.15	01:57:05.176	0.78098				2
2026.04.15	01:57:09.293		0.78110			4
2026.04.15	01:57:10.406		0.78108			4
2026.04.15	01:57:11.922		0.78110			4
2026.04.15	01:57:53.379	0.78096	0.78109			6
2026.04.15	01:57:57.370	0.78098				2
2026.04.15	01:58:00.989	0.78098				2
2026.04.15	01:58:21.548	0.78097	0.78107			6
2026.04.15	01:58:27.224	0.78095				2
2026.04.15	01:58:27.523		0.78106			4
2026.04.15	01:58:32.587	0.78094				2
2026.04.15	01:58:33.000	0.78095				2
2026.04.15	01:59:00.229	0.78095				2
2026.04.15	01:59:21.377	0.78094				2
2026.04.15	01:59:34.051		0.78107			4
2026.04.15	02:00:00.003	0.78094				2
2026.04.15	02:00:00.303	0.78093				2
2026.04.15	02:00:00.907	0.78096	0.78110			6
2026.04.15	02:00:01.313	0.78098				2
2026.04.15	02:00:02.489		0.78109			4
2026.04.15	02:00:05.476		0.78110			4
2026.04.15	02:00:06.378	0.78097				2
2026.04.15	02:00:09.938		0.78111			4
2026.04.15	02:00:10.833	0.78098				2
2026.04.15	02:00:11.135	0.78096	0.78110			6
2026.04.15	02:00:12.916		0.78111			4
2026.04.15	02:00:14.953	0.78098	0.78110			6
2026.04.15	02:00:21.500		0.78111			4
2026.04.15	02:00:25.659	0.78097				2
2026.04.15	02:00:27.467	0.78096				2
2026.04.15	02:00:28.301		0.78110			4
2026.04.15	02:00:29.569	0.78097				2
2026.04.15	02:00:30.169	0.78096				2
2026.04.15	02:00:31.313	0.78097				2
2026.04.15	02:00:53.272	0.78094	0.78107			6
2026.04.15	02:00:56.179		0.78108			4
2026.04.15	02:01:00.136	0.78094				2
2026.04.15	02:01:03.676		0.78109			4
2026.04.15	02:01:05.239		0.78108			4
2026.04.15	02:01:05.541		0.78107			4
2026.04.15	02:01:06.955	0.78092				2
2026.04.15	02:01:07.257		0.78108			4
2026.04.15	02:01:17.999		0.78106			4
2026.04.15	02:01:18.298	0.78094	0.78107			6
2026.04.15	02:01:21.378		0.78106			4
2026.04.15	02:01:34.066	0.78096	0.78110			6
2026.04.15	02:01:59.780		0.78109			4
2026.04.15	02:02:00.230	0.78096				2
2026.04.15	02:02:02.416		0.78110			4
2026.04.15	02:02:15.156	0.78102	0.78103			6
2026.04.15	02:02:17.870	0.78096	0.78110			6
2026.04.15	02:02:30.703	0.78097				2
2026.04.15	02:03:00.181	0.78097				2
2026.04.15	02:03:00.784		0.78109			4
2026.04.15	02:03:03.352	0.78096	0.78112			6
2026.04.15	02:03:04.239	0.78097				2
2026.04.15	02:03:07.390		0.78111			4
2026.04.15	02:03:11.177		0.78112			4
2026.04.15	02:03:12.325	0.78098	0.78113			6
2026.04.15	02:03:12.954	0.78099				2
2026.04.15	02:03:16.877		0.78114			4
2026.04.15	02:03:21.360		0.78113			4
2026.04.15	02:03:25.876		0.78112			4
2026.04.15	02:03:29.375		0.78113			4
2026.04.15	02:03:33.677		0.78112			4
2026.04.15	02:03:36.646	0.78098				2
2026.04.15	02:03:45.274	0.78100	0.78113			6
2026.04.15	02:03:47.477		0.78112			4
2026.04.15	02:04:00.607	0.78100				2
2026.04.15	02:04:06.838		0.78113			4
2026.04.15	02:04:08.361	0.78097				2
2026.04.15	02:04:08.662		0.78112			4
2026.04.15	02:04:13.241	0.78099				2
2026.04.15	02:04:21.565	0.78097				2
2026.04.15	02:04:21.868	0.78098				2
2026.04.15	02:04:22.513	0.78099				2
2026.04.15	02:04:26.562		0.78111			4
2026.04.15	02:04:27.162		0.78112			4
2026.04.15	02:04:28.092	0.78098				2
2026.04.15	02:04:41.449	0.78103				2
2026.04.15	02:04:41.768	0.78098	0.78107			6
2026.04.15	02:04:42.067	0.78103	0.78112			6
2026.04.15	02:04:42.368	0.78098	0.78107			6
2026.04.15	02:04:42.668	0.78103	0.78112			6
2026.04.15	02:04:42.969	0.78098	0.78106			6
2026.04.15	02:04:43.269		0.78107			4
2026.04.15	02:04:43.570	0.78103	0.78112			6
2026.04.15	02:04:43.870	0.78098	0.78107			6
2026.04.15	02:04:44.169	0.78103	0.78112			6
2026.04.15	02:04:44.472	0.78098	0.78107			6
2026.04.15	02:04:44.771	0.78103	0.78112			6
2026.04.15	02:04:45.073	0.78098	0.78106			6
2026.04.15	02:04:45.374		0.78111			4
2026.04.15	02:04:46.014		0.78110			4
2026.04.15	02:04:56.778	0.78097	0.78109			6
2026.04.15	02:05:00.886	0.78096				2
2026.04.15	02:05:01.186	0.78097				2
2026.04.15	02:05:07.207	0.78096				2
2026.04.15	02:05:08.409	0.78097				2
2026.04.15	02:05:12.770	0.78096				2
2026.04.15	02:05:13.071	0.78095				2
2026.04.15	02:05:22.536	0.78097				2
2026.04.15	02:05:22.837	0.78095				2
2026.04.15	02:05:24.454	0.78096				2
2026.04.15	02:05:26.102	0.78095				2
2026.04.15	02:05:28.196	0.78096				2
2026.04.15	02:05:31.623	0.78095				2
2026.04.15	02:05:38.576	0.78096				2
2026.04.15	02:05:39.394	0.78095				2
2026.04.15	02:05:40.491	0.78096				2
2026.04.15	02:05:41.095	0.78095				2
2026.04.15	02:05:42.524	0.78096				2
2026.04.15	02:05:44.016	0.78095				2
2026.04.15	02:05:49.365	0.78096				2
2026.04.15	02:06:01.877	0.78096	0.78109			6
2026.04.15	02:06:07.300	0.78094				2
2026.04.15	02:06:09.538	0.78095				2
2026.04.15	02:06:18.666	0.78096				2
2026.04.15	02:06:20.442	0.78095				2
2026.04.15	02:06:24.090	0.78096				2
2026.04.15	02:06:25.459	0.78095				2
2026.04.15	02:06:38.044	0.78092	0.78107			6
2026.04.15	02:06:38.896		0.78106			4
2026.04.15	02:06:51.551	0.78093				2
2026.04.15	02:06:55.886	0.78092				2
2026.04.15	02:06:58.258	0.78093				2
2026.04.15	02:07:00.335	0.78093				2
2026.04.15	02:07:01.467	0.78096	0.78109			6
2026.04.15	02:07:02.227		0.78110			4
2026.04.15	02:07:04.188		0.78109			4
2026.04.15	02:07:05.188		0.78108			4
2026.04.15	02:07:07.041		0.78109			4
2026.04.15	02:07:14.428		0.78108			4
2026.04.15	02:07:14.729	0.78097				2
2026.04.15	02:07:15.029		0.78110			4
2026.04.15	02:07:15.644		0.78108			4
2026.04.15	02:07:43.202		0.78110			4
2026.04.15	02:07:55.970		0.78106			4
2026.04.15	02:07:57.262	0.78098				2
2026.04.15	02:07:58.173	0.78097				2
2026.04.15	02:08:00.400	0.78097				2
2026.04.15	02:08:01.475		0.78105			4
2026.04.15	02:08:23.612	0.78098	0.78107			6
2026.04.15	02:08:23.912	0.78099	0.78109			6
2026.04.15	02:08:29.382	0.78100				2
2026.04.15	02:08:34.733	0.78099				2
2026.04.15	02:09:00.289	0.78099				2
2026.04.15	02:09:08.627	0.78101	0.78111			6
2026.04.15	02:09:08.927	0.78100	0.78109			6
2026.04.15	02:09:28.570	0.78099				2
2026.04.15	02:09:28.870	0.78100				2
2026.04.15	02:09:35.331	0.78099				2
2026.04.15	02:09:35.631	0.78100				2
2026.04.15	02:09:41.777	0.78099				2
2026.04.15	02:09:46.750	0.78100				2
2026.04.15	02:09:52.954	0.78099	0.78108			6
2026.04.15	02:09:53.255	0.78100				2
2026.04.15	02:09:59.480	0.78101				2
2026.04.15	02:10:03.338	0.78101				2
2026.04.15	02:10:04.577	0.78100				2
2026.04.15	02:10:04.877		0.78109			4
2026.04.15	02:10:37.003	0.78099				2
2026.04.15	02:10:37.713		0.78107			4
2026.04.15	02:10:51.132	0.78100	0.78109			6
2026.04.15	02:11:02.477	0.78100				2
2026.04.15	02:11:08.424	0.78102	0.78111			6
2026.04.15	02:11:10.629	0.78101				2
2026.04.15	02:11:10.930		0.78112			4
2026.04.15	02:11:15.233	0.78102	0.78113			6
2026.04.15	02:11:16.447		0.78112			4
2026.04.15	02:11:20.072	0.78103				2
2026.04.15	02:11:22.577	0.78102				2
2026.04.15	02:11:26.147	0.78100	0.78110			6
2026.04.15	02:11:26.448	0.78099				2
2026.04.15	02:11:27.064	0.78100	0.78109			6
2026.04.15	02:11:29.384	0.78099				2
2026.04.15	02:11:40.188	0.78100				2
2026.04.15	02:11:53.516		0.78110			4
2026.04.15	02:11:54.520		0.78111			4
2026.04.15	02:11:56.427	0.78101				2
2026.04.15	02:11:58.907	0.78098	0.78109			6
2026.04.15	02:12:01.277	0.78099				2
2026.04.15	02:12:01.579		0.78108			4
2026.04.15	02:12:03.580	0.78100	0.78110			6
2026.04.15	02:12:06.071		0.78111			4
2026.04.15	02:12:17.441	0.78102	0.78113			6
2026.04.15	02:12:37.407	0.78104	0.78114			6
2026.04.15	02:12:38.039	0.78102	0.78113			6
2026.04.15	02:12:41.376	0.78103				2
2026.04.15	02:13:04.006	0.78103				2
2026.04.15	02:13:15.679	0.78102				2
2026.04.15	02:13:21.359	0.78106	0.78116			6
2026.04.15	02:13:21.661	0.78107	0.78117			6
2026.04.15	02:13:22.271	0.78106				2
2026.04.15	02:13:23.972	0.78105				2
2026.04.15	02:13:24.271		0.78116			4
2026.04.15	02:13:25.577	0.78106				2
2026.04.15	02:13:31.624	0.78105				2
2026.04.15	02:13:39.377	0.78108				2
2026.04.15	02:13:39.680	0.78104				2
2026.04.15	02:13:40.533	0.78105				2
2026.04.15	02:13:41.716	0.78104				2
2026.04.15	02:13:48.226	0.78105				2
2026.04.15	02:13:53.370	0.78104				2
2026.04.15	02:13:59.834	0.78105	0.78117			6
2026.04.15	02:14:00.205	0.78105				2
2026.04.15	02:14:00.507		0.78116			4
2026.04.15	02:14:09.919	0.78108	0.78118			6
2026.04.15	02:14:10.221	0.78109	0.78120			6
2026.04.15	02:14:11.373		0.78119			4
2026.04.15	02:14:11.951	0.78108				2
2026.04.15	02:14:29.196	0.78107				2
2026.04.15	02:14:39.077		0.78118			4
2026.04.15	02:14:45.376		0.78119			4
2026.04.15	02:14:49.885	0.78105	0.78116			6
2026.04.15	02:14:56.533	0.78106				2
2026.04.15	02:14:57.230	0.78105				2
2026.04.15	02:14:57.529	0.78106	0.78117			6
2026.04.15	02:15:00.153	0.78108				2
2026.04.15	02:15:03.024		0.78116			4
2026.04.15	02:15:16.248		0.78117			4
2026.04.15	02:15:17.870		0.78116			4
2026.04.15	02:15:51.538	0.78107				2
2026.04.15	02:16:01.496	0.78107				2
2026.04.15	02:16:01.796	0.78106				2
2026.04.15	02:16:02.097		0.78115			4
2026.04.15	02:16:03.768		0.78116			4
2026.04.15	02:16:20.075		0.78115			4
2026.04.15	02:16:26.647		0.78116			4
2026.04.15	02:16:34.290		0.78115			4
2026.04.15	02:16:36.521		0.78116			4
2026.04.15	02:16:44.894		0.78115			4
2026.04.15	02:16:53.518	0.78104	0.78114			6
2026.04.15	02:16:57.202		0.78113			4
2026.04.15	02:17:01.578	0.78104				2
2026.04.15	02:17:01.877	0.78103				2
2026.04.15	02:17:04.648	0.78104				2
2026.04.15	02:17:05.777	0.78103				2
2026.04.15	02:17:17.329	0.78101	0.78110			6
2026.04.15	02:17:25.573		0.78111			4
2026.04.15	02:17:54.360		0.78110			4
2026.04.15	02:17:56.502	0.78100	0.78109			6
2026.04.15	02:17:56.802		0.78110			4
2026.04.15	02:18:02.949	0.78100				2
2026.04.15	02:18:13.910		0.78109			4
2026.04.15	02:18:50.615	0.78099	0.78107			6
2026.04.15	02:18:51.972	0.78092	0.78101			6
2026.04.15	02:18:52.575	0.78091	0.78100			6
2026.04.15	02:19:00.188	0.78091				2
2026.04.15	02:19:26.748	0.78090				2
2026.04.15	02:19:31.570	0.78091				2
2026.04.15	02:19:32.595	0.78090				2
2026.04.15	02:19:54.744		0.78100			4
2026.04.15	02:20:02.159	0.78090				2
2026.04.15	02:20:03.168	0.78091				2
2026.04.15	02:20:03.470	0.78090				2
2026.04.15	02:20:09.829	0.78089				2
2026.04.15	02:20:21.912	0.78091				2
2026.04.15	02:20:22.212	0.78090				2
2026.04.15	02:20:28.433	0.78089				2
2026.04.15	02:20:36.461	0.78090				2
2026.04.15	02:20:36.761	0.78089				2
2026.04.15	02:20:54.805		0.78100			4
2026.04.15	02:21:00.346	0.78089				2
2026.04.15	02:21:20.465		0.78099			4
2026.04.15	02:21:20.765	0.78090	0.78100			6
2026.04.15	02:21:51.015	0.78089				2
2026.04.15	02:21:51.314	0.78090				2
2026.04.15	02:21:55.775	0.78089				2
2026.04.15	02:22:06.543	0.78089				2
2026.04.15	02:22:13.510	0.78088	0.78098			6
2026.04.15	02:22:41.853		0.78097			4
2026.04.15	02:23:00.183	0.78088				2
2026.04.15	02:23:39.381		0.78098			4
2026.04.15	02:24:00.549	0.78088				2
2026.04.15	02:24:01.796		0.78097			4
2026.04.15	02:24:07.840		0.78098			4
2026.04.15	02:24:16.538	0.78089				2
2026.04.15	02:24:32.553		0.78097			4
2026.04.15	02:24:34.655		0.78098			4
2026.04.15	02:25:01.002	0.78089				2
2026.04.15	02:25:03.715		0.78097			4
2026.04.15	02:25:04.996		0.78098			4
2026.04.15	02:26:02.984	0.78089				2
2026.04.15	02:26:07.572		0.78098			4
2026.04.15	02:26:09.100		0.78097			4
2026.04.15	02:26:20.830		0.78098			4
2026.04.15	02:26:39.627		0.78099			4
2026.04.15	02:27:02.305	0.78089				2
2026.04.15	02:27:02.605		0.78098			4
2026.04.15	02:27:18.671	0.78086	0.78095			6
2026.04.15	02:27:30.064		0.78094			4
2026.04.15	02:27:37.084		0.78093			4
2026.04.15	02:28:00.024	0.78086				2
2026.04.15	02:28:23.339	0.78087				2
2026.04.15	02:28:30.151		0.78094			4
2026.04.15	02:28:44.741		0.78093			4
2026.04.15	02:28:57.367	0.78085	0.78094			6
2026.04.15	02:29:03.031	0.78085				2
2026.04.15	02:29:46.537	0.78084				2
2026.04.15	02:29:47.229		0.78092			4
2026.04.15	02:29:48.568		0.78093			4
2026.04.15	02:29:55.374	0.78082	0.78091			6
2026.04.15	02:29:58.160		0.78092			4
2026.04.15	02:30:00.320	0.78082				2
2026.04.15	02:30:19.001	0.78083				2
2026.04.15	02:30:21.141	0.78082				2
2026.04.15	02:30:44.263	0.78083				2
2026.04.15	02:30:48.076	0.78082				2
2026.04.15	02:30:48.674		0.78091			4
2026.04.15	02:30:54.275	0.78083				2
2026.04.15	02:31:00.110	0.78083				2
2026.04.15	02:31:06.064		0.78092			4
2026.04.15	02:31:06.366		0.78091			4
2026.04.15	02:31:20.050	0.78084	0.78093			6
2026.04.15	02:31:55.378	0.78085	0.78094			6
2026.04.15	02:32:00.204	0.78084				2
2026.04.15	02:32:00.507	0.78085				2
2026.04.15	02:32:07.231	0.78086	0.78095			6
2026.04.15	02:32:11.244	0.78085	0.78094			6
2026.04.15	02:32:15.807	0.78086				2
2026.04.15	02:33:01.989	0.78086				2
2026.04.15	02:33:12.751		0.78094			4
2026.04.15	02:33:15.850	0.78085				2
2026.04.15	02:33:31.122		0.78093			4
2026.04.15	02:33:32.568		0.78094			4
2026.04.15	02:33:39.900		0.78095			4
2026.04.15	02:33:40.203		0.78093			4
2026.04.15	02:33:40.807	0.78084	0.78092			6
2026.04.15	02:34:00.473	0.78084				2
2026.04.15	02:34:00.774		0.78091			4
2026.04.15	02:34:02.362	0.78083				2
2026.04.15	02:34:02.963	0.78080	0.78089			6
2026.04.15	02:34:05.290	0.78079				2
2026.04.15	02:34:08.585	0.78078	0.78087			6
2026.04.15	02:34:09.486	0.78075	0.78085			6
2026.04.15	02:34:14.782	0.78068	0.78076			6
2026.04.15	02:34:15.080		0.78077			4
2026.04.15	02:34:19.104	0.78069	0.78078			6
2026.04.15	02:34:20.005	0.78064	0.78074			6
2026.04.15	02:34:22.622		0.78073			4
2026.04.15	02:34:23.241		0.78074			4
2026.04.15	02:34:25.367	0.78065	0.78076			6
2026.04.15	02:34:25.670	0.78064	0.78075			6
2026.04.15	02:34:26.282	0.78065				2
2026.04.15	02:34:26.583	0.78067	0.78077			6
2026.04.15	02:34:26.884	0.78069	0.78079			6
2026.04.15	02:34:27.484	0.78068	0.78078			6
2026.04.15	02:34:28.085		0.78077			4
2026.04.15	02:34:31.494	0.78069	0.78079			6
2026.04.15	02:34:31.794		0.78080			4
2026.04.15	02:34:32.402	0.78070				2
2026.04.15	02:34:37.675	0.78071	0.78081			6
2026.04.15	02:34:39.621		0.78080			4
2026.04.15	02:34:40.525	0.78072	0.78082			6
2026.04.15	02:34:42.178	0.78071	0.78081			6
2026.04.15	02:34:43.083	0.78073	0.78082			6
2026.04.15	02:34:43.981		0.78081			4
2026.04.15	02:34:44.281	0.78071	0.78079			6
2026.04.15	02:34:45.335		0.78080			4
2026.04.15	02:34:47.792	0.78070	0.78078			6
2026.04.15	02:34:48.907		0.78079			4
2026.04.15	02:34:53.555	0.78067	0.78077			6
2026.04.15	02:34:53.854		0.78076			4
2026.04.15	02:34:56.828	0.78069	0.78077			6
2026.04.15	02:34:57.131	0.78064	0.78073			6
2026.04.15	02:34:57.730	0.78061	0.78069			6
2026.04.15	02:34:58.631		0.78070			4
2026.04.15	02:34:59.231	0.78065	0.78073			6
2026.04.15	02:35:00.144	0.78065				2
2026.04.15	02:35:00.744		0.78074			4
2026.04.15	02:35:01.086		0.78073			4
2026.04.15	02:35:02.321		0.78072			4
2026.04.15	02:35:03.323		0.78073			4
2026.04.15	02:35:04.841		0.78074			4
2026.04.15	02:35:06.353	0.78067	0.78076			6
2026.04.15	02:35:07.619	0.78069	0.78078			6
2026.04.15	02:35:09.483	0.78067	0.78076			6
2026.04.15	02:35:11.251	0.78064	0.78073			6
2026.04.15	02:35:11.552	0.78065				2
2026.04.15	02:35:12.153	0.78066	0.78075			6
2026.04.15	02:35:13.552	0.78065	0.78073			6
2026.04.15	02:35:17.698	0.78063	0.78070			6
2026.04.15	02:35:19.713	0.78065	0.78071			6
2026.04.15	02:35:20.013	0.78069	0.78078			6
2026.04.15	02:35:20.313	0.78068	0.78075			6
2026.04.15	02:35:20.613	0.78065	0.78073			6
2026.04.15	02:35:20.913	0.78064	0.78072			6
2026.04.15	02:35:21.214	0.78063	0.78070			6
2026.04.15	02:35:21.516	0.78060	0.78068			6
2026.04.15	02:35:21.816	0.78062	0.78069			6
2026.04.15	02:35:22.416	0.78060	0.78068			6
2026.04.15	02:35:23.016		0.78067			4
2026.04.15	02:35:23.317	0.78056	0.78064			6
2026.04.15	02:35:24.132	0.78059	0.78066			6
2026.04.15	02:35:25.538	0.78058				2
2026.04.15	02:35:25.838	0.78061	0.78069			6
2026.04.15	02:35:26.438		0.78068			4
2026.04.15	02:35:28.040		0.78067			4
2026.04.15	02:35:28.941	0.78058	0.78066			6
2026.04.15	02:35:30.450	0.78059	0.78067			6
2026.04.15	02:35:32.568	0.78061	0.78069			6
2026.04.15	02:35:33.776	0.78066	0.78073			6
2026.04.15	02:35:34.377	0.78067	0.78075			6
2026.04.15	02:35:35.558	0.78068				2
2026.04.15	02:35:35.863		0.78076			4
2026.04.15	02:35:36.762		0.78075			4
2026.04.15	02:35:41.400	0.78070	0.78078			6
2026.04.15	02:35:42.514	0.78068	0.78075			6
2026.04.15	02:35:42.816	0.78067	0.78074			6
2026.04.15	02:35:43.114	0.78065	0.78072			6
2026.04.15	02:35:44.142		0.78074			4
2026.04.15	02:35:44.441		0.78073			4
2026.04.15	02:35:45.237	0.78066	0.78074			6
2026.04.15	02:35:48.549	0.78065	0.78071			6
2026.04.15	02:35:48.851	0.78060	0.78067			6
2026.04.15	02:35:49.752	0.78058	0.78066			6
2026.04.15	02:35:50.051		0.78067			4
2026.04.15	02:35:50.950	0.78059	0.78066			6
2026.04.15	02:35:51.668	0.78061	0.78069			6
2026.04.15	02:35:53.129	0.78065	0.78072			6
2026.04.15	02:35:53.430	0.78066	0.78073			6
2026.04.15	02:35:54.029	0.78065	0.78072			6
2026.04.15	02:35:54.330		0.78073			4
2026.04.15	02:35:54.934	0.78067	0.78075			6
2026.04.15	02:35:59.849	0.78065	0.78072			6
2026.04.15	02:36:00.151	0.78066	0.78074			6
2026.04.15	02:36:00.449	0.78067	0.78075			6
2026.04.15	02:36:01.050		0.78076			4
2026.04.15	02:36:01.653		0.78075			4
2026.04.15	02:36:04.256	0.78071	0.78079			6
2026.04.15	02:36:05.560	0.78074	0.78082			6
2026.04.15	02:36:05.861	0.78075	0.78081			6
2026.04.15	02:36:06.160	0.78074	0.78079			6
2026.04.15	02:36:06.460	0.78075	0.78081			6
2026.04.15	02:36:06.762	0.78074	0.78078			6
2026.04.15	02:36:07.061		0.78081			4
2026.04.15	02:36:07.362		0.78078			4
2026.04.15	02:36:07.662		0.78081			4
2026.04.15	02:36:07.963		0.78078			4
2026.04.15	02:36:08.263		0.78081			4
2026.04.15	02:36:08.563		0.78078			4
2026.04.15	02:36:08.865		0.78081			4
2026.04.15	02:36:09.166		0.78078			4
2026.04.15	02:36:09.466		0.78081			4
2026.04.15	02:36:13.087	0.78073	0.78079			6
2026.04.15	02:36:22.192	0.78074	0.78082			6
2026.04.15	02:36:24.128		0.78081			4
2026.04.15	02:36:25.166		0.78082			4
2026.04.15	02:36:25.466		0.78081			4
2026.04.15	02:36:25.766		0.78082			4
2026.04.15	02:36:28.307		0.78081			4
2026.04.15	02:36:30.326	0.78076	0.78085			6
2026.04.15	02:36:30.625	0.78075	0.78084			6
2026.04.15	02:36:32.654	0.78072	0.78079			6
2026.04.15	02:36:33.566	0.78071				2
2026.04.15	02:36:34.578	0.78073	0.78081			6
2026.04.15	02:36:39.026	0.78074				2
2026.04.15	02:36:39.931	0.78072	0.78079			6
2026.04.15	02:36:40.829	0.78073	0.78081			6
2026.04.15	02:36:41.498	0.78071	0.78079			6
2026.04.15	02:36:44.075	0.78072	0.78080			6
2026.04.15	02:36:46.096	0.78074	0.78082			6
2026.04.15	02:36:46.696	0.78076	0.78084			6
2026.04.15	02:36:48.824	0.78079	0.78087			6
2026.04.15	02:36:51.535		0.78085			4
2026.04.15	02:36:51.836	0.78078				2
2026.04.15	02:36:53.080	0.78077				2
2026.04.15	02:36:58.680	0.78078				2
2026.04.15	02:37:00.311	0.78078				2
2026.04.15	02:37:00.610		0.78086			4
2026.04.15	02:37:01.513		0.78085			4
2026.04.15	02:37:01.814		0.78086			4
2026.04.15	02:37:02.113	0.78079	0.78087			6
2026.04.15	02:37:02.413	0.78080				2
2026.04.15	02:37:07.690	0.78083	0.78091			6
2026.04.15	02:37:07.986	0.78085	0.78092			6
2026.04.15	02:37:08.287		0.78093			4
2026.04.15	02:37:09.189	0.78087	0.78096			6
2026.04.15	02:37:11.618	0.78088				2
2026.04.15	02:37:12.519	0.78086	0.78093			6
2026.04.15	02:37:13.723	0.78084	0.78091			6
2026.04.15	02:37:14.842	0.78083	0.78090			6
2026.04.15	02:37:15.143		0.78091			4
2026.04.15	02:37:16.614	0.78081	0.78089			6
2026.04.15	02:37:16.913	0.78082	0.78090			6
2026.04.15	02:37:19.045	0.78084				2
2026.04.15	02:37:23.057	0.78081	0.78088			6
2026.04.15	02:37:24.417	0.78082				2
2026.04.15	02:37:25.622	0.78079	0.78085			6
2026.04.15	02:37:26.934	0.78081	0.78088			6
2026.04.15	02:37:28.258		0.78087			4
2026.04.15	02:37:33.482	0.78080	0.78085			6
2026.04.15	02:37:33.783		0.78087			4
2026.04.15	02:37:35.970	0.78084	0.78090			6
2026.04.15	02:37:36.870	0.78086	0.78093			6
2026.04.15	02:37:37.170	0.78085	0.78090			6
2026.04.15	02:37:38.072	0.78084				2
2026.04.15	02:37:38.674	0.78081	0.78087			6
2026.04.15	02:37:38.974	0.78080	0.78085			6
2026.04.15	02:37:39.275		0.78087			4
2026.04.15	02:37:39.595	0.78081				2
2026.04.15	02:37:43.360	0.78079	0.78085			6
2026.04.15	02:37:45.233	0.78081	0.78087			6
2026.04.15	02:37:49.099	0.78084	0.78090			6
2026.04.15	02:37:51.541	0.78087	0.78094			6
2026.04.15	02:37:51.843		0.78093			4
2026.04.15	02:37:53.411		0.78094			4
2026.04.15	02:37:54.373		0.78093			4
2026.04.15	02:37:55.328	0.78085	0.78091			6
2026.04.15	02:37:55.628		0.78090			4
2026.04.15	02:37:56.533	0.78084				2
2026.04.15	02:37:56.832		0.78091			4
2026.04.15	02:38:00.082	0.78084				2
2026.04.15	02:38:00.682	0.78085				2
2026.04.15	02:38:01.590	0.78088	0.78094			6
2026.04.15	02:38:04.017	0.78090	0.78096			6
2026.04.15	02:38:07.104	0.78091				2
2026.04.15	02:38:07.409	0.78088	0.78093			6
2026.04.15	02:38:08.363	0.78089	0.78095			6
2026.04.15	02:38:09.981		0.78096			4
2026.04.15	02:38:10.281		0.78095			4
2026.04.15	02:38:10.882	0.78088	0.78094			6
2026.04.15	02:38:13.534	0.78085	0.78091			6
2026.04.15	02:38:13.836	0.78084	0.78090			6
2026.04.15	02:38:16.532	0.78086	0.78091			6
2026.04.15	02:38:16.832		0.78092			4
2026.04.15	02:38:18.689		0.78093			4
2026.04.15	02:38:20.076		0.78091			4
2026.04.15	02:38:21.832		0.78093			4
2026.04.15	02:38:23.045	0.78087	0.78094			6
2026.04.15	02:38:26.358	0.78086	0.78091			6
2026.04.15	02:38:26.960	0.78083	0.78089			6
2026.04.15	02:38:28.071	0.78084	0.78090			6
2026.04.15	02:38:28.370	0.78082	0.78088			6
2026.04.15	02:38:28.971		0.78087			4
2026.04.15	02:38:29.272		0.78088			4
2026.04.15	02:38:30.474	0.78084	0.78090			6
2026.04.15	02:38:34.539	0.78082	0.78088			6
2026.04.15	02:38:34.839	0.78084	0.78090			6
2026.04.15	02:38:36.039	0.78082	0.78088			6
2026.04.15	02:38:37.578	0.78083	0.78089			6
2026.04.15	02:38:37.876		0.78088			4
2026.04.15	02:38:42.668		0.78087			4
2026.04.15	02:38:48.429	0.78080	0.78085			6
2026.04.15	02:38:48.729	0.78079				2
2026.04.15	02:38:49.484	0.78081	0.78087			6
2026.04.15	02:38:51.647		0.78085			4
2026.04.15	02:38:54.531	0.78078	0.78084			6
2026.04.15	02:38:54.831	0.78080	0.78085			6
2026.04.15	02:38:59.306	0.78083	0.78090			6
2026.04.15	02:39:00.336	0.78083				2
2026.04.15	02:39:00.937	0.78082	0.78088			6
2026.04.15	02:39:01.237		0.78089			4
2026.04.15	02:39:02.703	0.78081	0.78086			6
2026.04.15	02:39:06.416	0.78084	0.78091			6
2026.04.15	02:39:08.847		0.78089			4
2026.04.15	02:39:10.327	0.78083				2
2026.04.15	02:39:11.467		0.78088			4
2026.04.15	02:39:12.740		0.78089			4
2026.04.15	02:39:15.519		0.78088			4
2026.04.15	02:39:16.605	0.78081	0.78087			6
2026.04.15	02:39:16.902	0.78080	0.78085			6
2026.04.15	02:39:17.503		0.78086			4
2026.04.15	02:39:18.242		0.78085			4
2026.04.15	02:39:20.486	0.78082	0.78086			6
2026.04.15	02:39:20.785		0.78087			4
2026.04.15	02:39:21.689	0.78081	0.78086			6
2026.04.15	02:39:25.167	0.78082	0.78088			6
2026.04.15	02:39:26.738	0.78083	0.78090			6
2026.04.15	02:39:27.038		0.78089			4
2026.04.15	02:39:28.520	0.78084	0.78090			6
2026.04.15	02:39:29.421		0.78091			4
2026.04.15	02:39:31.433	0.78086				2
2026.04.15	02:39:35.224	0.78085	0.78090			6
2026.04.15	02:39:37.295	0.78083	0.78089			6
2026.04.15	02:39:37.594	0.78081	0.78087			6
2026.04.15	02:39:41.384	0.78082	0.78088			6
2026.04.15	02:39:43.149	0.78081	0.78087			6
2026.04.15	02:39:46.680	0.78082	0.78088			6
2026.04.15	02:39:53.876	0.78083	0.78090			6
2026.04.15	02:39:54.600	0.78084	0.78091			6
2026.04.15	02:40:00.388	0.78084				2
2026.04.15	02:40:00.688		0.78092			4
2026.04.15	02:40:05.724		0.78091			4
2026.04.15	02:40:09.942	0.78085				2
2026.04.15	02:40:13.407	0.78086	0.78092			6
2026.04.15	02:40:13.708	0.78087	0.78094			6
2026.04.15	02:40:15.171		0.78092			4
2026.04.15	02:40:20.913	0.78088	0.78094			6
2026.04.15	02:40:23.671	0.78087	0.78092			6
2026.04.15	02:40:23.971		0.78093			4
2026.04.15	02:40:24.271	0.78088	0.78094			6
2026.04.15	02:40:40.575	0.78087	0.78093			6
2026.04.15	02:40:41.693		0.78094			4
2026.04.15	02:40:41.994	0.78088				2
2026.04.15	02:40:43.846		0.78093			4
2026.04.15	02:40:45.559	0.78087				2
2026.04.15	02:40:48.692	0.78088	0.78094			6
2026.04.15	02:40:52.665	0.78089	0.78095			6
2026.04.15	02:41:03.223	0.78089				2
2026.04.15	02:41:10.649	0.78091	0.78097			6
2026.04.15	02:41:10.953		0.78096			4
2026.04.15	02:41:18.175	0.78090				2
2026.04.15	02:41:19.464		0.78095			4
2026.04.15	02:41:19.764	0.78089				2
2026.04.15	02:41:20.679	0.78090				2
2026.04.15	02:41:22.392		0.78097			4
2026.04.15	02:41:25.642		0.78096			4
2026.04.15	02:41:25.942		0.78095			4
2026.04.15	02:41:26.242		0.78094			4
2026.04.15	02:41:27.253		0.78096			4
2026.04.15	02:41:27.553		0.78095			4
2026.04.15	02:41:28.895		0.78094			4
2026.04.15	02:41:30.476	0.78089				2
2026.04.15	02:41:32.666	0.78091	0.78097			6
2026.04.15	02:41:40.177	0.78092	0.78098			6
2026.04.15	02:41:42.361		0.78097			4
2026.04.15	02:41:44.837	0.78095	0.78098			6
2026.04.15	02:41:45.137		0.78100			4
2026.04.15	02:41:48.204	0.78088	0.78094			6
2026.04.15	02:41:49.893	0.78089	0.78095			6
2026.04.15	02:41:51.227	0.78090	0.78096			6
2026.04.15	02:41:52.616	0.78089	0.78095			6
2026.04.15	02:41:53.679		0.78094			4
2026.04.15	02:41:54.280	0.78088	0.78093			6
2026.04.15	02:41:56.786	0.78089	0.78094			6
2026.04.15	02:42:01.363	0.78089				2
2026.04.15	02:42:02.563		0.78095			4
2026.04.15	02:42:04.855	0.78087	0.78093			6
2026.04.15	02:42:08.759	0.78089	0.78095			6
2026.04.15	02:42:32.395	0.78088	0.78094			6
2026.04.15	02:42:40.647	0.78089	0.78095			6
2026.04.15	02:42:41.315	0.78088	0.78094			6
2026.04.15	02:42:41.614		0.78093			4
2026.04.15	02:42:44.336	0.78087	0.78092			6
2026.04.15	02:42:51.409	0.78085	0.78091			6
2026.04.15	02:42:51.713		0.78090			4
2026.04.15	02:42:55.880	0.78086	0.78092			6
2026.04.15	02:42:58.768	0.78084	0.78091			6
2026.04.15	02:43:00.819	0.78084				2
2026.04.15	02:43:01.120		0.78090			4
2026.04.15	02:43:04.072		0.78091			4
2026.04.15	02:43:08.564	0.78086				2
2026.04.15	02:43:09.464	0.78084				2
2026.04.15	02:43:10.590	0.78085	0.78092			6
2026.04.15	02:43:10.890	0.78084	0.78091			6
2026.04.15	02:43:11.190	0.78085	0.78092			6
2026.04.15	02:43:13.216	0.78084	0.78090			6
2026.04.15	02:43:17.662	0.78081	0.78089			6
2026.04.15	02:43:17.961	0.78080	0.78087			6
2026.04.15	02:43:25.859	0.78078	0.78085			6
2026.04.15	02:43:27.320	0.78079				2
2026.04.15	02:43:29.195	0.78075	0.78082			6
2026.04.15	02:43:32.515	0.78076	0.78083			6
2026.04.15	02:43:37.383	0.78077	0.78084			6
2026.04.15	02:43:40.908	0.78080	0.78087			6
2026.04.15	02:43:41.208	0.78081				2
2026.04.15	02:43:42.011	0.78080	0.78088			6
2026.04.15	02:43:42.808	0.78081	0.78087			6
2026.04.15	02:43:43.224	0.78080				2
2026.04.15	02:43:44.428		0.78088			4
2026.04.15	02:43:44.728	0.78081	0.78087			6
2026.04.15	02:43:45.331	0.78080				2
2026.04.15	02:43:46.208	0.78081	0.78088			6
2026.04.15	02:43:46.509	0.78079	0.78084			6
2026.04.15	02:43:46.808	0.78077				2
2026.04.15	02:43:48.962	0.78076	0.78082			6
2026.04.15	02:43:50.855	0.78077				2
2026.04.15	02:43:52.282	0.78076				2
2026.04.15	02:43:55.074	0.78077				2
2026.04.15	02:43:55.374	0.78076	0.78083			6
2026.04.15	02:43:59.431	0.78077				2
2026.04.15	02:44:00.046	0.78076				2
2026.04.15	02:44:01.759	0.78077	0.78084			6
2026.04.15	02:44:11.381		0.78082			4
2026.04.15	02:44:12.366		0.78083			4
2026.04.15	02:44:15.588	0.78078				2
2026.04.15	02:44:15.887	0.78080	0.78086			6
2026.04.15	02:44:22.090	0.78078	0.78084			6
2026.04.15	02:44:24.578	0.78077	0.78083			6
2026.04.15	02:44:26.465	0.78075	0.78082			6
2026.04.15	02:44:27.066	0.78074	0.78081			6
2026.04.15	02:44:32.788	0.78073	0.78080			6
2026.04.15	02:44:40.976	0.78074	0.78081			6
2026.04.15	02:44:42.963		0.78082			4
2026.04.15	02:44:44.873	0.78076				2
2026.04.15	02:44:45.174	0.78077				2
2026.04.15	02:44:45.479	0.78076				2
2026.04.15	02:44:45.779	0.78074				2
2026.04.15	02:44:47.794	0.78076				2
2026.04.15	02:44:48.096	0.78075				2
2026.04.15	02:44:48.396	0.78074				2
2026.04.15	02:44:48.699		0.78081			4
2026.04.15	02:44:53.606	0.78073	0.78080			6
2026.04.15	02:45:00.267	0.78072	0.78079			6
2026.04.15	02:45:01.554	0.78071	0.78077			6
2026.04.15	02:45:02.415		0.78078			4
2026.04.15	02:45:04.768		0.78079			4
2026.04.15	02:45:07.994	0.78066	0.78073			6
2026.04.15	02:45:08.294		0.78072			4
2026.04.15	02:45:08.594		0.78073			4
2026.04.15	02:45:13.027	0.78065				2
2026.04.15	02:45:13.328	0.78068	0.78075			6
2026.04.15	02:45:13.630		0.78076			4
2026.04.15	02:45:19.701		0.78075			4
2026.04.15	02:45:20.006	0.78065	0.78073			6
2026.04.15	02:45:23.076		0.78072			4
2026.04.15	02:45:23.978		0.78073			4
2026.04.15	02:45:25.632	0.78066				2
2026.04.15	02:45:25.933	0.78065				2
2026.04.15	02:45:30.048	0.78063	0.78070			6
2026.04.15	02:45:31.549	0.78062	0.78069			6
2026.04.15	02:45:32.619	0.78068	0.78075			6
2026.04.15	02:45:32.920	0.78069	0.78078			6
2026.04.15	02:45:33.220	0.78068	0.78076			6
2026.04.15	02:45:34.138	0.78070	0.78078			6
2026.04.15	02:45:38.224		0.78079			4
2026.04.15	02:45:40.698	0.78072	0.78080			6
2026.04.15	02:45:41.384	0.78070	0.78079			6
2026.04.15	02:45:46.356		0.78078			4
2026.04.15	02:45:46.656		0.78077			4
2026.04.15	02:45:47.582		0.78078			4
2026.04.15	02:45:51.212		0.78077			4
2026.04.15	02:45:52.307	0.78067	0.78075			6
2026.04.15	02:45:57.649	0.78068				2
2026.04.15	02:45:58.252	0.78067				2
2026.04.15	02:45:58.554	0.78068				2
2026.04.15	02:45:59.451	0.78067				2
2026.04.15	02:46:00.054	0.78068	0.78076			6
2026.04.15	02:46:00.430	0.78067				2
2026.04.15	02:46:00.735	0.78068				2
2026.04.15	02:46:02.138		0.78077			4
2026.04.15	02:46:03.899	0.78069	0.78078			6
2026.04.15	02:46:04.948	0.78071				2
2026.04.15	02:46:07.167	0.78073	0.78081			6
2026.04.15	02:46:08.145	0.78072	0.78080			6
2026.04.15	02:46:08.445	0.78073				2
2026.04.15	02:46:11.580	0.78071	0.78078			6
2026.04.15	02:46:24.390	0.78070	0.78079			6
2026.04.15	02:46:26.196	0.78072	0.78080			6
2026.04.15	02:46:28.371	0.78074				2
2026.04.15	02:46:29.699	0.78072				2
2026.04.15	02:46:30.299	0.78074				2
2026.04.15	02:46:32.881	0.78072				2
2026.04.15	02:46:35.376	0.78071	0.78078			6
2026.04.15	02:46:36.104	0.78070				2
2026.04.15	02:46:47.357	0.78073	0.78080			6
2026.04.15	02:46:48.183	0.78074	0.78081			6
2026.04.15	02:46:48.484	0.78073				2
2026.04.15	02:46:49.120		0.78080			4
2026.04.15	02:46:49.420	0.78071	0.78077			6
2026.04.15	02:46:50.952		0.78078			4
2026.04.15	02:46:51.630	0.78070				2
2026.04.15	02:46:57.975	0.78071	0.78080			6
2026.04.15	02:46:58.276	0.78073				2
2026.04.15	02:46:58.576	0.78072	0.78079			6
2026.04.15	02:46:58.875	0.78073				2
2026.04.15	02:47:00.110	0.78072				2
2026.04.15	02:47:00.408	0.78074	0.78080			6
2026.04.15	02:47:00.709		0.78082			4
2026.04.15	02:47:01.011	0.78075	0.78080			6
2026.04.15	02:47:06.620	0.78071	0.78076			6
2026.04.15	02:47:07.219	0.78070	0.78077			6
2026.04.15	02:47:12.534	0.78071				2
2026.04.15	02:47:16.686		0.78078			4
2026.04.15	02:47:19.443	0.78073	0.78080			6
2026.04.15	02:47:21.299	0.78071	0.78078			6
2026.04.15	02:47:24.274	0.78072				2
2026.04.15	02:47:24.577	0.78073	0.78079			6
2026.04.15	02:47:25.605		0.78080			4
2026.04.15	02:47:28.327	0.78074	0.78079			6
2026.04.15	02:47:28.627	0.78071	0.78078			6
2026.04.15	02:47:31.418	0.78072	0.78077			6
2026.04.15	02:47:38.666	0.78075	0.78080			6
2026.04.15	02:47:46.426	0.78077	0.78082			6
2026.04.15	02:47:47.427	0.78075	0.78081			6
2026.04.15	02:47:51.279		0.78080			4
2026.04.15	02:47:54.890	0.78074				2
2026.04.15	02:47:55.272	0.78075				2
2026.04.15	02:47:59.491	0.78073				2
2026.04.15	02:47:59.792	0.78075	0.78081			6
2026.04.15	02:48:00.138	0.78073				2
2026.04.15	02:48:00.438	0.78074	0.78080			6
2026.04.15	02:48:11.303	0.78075				2
2026.04.15	02:48:11.603	0.78073	0.78079			6
2026.04.15	02:48:11.903	0.78074				2
2026.04.15	02:48:15.260		0.78080			4
2026.04.15	02:48:18.138	0.78073	0.78079			6
2026.04.15	02:48:18.943		0.78080			4
2026.04.15	02:48:19.243	0.78072	0.78081			6
2026.04.15	02:48:26.728	0.78075	0.78083			6
2026.04.15	02:48:30.820	0.78071	0.78080			6
2026.04.15	02:48:34.790	0.78072				2
2026.04.15	02:48:37.488	0.78073	0.78081			6
2026.04.15	02:48:38.569	0.78074				2
2026.04.15	02:48:47.037	0.78077	0.78084			6
2026.04.15	02:48:49.193	0.78076				2
2026.04.15	02:48:50.507	0.78077				2
2026.04.15	02:48:51.938	0.78076				2
2026.04.15	02:48:52.238	0.78077				2
2026.04.15	02:48:53.797	0.78076	0.78085			6
2026.04.15	02:48:55.482	0.78074	0.78083			6
2026.04.15	02:48:59.048	0.78072	0.78082			6
2026.04.15	02:49:00.407	0.78072				2
2026.04.15	02:49:02.903	0.78073				2
2026.04.15	02:49:03.204	0.78076	0.78085			6
2026.04.15	02:49:08.280	0.78077				2
2026.04.15	02:49:09.783	0.78076	0.78084			6
2026.04.15	02:49:11.830	0.78075	0.78085			6
2026.04.15	02:49:15.973	0.78076				2
2026.04.15	02:49:16.274		0.78084			4
2026.04.15	02:49:22.637	0.78078				2
2026.04.15	02:49:30.907	0.78077	0.78083			6
2026.04.15	02:49:33.557	0.78075	0.78081			6
2026.04.15	02:49:48.634	0.78078	0.78086			6
2026.04.15	02:49:48.934	0.78081	0.78087			6
2026.04.15	02:49:49.627	0.78080				2
2026.04.15	02:49:50.424	0.78078	0.78084			6
2026.04.15	02:49:51.288	0.78077	0.78083			6
2026.04.15	02:49:56.237	0.78075				2
2026.04.15	02:49:57.134		0.78082			4
2026.04.15	02:50:00.314	0.78075				2
2026.04.15	02:50:03.569	0.78077	0.78083			6
2026.04.15	02:50:05.135	0.78074				2
2026.04.15	02:50:05.434		0.78080			4
2026.04.15	02:50:08.522	0.78075				2
2026.04.15	02:50:10.815		0.78081			4
2026.04.15	02:50:13.190	0.78077				2
2026.04.15	02:50:13.491		0.78084			4
2026.04.15	02:50:15.185	0.78074	0.78083			6
2026.04.15	02:50:15.485		0.78081			4
2026.04.15	02:50:16.772	0.78075	0.78082			6
2026.04.15	02:50:20.657	0.78076	0.78083			6
2026.04.15	02:50:22.143	0.78075				2
2026.04.15	02:50:24.330		0.78081			4
2026.04.15	02:50:28.170	0.78077	0.78084			6
2026.04.15	02:50:28.470	0.78078				2
2026.04.15	02:50:59.175	0.78077	0.78086			6
2026.04.15	02:51:00.692	0.78077				2
2026.04.15	02:51:00.993	0.78078				2
2026.04.15	02:51:02.460	0.78079				2
2026.04.15	02:51:05.498	0.78077	0.78087			6
2026.04.15	02:51:09.076	0.78078				2
2026.04.15	02:51:09.376	0.78082				2
2026.04.15	02:51:16.576	0.78081				2
2026.04.15	02:51:31.302	0.78082	0.78088			6
2026.04.15	02:51:43.980	0.78083	0.78090			6
2026.04.15	02:51:45.003		0.78091			4
2026.04.15	02:51:45.303		0.78090			4
2026.04.15	02:51:45.856	0.78082				2
2026.04.15	02:51:46.156	0.78083				2
2026.04.15	02:51:46.456	0.78084	0.78091			6
2026.04.15	02:51:46.757	0.78083	0.78090			6
2026.04.15	02:51:49.260		0.78091			4
2026.04.15	02:51:49.560	0.78084	0.78090			6
2026.04.15	02:51:50.161		0.78092			4
2026.04.15	02:51:52.498		0.78091			4
2026.04.15	02:51:54.451		0.78094			4
2026.04.15	02:51:54.751	0.78086				2
2026.04.15	02:51:58.813		0.78093			4
2026.04.15	02:51:59.114	0.78084				2
2026.04.15	02:52:00.073	0.78084				2
2026.04.15	02:52:00.373	0.78086				2
2026.04.15	02:52:01.579	0.78085				2
2026.04.15	02:52:01.879	0.78086				2
2026.04.15	02:52:02.180	0.78085				2
2026.04.15	02:52:02.480	0.78086				2
2026.04.15	02:52:02.780	0.78085				2
2026.04.15	02:52:07.891	0.78087				2
2026.04.15	02:52:08.190	0.78086				2
2026.04.15	02:52:09.244	0.78091	0.78098			6
2026.04.15	02:52:10.453	0.78090	0.78096			6
2026.04.15	02:52:13.215	0.78087				2
2026.04.15	02:52:29.387		0.78094			4
2026.04.15	02:52:31.962		0.78096			4
2026.04.15	02:52:32.561	0.78090				2
2026.04.15	02:52:38.182	0.78088	0.78095			6
2026.04.15	02:52:39.189	0.78087				2
2026.04.15	02:52:39.488		0.78096			4
2026.04.15	02:52:39.788		0.78094			4
2026.04.15	02:52:44.091	0.78088	0.78095			6
2026.04.15	02:52:48.004	0.78089	0.78096			6
2026.04.15	02:52:58.281	0.78088	0.78095			6
2026.04.15	02:52:59.445	0.78090	0.78096			6
2026.04.15	02:53:01.038	0.78090				2
2026.04.15	02:53:30.213	0.78088				2
2026.04.15	02:53:33.908	0.78087				2
2026.04.15	02:53:44.446		0.78094			4
2026.04.15	02:53:46.600		0.78095			4
2026.04.15	02:53:47.470	0.78086				2
2026.04.15	02:53:47.769	0.78087				2
2026.04.15	02:53:49.998	0.78086	0.78094			6
2026.04.15	02:53:50.298	0.78087				2
2026.04.15	02:53:51.644	0.78086				2
2026.04.15	02:53:57.329	0.78087	0.78095			6
2026.04.15	02:54:02.270	0.78087				2
2026.04.15	02:54:02.571	0.78086	0.78093			6
2026.04.15	02:54:03.756	0.78087				2
2026.04.15	02:54:04.057	0.78085	0.78094			6
2026.04.15	02:54:13.420		0.78093			4
2026.04.15	02:54:14.021	0.78086				2
2026.04.15	02:54:32.274	0.78085				2
2026.04.15	02:54:32.576	0.78086				2
2026.04.15	02:54:33.333	0.78087				2
2026.04.15	02:54:34.389		0.78094			4
2026.04.15	02:54:35.448	0.78086	0.78092			6
2026.04.15	02:54:36.648	0.78085				2
2026.04.15	02:54:40.373	0.78086				2
2026.04.15	02:54:40.674	0.78085				2
2026.04.15	02:54:40.974	0.78086				2
2026.04.15	02:54:41.277		0.78093			4
2026.04.15	02:54:42.480	0.78087				2
2026.04.15	02:54:43.254		0.78094			4
2026.04.15	02:54:44.156	0.78088				2
2026.04.15	02:54:44.456		0.78095			4
2026.04.15	02:54:45.434	0.78087	0.78094			6
2026.04.15	02:54:46.588	0.78088	0.78095			6
2026.04.15	02:54:47.988	0.78087	0.78094			6
2026.04.15	02:54:56.633	0.78088				2
2026.04.15	02:54:56.933	0.78087				2
2026.04.15	02:54:59.430	0.78088	0.78095			6
2026.04.15	02:54:59.730	0.78086	0.78093			6
2026.04.15	02:55:00.030	0.78086				2
2026.04.15	02:55:00.330	0.78087	0.78094			6
2026.04.15	02:55:01.596		0.78093			4
2026.04.15	02:55:03.290		0.78094			4
2026.04.15	02:55:03.910	0.78088				2
2026.04.15	02:55:10.509		0.78095			4
2026.04.15	02:55:14.593	0.78089				2
2026.04.15	02:55:15.193	0.78088				2
2026.04.15	02:55:18.989	0.78089				2
2026.04.15	02:55:19.290	0.78088				2
2026.04.15	02:55:20.301	0.78089				2
2026.04.15	02:55:20.711	0.78088				2
2026.04.15	02:55:22.866	0.78087	0.78094			6
2026.04.15	02:55:23.469	0.78086				2
2026.04.15	02:55:25.493	0.78087				2
2026.04.15	02:55:27.367		0.78095			4
2026.04.15	02:55:30.079	0.78088				2
2026.04.15	02:55:33.007	0.78086				2
2026.04.15	02:55:33.307	0.78087	0.78094			6
2026.04.15	02:55:35.679		0.78095			4
2026.04.15	02:55:37.277	0.78088				2
2026.04.15	02:55:39.476	0.78087				2
2026.04.15	02:55:39.778	0.78088				2
2026.04.15	02:55:43.367	0.78089				2
2026.04.15	02:55:46.592	0.78088	0.78097			6
2026.04.15	02:55:46.894	0.78089	0.78096			6
2026.04.15	02:55:47.592	0.78088				2
2026.04.15	02:55:49.148		0.78095			4
2026.04.15	02:55:50.274	0.78087				2
2026.04.15	02:55:51.367	0.78088				2
2026.04.15	02:55:54.280	0.78086				2
2026.04.15	02:55:56.754		0.78094			4
2026.04.15	02:55:57.054	0.78087				2
2026.04.15	02:55:58.104	0.78086				2
2026.04.15	02:56:00.249	0.78087				2
2026.04.15	02:56:00.551	0.78086				2
2026.04.15	02:56:01.218	0.78087				2
2026.04.15	02:56:02.776	0.78086				2
2026.04.15	02:56:03.077	0.78088				2
2026.04.15	02:56:06.685	0.78087	0.78093			6
2026.04.15	02:56:12.428	0.78088	0.78094			6
2026.04.15	02:56:13.376		0.78095			4
2026.04.15	02:56:14.367	0.78089	0.78098			6
2026.04.15	02:56:14.667	0.78090				2
2026.04.15	02:56:14.967		0.78099			4
2026.04.15	02:56:15.267	0.78093	0.78100			6
2026.04.15	02:56:19.459	0.78091	0.78099			6
2026.04.15	02:56:21.471	0.78090	0.78098			6
2026.04.15	02:56:22.708	0.78091	0.78099			6
2026.04.15	02:56:23.008	0.78090				2
2026.04.15	02:56:24.188	0.78091				2
2026.04.15	02:56:24.488	0.78092				2
2026.04.15	02:56:24.788	0.78090				2
2026.04.15	02:56:35.370	0.78091				2
2026.04.15	02:56:35.671	0.78090				2
2026.04.15	02:56:36.366	0.78091				2
2026.04.15	02:56:37.423	0.78090				2
2026.04.15	02:56:38.364	0.78091				2
2026.04.15	02:56:39.620	0.78090				2
2026.04.15	02:56:41.124		0.78098			4
2026.04.15	02:56:46.386	0.78091	0.78099			6
2026.04.15	02:56:46.685	0.78090				2
2026.04.15	02:56:48.245	0.78091				2
2026.04.15	02:56:48.846	0.78092				2
2026.04.15	02:56:49.145	0.78090				2
2026.04.15	02:56:49.780	0.78091				2
2026.04.15	02:56:57.096	0.78090	0.78098			6
2026.04.15	02:57:00.126	0.78090				2
2026.04.15	02:57:04.475	0.78089				2
2026.04.15	02:57:14.436		0.78097			4
2026.04.15	02:57:14.736	0.78087	0.78095			6
2026.04.15	02:57:19.112	0.78086				2
2026.04.15	02:57:20.617	0.78087	0.78094			6
2026.04.15	02:57:23.180	0.78086				2
2026.04.15	02:57:23.481	0.78085				2
2026.04.15	02:57:23.780	0.78084	0.78093			6
2026.04.15	02:57:25.123	0.78085				2
2026.04.15	02:57:29.723		0.78094			4
2026.04.15	02:57:30.024	0.78086				2
2026.04.15	02:57:39.745	0.78085				2
2026.04.15	02:57:40.548	0.78084				2
2026.04.15	02:57:40.850	0.78085				2
2026.04.15	02:57:42.743	0.78084				2
2026.04.15	02:57:44.581	0.78085				2
2026.04.15	02:57:46.743		0.78095			4
2026.04.15	02:57:47.043	0.78087	0.78096			6
2026.04.15	02:57:55.454	0.78086				2
2026.04.15	02:58:00.227	0.78086				2
2026.04.15	02:58:02.019	0.78087				2
2026.04.15	02:58:03.559	0.78086				2
2026.04.15	02:58:06.757	0.78087				2
2026.04.15	02:58:17.585		0.78095			4
2026.04.15	02:58:17.885		0.78096			4
2026.04.15	02:58:21.076	0.78086				2
2026.04.15	02:58:21.377		0.78095			4
2026.04.15	02:58:24.000		0.78096			4
2026.04.15	02:58:24.301	0.78087				2
2026.04.15	02:58:32.901		0.78097			4
2026.04.15	02:58:33.202	0.78089	0.78096			6
2026.04.15	02:58:33.503	0.78088	0.78097			6
2026.04.15	02:58:33.803	0.78089				2
2026.04.15	02:58:34.714	0.78088	0.78096			6
2026.04.15	02:58:35.013		0.78097			4
2026.04.15	02:58:36.086	0.78089				2
2026.04.15	02:58:36.385	0.78090				2
2026.04.15	02:58:37.133	0.78089				2
2026.04.15	02:58:37.433	0.78090	0.78096			6
2026.04.15	02:58:37.732	0.78091	0.78097			6
2026.04.15	02:58:38.033	0.78090	0.78096			6
2026.04.15	02:58:38.334	0.78089				2
2026.04.15	02:58:40.296	0.78088				2
2026.04.15	02:58:41.427	0.78089				2
2026.04.15	02:58:41.728	0.78088				2
2026.04.15	02:58:42.995	0.78087				2
2026.04.15	02:58:49.425	0.78088	0.78095			6
2026.04.15	02:58:51.611		0.78096			4
2026.04.15	02:58:51.912	0.78087				2
2026.04.15	02:58:56.405	0.78088				2
2026.04.15	02:58:57.752		0.78098			4
2026.04.15	02:58:58.053	0.78091	0.78099			6
2026.04.15	02:58:58.353		0.78098			4
2026.04.15	02:59:00.035	0.78088	0.78096			6
2026.04.15	02:59:02.581		0.78095			4
2026.04.15	02:59:05.470	0.78089				2
2026.04.15	02:59:05.774		0.78096			4
2026.04.15	02:59:10.365	0.78087				2
2026.04.15	02:59:10.965	0.78089				2
2026.04.15	02:59:11.265	0.78088				2
2026.04.15	02:59:11.975	0.78089				2
2026.04.15	02:59:13.366		0.78097			4
2026.04.15	02:59:14.397	0.78088				2
2026.04.15	02:59:15.513	0.78089				2
2026.04.15	02:59:16.113	0.78088				2
2026.04.15	02:59:17.882	0.78089				2
2026.04.15	02:59:25.149		0.78098			4
2026.04.15	02:59:27.063	0.78088				2
2026.04.15	02:59:37.071	0.78090				2
2026.04.15	02:59:37.371		0.78099			4
2026.04.15	02:59:39.655	0.78093	0.78100			6
2026.04.15	02:59:45.411	0.78091	0.78099			6
2026.04.15	02:59:49.352		0.78100			4
2026.04.15	02:59:49.664		0.78099			4
2026.04.15	03:00:00.006	0.78091				2
2026.04.15	03:00:00.309	0.78094				2
2026.04.15	03:00:00.608	0.78092				2
2026.04.15	03:00:00.908	0.78093	0.78100			6
2026.04.15	03:00:01.212	0.78096	0.78102			6
2026.04.15	03:00:01.510	0.78093	0.78099			6
2026.04.15	03:00:01.810	0.78094	0.78100			6
2026.04.15	03:00:02.110	0.78093	0.78099			6
2026.04.15	03:00:02.711	0.78094				2
2026.04.15	03:00:03.012		0.78098			4
2026.04.15	03:00:03.312	0.78091	0.78096			6
2026.04.15	03:00:03.610	0.78092	0.78099			6
2026.04.15	03:00:04.064		0.78098			4
2026.04.15	03:00:04.367	0.78091	0.78096			6
2026.04.15	03:00:04.665		0.78097			4
2026.04.15	03:00:05.268	0.78092				2
2026.04.15	03:00:07.539	0.78090	0.78096			6
2026.04.15	03:00:09.341	0.78091				2
2026.04.15	03:00:09.641	0.78090				2
2026.04.15	03:00:12.605	0.78091				2
2026.04.15	03:00:13.205	0.78090				2
2026.04.15	03:00:13.506	0.78091				2
2026.04.15	03:00:14.460	0.78093	0.78098			6
2026.04.15	03:00:15.996	0.78092	0.78096			6
2026.04.15	03:00:16.296	0.78091				2
2026.04.15	03:00:18.097	0.78090				2
2026.04.15	03:00:19.016	0.78091				2
2026.04.15	03:00:19.915	0.78090				2
2026.04.15	03:00:20.818		0.78095			4
2026.04.15	03:00:21.118	0.78092	0.78099			6
2026.04.15	03:00:21.718	0.78093				2
2026.04.15	03:00:22.780		0.78098			4
2026.04.15	03:00:23.081	0.78092				2
2026.04.15	03:00:24.581	0.78093				2
2026.04.15	03:00:24.881	0.78092				2
2026.04.15	03:00:25.574	0.78091				2
2026.04.15	03:00:25.875		0.78096			4
2026.04.15	03:00:26.483	0.78092	0.78098			6
2026.04.15	03:00:26.780	0.78093	0.78099			6
2026.04.15	03:00:30.409		0.78098			4
2026.04.15	03:00:30.708	0.78091	0.78097			6
2026.04.15	03:00:31.310	0.78092	0.78098			6
2026.04.15	03:00:34.151	0.78091				2
2026.04.15	03:00:34.451		0.78096			4
2026.04.15	03:00:35.405	0.78093	0.78099			6
2026.04.15	03:00:41.091	0.78094				2
2026.04.15	03:00:41.388	0.78097	0.78102			6
2026.04.15	03:00:43.488		0.78103			4
2026.04.15	03:00:46.367		0.78102			4
2026.04.15	03:00:50.066		0.78100			4
2026.04.15	03:00:50.366	0.78096	0.78101			6
2026.04.15	03:00:52.546	0.78097	0.78103			6
2026.04.15	03:00:55.058	0.78098				2
2026.04.15	03:00:55.660	0.78099	0.78105			6
2026.04.15	03:00:55.959		0.78106			4
2026.04.15	03:00:56.561		0.78103			4
2026.04.15	03:00:57.164	0.78100	0.78106			6
2026.04.15	03:00:58.116	0.78101				2
2026.04.15	03:00:59.768	0.78103				2
2026.04.15	03:01:00.066	0.78103				2
2026.04.15	03:01:00.367		0.78108			4
2026.04.15	03:01:00.666		0.78109			4
2026.04.15	03:01:01.392	0.78104				2
2026.04.15	03:01:01.993	0.78103				2
2026.04.15	03:01:03.965		0.78108			4
2026.04.15	03:01:05.764		0.78107			4
2026.04.15	03:01:06.728	0.78099	0.78105			6
2026.04.15	03:01:07.029	0.78100				2
2026.04.15	03:01:15.526	0.78097	0.78103			6
2026.04.15	03:01:17.028	0.78099	0.78106			6
2026.04.15	03:01:17.628	0.78100				2
2026.04.15	03:01:20.189	0.78099				2
2026.04.15	03:01:22.539	0.78101	0.78107			6
2026.04.15	03:01:25.964	0.78099	0.78106			6
2026.04.15	03:01:27.623	0.78100				2
2026.04.15	03:01:29.446	0.78099				2
2026.04.15	03:01:29.747	0.78100				2
2026.04.15	03:01:30.809	0.78099				2
2026.04.15	03:01:31.406	0.78100				2
2026.04.15	03:01:32.131	0.78099				2
2026.04.15	03:01:32.434	0.78100				2
2026.04.15	03:01:32.733	0.78099				2
2026.04.15	03:01:35.789	0.78101	0.78107			6
2026.04.15	03:01:36.091	0.78104	0.78110			6
2026.04.15	03:01:36.390	0.78105	0.78112			6
2026.04.15	03:01:41.714		0.78110			4
2026.04.15	03:01:42.297		0.78111			4
2026.04.15	03:01:44.129		0.78112			4
2026.04.15	03:01:49.896		0.78110			4
2026.04.15	03:01:50.195		0.78111			4
2026.04.15	03:01:51.276		0.78112			4
2026.04.15	03:01:52.467	0.78103	0.78109			6
2026.04.15	03:01:53.672	0.78104	0.78110			6
2026.04.15	03:01:53.971	0.78106	0.78112			6
2026.04.15	03:02:00.230	0.78106				2
2026.04.15	03:02:00.834	0.78108	0.78115			6
2026.04.15	03:02:02.048	0.78109				2
2026.04.15	03:02:02.349	0.78112	0.78118			6
2026.04.15	03:02:03.550	0.78113	0.78119			6
2026.04.15	03:02:03.850	0.78112	0.78118			6
2026.04.15	03:02:04.151	0.78113				2
2026.04.15	03:02:04.451	0.78114				2
2026.04.15	03:02:05.609		0.78117			4
2026.04.15	03:02:05.910		0.78118			4
2026.04.15	03:02:10.531	0.78111	0.78116			6
2026.04.15	03:02:15.862		0.78114			4
2026.04.15	03:02:16.162		0.78115			4
2026.04.15	03:02:28.400	0.78109				2
2026.04.15	03:02:30.227	0.78110				2
2026.04.15	03:02:31.128	0.78105	0.78112			6
2026.04.15	03:02:34.806		0.78111			4
2026.04.15	03:02:41.603		0.78112			4
2026.04.15	03:02:43.726	0.78107				2
2026.04.15	03:02:44.027	0.78110	0.78116			6
2026.04.15	03:02:45.680	0.78109	0.78114			6
2026.04.15	03:02:45.982		0.78115			4
2026.04.15	03:02:46.281	0.78110				2
2026.04.15	03:02:56.963	0.78111	0.78116			6
2026.04.15	03:02:59.238	0.78110				2
2026.04.15	03:03:00.141	0.78113	0.78118			6
2026.04.15	03:03:00.742	0.78112	0.78117			6
2026.04.15	03:03:01.042		0.78118			4
2026.04.15	03:03:01.347	0.78111	0.78119			6
2026.04.15	03:03:01.943	0.78112	0.78118			6
2026.04.15	03:03:02.244		0.78117			4
2026.04.15	03:03:04.595		0.78118			4
2026.04.15	03:03:08.201		0.78117			4
2026.04.15	03:03:08.503	0.78113				2
2026.04.15	03:03:08.803	0.78112				2
2026.04.15	03:03:09.103		0.78119			4
2026.04.15	03:03:09.403		0.78118			4
2026.04.15	03:03:10.008	0.78111	0.78115			6
2026.04.15	03:03:10.308		0.78116			4
2026.04.15	03:03:10.608		0.78115			4
2026.04.15	03:03:12.699		0.78116			4
2026.04.15	03:03:16.041		0.78115			4
2026.04.15	03:03:17.815		0.78116			4
2026.04.15	03:03:20.315	0.78110	0.78115			6
2026.04.15	03:03:20.615		0.78116			4
2026.04.15	03:03:23.576		0.78115			4
2026.04.15	03:03:23.879		0.78116			4
2026.04.15	03:03:26.718	0.78111				2
2026.04.15	03:03:27.921	0.78110	0.78115			6
2026.04.15	03:03:29.986		0.78116			4
2026.04.15	03:03:30.286		0.78115			4
2026.04.15	03:03:31.391	0.78109				2
2026.04.15	03:03:34.640	0.78108				2
2026.04.15	03:03:37.829	0.78109	0.78116			6
2026.04.15	03:03:38.128	0.78110	0.78115			6
2026.04.15	03:03:39.478		0.78116			4
2026.04.15	03:03:41.549		0.78115			4
2026.04.15	03:03:42.149	0.78112	0.78117			6
2026.04.15	03:03:42.451		0.78118			4
2026.04.15	03:03:45.087		0.78119			4
2026.04.15	03:03:45.387	0.78113	0.78118			6
2026.04.15	03:03:50.576	0.78112				2
2026.04.15	03:03:53.855	0.78118	0.78123			6
2026.04.15	03:03:54.459	0.78121	0.78126			6
2026.04.15	03:03:54.755	0.78120				2
2026.04.15	03:03:55.356	0.78122	0.78127			6
2026.04.15	03:03:55.656		0.78129			4
2026.04.15	03:03:56.256	0.78123				2
2026.04.15	03:03:57.156	0.78124				2
2026.04.15	03:03:57.457	0.78125	0.78128			6
2026.04.15	03:03:59.862	0.78123	0.78129			6
2026.04.15	03:04:00.162	0.78123				2
2026.04.15	03:04:00.462		0.78128			4
2026.04.15	03:04:01.678		0.78129			4
2026.04.15	03:04:04.295	0.78126	0.78131			6
2026.04.15	03:04:04.595	0.78127	0.78132			6
2026.04.15	03:04:05.807		0.78134			4
2026.04.15	03:04:06.408		0.78132			4
2026.04.15	03:04:07.008	0.78130	0.78135			6
2026.04.15	03:04:07.308	0.78132	0.78138			6
2026.04.15	03:04:07.909		0.78140			4
2026.04.15	03:04:10.063		0.78139			4
2026.04.15	03:04:10.364	0.78131	0.78138			6
2026.04.15	03:04:10.665		0.78139			4
2026.04.15	03:04:10.965	0.78133	0.78138			6
2026.04.15	03:04:11.266	0.78132				2
2026.04.15	03:04:11.566	0.78130	0.78135			6
2026.04.15	03:04:18.150		0.78134			4
2026.04.15	03:04:19.102	0.78128				2
2026.04.15	03:04:19.400	0.78129	0.78135			6
2026.04.15	03:04:22.255	0.78128	0.78134			6
2026.04.15	03:04:22.555	0.78127				2
2026.04.15	03:04:23.281		0.78133			4
2026.04.15	03:04:23.582		0.78134			4
2026.04.15	03:04:25.507	0.78128	0.78136			6
2026.04.15	03:04:25.808	0.78129	0.78135			6
2026.04.15	03:04:26.108		0.78136			4
2026.04.15	03:04:26.409		0.78135			4
2026.04.15	03:04:26.710		0.78136			4
2026.04.15	03:04:27.435	0.78128	0.78133			6
2026.04.15	03:04:27.739		0.78134			4
2026.04.15	03:04:28.641		0.78133			4
2026.04.15	03:04:29.244		0.78134			4
2026.04.15	03:04:29.544		0.78133			4
2026.04.15	03:04:30.954	0.78126				2
2026.04.15	03:04:31.254		0.78132			4
2026.04.15	03:04:31.554		0.78134			4
2026.04.15	03:04:36.359	0.78127				2
2026.04.15	03:04:36.660		0.78133			4
2026.04.15	03:04:37.460	0.78129	0.78134			6
2026.04.15	03:04:37.760		0.78135			4
2026.04.15	03:04:38.689		0.78134			4
2026.04.15	03:04:39.757	0.78127	0.78132			6
2026.04.15	03:04:40.197		0.78133			4
2026.04.15	03:04:41.399	0.78126	0.78132			6
2026.04.15	03:04:44.743		0.78134			4
2026.04.15	03:04:45.045		0.78132			4
2026.04.15	03:04:45.380	0.78127	0.78133			6
2026.04.15	03:04:45.679		0.78134			4
2026.04.15	03:04:46.280	0.78126	0.78133			6
2026.04.15	03:04:48.875	0.78127				2
2026.04.15	03:04:49.799	0.78126				2
2026.04.15	03:04:50.099	0.78128	0.78134			6
2026.04.15	03:04:50.478		0.78133			4
2026.04.15	03:04:50.779	0.78127				2
2026.04.15	03:04:51.079	0.78126				2
2026.04.15	03:04:55.849	0.78128	0.78134			6
2026.04.15	03:04:56.449	0.78129				2
2026.04.15	03:04:56.750	0.78128				2
2026.04.15	03:04:58.068	0.78130	0.78135			6
2026.04.15	03:04:58.969		0.78136			4
2026.04.15	03:05:00.098	0.78129	0.78135			6
2026.04.15	03:05:00.697	0.78128				2
2026.04.15	03:05:02.211		0.78136			4
2026.04.15	03:05:02.511	0.78126	0.78133			6
2026.04.15	03:05:03.663	0.78127				2
2026.04.15	03:05:06.062		0.78134			4
2026.04.15	03:05:06.363	0.78128				2
2026.04.15	03:05:07.566	0.78129				2
2026.04.15	03:05:07.869	0.78130	0.78135			6
2026.04.15	03:05:08.166	0.78132	0.78136			6
2026.04.15	03:05:08.769	0.78130				2
2026.04.15	03:05:09.070	0.78131	0.78137			6
2026.04.15	03:05:09.370	0.78130	0.78135			6
2026.04.15	03:05:10.588		0.78136			4
2026.04.15	03:05:15.134	0.78134				2
2026.04.15	03:05:15.434	0.78133	0.78134			6
2026.04.15	03:05:17.923	0.78132				2
2026.04.15	03:05:24.625	0.78128				2
2026.04.15	03:05:25.393	0.78130	0.78135			6
2026.04.15	03:05:28.509	0.78131	0.78136			6
2026.04.15	03:05:28.807	0.78133	0.78140			6
2026.04.15	03:05:29.408		0.78139			4
2026.04.15	03:05:32.554		0.78140			4
2026.04.15	03:05:33.155	0.78132	0.78139			6
2026.04.15	03:05:33.757		0.78140			4
2026.04.15	03:05:34.056	0.78133				2
2026.04.15	03:05:34.358	0.78134				2
2026.04.15	03:05:34.658	0.78133				2
2026.04.15	03:05:35.471	0.78130	0.78136			6
2026.04.15	03:05:37.274		0.78137			4
2026.04.15	03:05:40.376	0.78131	0.78136			6
2026.04.15	03:05:42.292		0.78137			4
2026.04.15	03:05:43.518	0.78130				2
2026.04.15	03:05:44.429	0.78131				2
2026.04.15	03:05:45.029	0.78130				2
2026.04.15	03:05:45.630		0.78136			4
2026.04.15	03:05:46.230	0.78131	0.78137			6
2026.04.15	03:05:47.695	0.78130	0.78136			6
2026.04.15	03:05:47.996		0.78137			4
2026.04.15	03:05:48.296		0.78136			4
2026.04.15	03:05:51.310	0.78131	0.78137			6
2026.04.15	03:05:51.610		0.78136			4
2026.04.15	03:05:52.887		0.78137			4
2026.04.15	03:05:53.211		0.78136			4
2026.04.15	03:05:53.811		0.78137			4
2026.04.15	03:05:55.015	0.78130	0.78136			6
2026.04.15	03:05:56.179		0.78137			4
2026.04.15	03:05:56.484	0.78129	0.78134			6
2026.04.15	03:05:56.781	0.78128				2
2026.04.15	03:05:57.081	0.78127				2
2026.04.15	03:05:59.390	0.78128				2
2026.04.15	03:06:00.204	0.78128				2
2026.04.15	03:06:02.595	0.78126				2
2026.04.15	03:06:02.895	0.78127				2
2026.04.15	03:06:03.195	0.78126				2
2026.04.15	03:06:04.396	0.78127				2
2026.04.15	03:06:04.698	0.78125	0.78131			6
2026.04.15	03:06:05.297	0.78124				2
2026.04.15	03:06:06.533	0.78126	0.78132			6
2026.04.15	03:06:07.435	0.78125	0.78131			6
2026.04.15	03:06:07.734		0.78132			4
2026.04.15	03:06:08.034	0.78126				2
2026.04.15	03:06:08.671		0.78134			4
2026.04.15	03:06:09.614		0.78132			4
2026.04.15	03:06:11.177		0.78134			4
2026.04.15	03:06:11.478	0.78125	0.78131			6
2026.04.15	03:06:12.078	0.78124				2
2026.04.15	03:06:21.863	0.78122	0.78128			6
2026.04.15	03:06:22.462	0.78121				2
2026.04.15	03:06:23.967		0.78127			4
2026.04.15	03:06:26.192		0.78128			4
2026.04.15	03:06:28.408	0.78122				2
2026.04.15	03:06:29.838	0.78120	0.78127			6
2026.04.15	03:06:30.138	0.78119				2
2026.04.15	03:06:34.748	0.78121				2
2026.04.15	03:06:35.648	0.78120				2
2026.04.15	03:06:35.949		0.78126			4
2026.04.15	03:06:36.251	0.78118	0.78124			6
2026.04.15	03:06:37.752	0.78121	0.78126			6
2026.04.15	03:06:38.052	0.78120				2
2026.04.15	03:06:39.113		0.78127			4
2026.04.15	03:06:39.736		0.78126			4
2026.04.15	03:06:41.595		0.78125			4
2026.04.15	03:06:41.895	0.78119				2
2026.04.15	03:06:43.805		0.78126			4
2026.04.15	03:06:44.653	0.78120				2
2026.04.15	03:06:44.952		0.78127			4
2026.04.15	03:06:45.882		0.78126			4
2026.04.15	03:06:48.204	0.78121				2
2026.04.15	03:06:49.602		0.78127			4
2026.04.15	03:06:51.833	0.78120				2
2026.04.15	03:07:00.539	0.78120	0.78126			6
2026.04.15	03:07:00.839	0.78119				2
2026.04.15	03:07:01.439	0.78120				2
2026.04.15	03:07:06.390		0.78125			4
2026.04.15	03:07:08.817	0.78118				2
2026.04.15	03:07:09.118	0.78117				2
2026.04.15	03:07:11.532		0.78124			4
2026.04.15	03:07:11.831	0.78119	0.78125			6
2026.04.15	03:07:18.076	0.78120				2
2026.04.15	03:07:18.376		0.78126			4
2026.04.15	03:07:20.355	0.78119	0.78124			6
2026.04.15	03:07:20.655	0.78120	0.78126			6
2026.04.15	03:07:23.024	0.78119	0.78125			6
2026.04.15	03:07:23.324		0.78126			4
2026.04.15	03:07:23.925		0.78125			4
2026.04.15	03:07:25.531	0.78120	0.78126			6
2026.04.15	03:07:28.396		0.78125			4
2026.04.15	03:07:28.997	0.78119				2
2026.04.15	03:07:35.269		0.78124			4
2026.04.15	03:07:36.132		0.78125			4
2026.04.15	03:07:38.474	0.78120				2
2026.04.15	03:07:40.735	0.78119				2
2026.04.15	03:07:44.545	0.78120	0.78126			6
2026.04.15	03:07:49.072	0.78123	0.78129			6
2026.04.15	03:07:54.176	0.78125	0.78131			6
2026.04.15	03:08:00.335	0.78125				2
2026.04.15	03:08:01.236		0.78127			4
2026.04.15	03:08:01.536		0.78131			4
2026.04.15	03:08:05.735		0.78130			4
2026.04.15	03:08:06.035		0.78131			4
2026.04.15	03:08:08.703		0.78130			4
2026.04.15	03:08:10.138		0.78131			4
2026.04.15	03:08:12.094		0.78130			4
2026.04.15	03:08:12.693	0.78124				2
2026.04.15	03:08:14.968	0.78125	0.78131			6
2026.04.15	03:08:18.594	0.78126				2
2026.04.15	03:08:19.271	0.78128	0.78133			6
2026.04.15	03:08:24.380		0.78134			4
2026.04.15	03:08:24.679		0.78133			4
2026.04.15	03:08:26.320		0.78134			4
2026.04.15	03:08:32.616	0.78127	0.78133			6
2026.04.15	03:08:33.811	0.78128				2
2026.04.15	03:08:35.325	0.78126				2
2026.04.15	03:08:49.191		0.78132			4
